<?xml version="1.0" encoding="UTF-8" standalone="yes"?>
<PcGts xmlns="http://schema.primaresearch.org/PAGE/gts/pagecontent/2013-07-15" xmlns:xsi="http://www.w3.org/2001/XMLSchema-instance" xsi:schemaLocation="http://schema.primaresearch.org/PAGE/gts/pagecontent/2013-07-15 http://schema.primaresearch.org/PAGE/gts/pagecontent/2013-07-15/pagecontent.xsd">
    <Metadata>
        <Creator>prov=University of Rostock/Institute of Mathematics/CITlab|PLANET AI GmbH/Gundram Leifert/gundram.leifert@planet-ai.de:name=Turmbücher 1(htr_id=38546)::::v=2.6.7
prov=University of Rostock/Institute of Mathematics/CITlab|PLANET AI GmbH/Tobias Gruening/tobias.gruening@planet-ai.de:name=de.uros.citlab.module.baseline2polygon.B2PSeamMultiOriented:v=2.6.7
prov=University of Rostock/Institute of Mathematics/CITlab|PLANET AI GmbH/Gundram Leifert/gundram.leifert@planet-ai.de:name=German_Kurrent_XVI-XVIII_M1(htr_id=19584)::::v=2.6.7
prov=University of Rostock/Institute of Mathematics/CITlab|PLANET AI GmbH/Tobias Gruening/tobias.gruening@planet-ai.de:name=de.uros.citlab.module.baseline2polygon.B2PSeamMultiOriented:v=2.6.7
prov=University of Rostock/Institute of Mathematics/CITlab|PLANET AI GmbH/Tobias Gruening/tobias.gruening@planet-ai.de:name=/net_tf/LA73_249_0mod360.pb:de.uros.citlab.segmentation.CITlab_LA_ML:v=2.6.6
prov=University of Rostock/Institute of Mathematics/CITlab|PLANET AI GmbH/Tobias Gruening/tobias.gruening@planet-ai.de:name=/net_tf/LA73_249_0mod360.pb:de.uros.citlab.segmentation.CITlab_LA_ML:v=2.6.6
Transkribus</Creator>
        <Created>2020-11-29T17:15:34.814+01:00</Created>
        <LastChange>2022-09-09T14:43:48.994+02:00</LastChange>
        <TranskribusMetadata docId="1334848" pageId="52362860" pageNr="79" tsid="114644729" status="IN_PROGRESS" userId="9570" imgUrl="https://files.transkribus.eu/Get?id=CDHHKKRYRAMVUFGZBBYZNWID&amp;fileType=view" xmlUrl="https://files.transkribus.eu/Get?id=IESFIPZACWXLGSHPDSUQEELO" imageId="17819494"/>
    </Metadata>
    <Page imageFilename="IMG_4631.jpg" imageWidth="3024" imageHeight="4032">
        <ReadingOrder>
            <OrderedGroup id="ro_1687513643869" caption="Regions reading order">
                <RegionRefIndexed index="0" regionRef="r1"/>
                <RegionRefIndexed index="1" regionRef="r2"/>
                <RegionRefIndexed index="2" regionRef="r3"/>
                <RegionRefIndexed index="3" regionRef="r4"/>
                <RegionRefIndexed index="4" regionRef="r5"/>
            </OrderedGroup>
        </ReadingOrder>
        <TextRegion orientation="0.0" id="r1" custom="readingOrder {index:0;}">
            <Coords points="131,1564 131,1954 270,1954 270,1564"/>
            <TextLine id="r1l1" custom="readingOrder {index:0;}">
                <Coords points="127,1699 145,1695 185,1658 202,1666 210,1665 196,1582 187,1584 175,1599 170,1597 157,1616 134,1634 117,1641"/>
                <Baseline points="131,1677 167,1667 203,1664"/>
                <TextEquiv>
                    <Unicode>1</Unicode>
                </TextEquiv>
            </TextLine>
            <TextLine id="r1l2" custom="readingOrder {index:1;}">
                <Coords points="133,1910 153,1915 184,1912 189,1906 216,1923 239,1913 245,1916 262,1900 277,1901 275,1856 258,1851 209,1820 193,1828 169,1818 130,1837"/>
                <Baseline points="140,1904 166,1902 192,1899 218,1898 244,1898 270,1899"/>
                <TextEquiv>
                    <Unicode>4.]</Unicode>
                </TextEquiv>
            </TextLine>
            <TextEquiv>
                <Unicode>1
4.]</Unicode>
            </TextEquiv>
        </TextRegion>
        <TextRegion orientation="0.0" id="r2" custom="readingOrder {index:1;}">
            <Coords points="170,175 170,780 308,780 308,175"/>
            <TextLine id="r2l1" custom="readingOrder {index:0;}">
                <Coords points="164,272 195,259 222,270 236,259 245,267 261,264 272,269 291,255 315,261 313,205 289,196 266,206 259,199 233,204 222,199 206,202 186,218 162,215"/>
                <Baseline points="170,257 197,257 225,256 252,255 280,254 308,254"/>
                <TextEquiv>
                    <Unicode>150.</Unicode>
                </TextEquiv>
            </TextLine>
            <TextLine id="r2l2" custom="readingOrder {index:1;}">
                <Coords points="190,439 212,436 224,442 238,437 244,445 257,446 293,442 304,302 294,302 289,296 266,301 219,327 212,320 199,320"/>
                <Baseline points="198,416 228,415 258,419 288,422"/>
                <TextEquiv>
                    <Unicode>1</Unicode>
                </TextEquiv>
            </TextLine>
            <TextLine id="r2l3" custom="readingOrder {index:2;}">
                <Coords points="191,760 200,757 219,763 225,757 234,762 241,755 259,758 266,753 280,762 313,760 308,669 298,669 293,675 265,653 234,669 210,658 185,659"/>
                <Baseline points="197,740 224,738 251,737 278,735 305,734"/>
                <TextEquiv>
                    <Unicode>[.</Unicode>
                </TextEquiv>
            </TextLine>
            <TextEquiv>
                <Unicode>150.
1
[.</Unicode>
            </TextEquiv>
        </TextRegion>
        <TextRegion orientation="0.0" id="r3" custom="readingOrder {index:2;}">
            <Coords points="326,251 326,2580 1464,2580 1464,251"/>
            <TextLine id="r3l1" custom="readingOrder {index:0;} person {offset:0; length:15;}">
                <Coords points="659,355 701,363 807,316 883,334 926,310 1036,363 1093,328 1251,350 1319,321 1321,291 1252,249 1192,292 1103,285 1037,226 667,228"/>
                <Baseline points="669,299 701,302 733,303 765,305 797,306 829,309 861,311 893,312 925,315 957,317 990,318 1022,320 1054,323 1086,325 1118,327 1150,330 1182,332 1214,334 1246,337 1278,339 1311,342"/>
                <TextEquiv>
                    <Unicode>Elsbeth Mormuth</Unicode>
                </TextEquiv>
            </TextLine>
            <TextLine id="r3l2" custom="readingOrder {index:1;}">
                <Coords points="381,435 507,447 542,486 701,435 976,479 1118,438 1458,495 1461,442 1240,364 889,404 815,360 387,333"/>
                <Baseline points="390,408 443,415 496,420 549,423 602,425 655,428 708,429 761,431 814,432 867,432 921,434 974,435 1027,437 1080,440 1133,444 1186,447 1239,452 1292,458 1345,466 1398,475 1452,486"/>
                <TextEquiv>
                    <Unicode>Was ihne unnanlaßet, dieses zu¬</Unicode>
                </TextEquiv>
            </TextLine>
            <TextLine id="r3l3" custom="readingOrder {index:2;}">
                <Coords points="371,538 472,511 615,518 663,569 828,523 1098,564 1239,545 1277,576 1379,550 1470,597 1473,529 1354,525 1260,463 1195,500 1121,448 1055,498 833,447 663,444 591,492 455,436 375,464"/>
                <Baseline points="380,495 434,500 488,505 542,508 596,510 651,513 705,515 759,516 813,518 867,518 922,521 976,522 1030,524 1084,527 1138,530 1193,534 1247,539 1301,546 1355,553 1409,562 1464,572"/>
                <TextEquiv>
                    <Unicode>athun, ob ihns niemans darzuo ver¬</Unicode>
                </TextEquiv>
            </TextLine>
            <TextLine id="r3l4" custom="readingOrder {index:3;}">
                <Coords points="362,623 383,621 422,593 455,622 491,592 516,590 540,604 599,590 636,605 640,516 574,518 551,533 528,525 506,535 469,511 438,521 384,562 365,561"/>
                <Baseline points="371,579 396,582 422,584 448,585 474,586 500,587 526,587 552,587 578,589 604,592 630,596"/>
                <TextEquiv>
                    <Unicode>nzüchet.</Unicode>
                </TextEquiv>
            </TextLine>
            <TextLine id="r3l5" custom="readingOrder {index:4;}">
                <Coords points="382,761 656,735 955,761 1020,804 1262,772 1435,810 1452,761 1406,769 1282,688 1007,734 920,691 867,718 744,639 593,702 386,678"/>
                <Baseline points="390,732 442,737 495,740 547,743 600,745 653,747 705,749 758,750 811,752 863,754 916,755 969,758 1021,759 1074,762 1127,764 1179,768 1232,772 1285,777 1337,783 1390,790 1443,797"/>
                <TextEquiv>
                    <Unicode>Aum 2 bim manss sondern es</Unicode>
                </TextEquiv>
            </TextLine>
            <TextLine id="r3l6" custom="readingOrder {index:5;}">
                <Coords points="371,843 1359,877 1407,873 1409,839 1334,791 1178,823 1105,783 965,787 901,819 816,774 770,810 647,759 374,761"/>
                <Baseline points="378,818 429,822 480,827 531,830 582,833 633,836 684,838 736,840 787,842 838,843 889,845 940,845 991,846 1042,848 1094,850 1145,851 1196,854 1247,857 1298,860 1349,864 1401,869"/>
                <TextEquiv>
                    <Unicode>habe solches gethan Bürlen us die</Unicode>
                </TextEquiv>
            </TextLine>
            <TextLine id="r3l7" custom="readingOrder {index:6;}">
                <Coords points="365,920 549,918 665,970 735,930 1399,954 1401,869 1096,899 985,850 917,894 841,865 616,904 536,833 367,865"/>
                <Baseline points="372,911 423,914 474,916 525,918 576,920 627,921 678,923 729,924 780,926 831,926 882,927 933,927 984,929 1035,930 1086,932 1137,933 1188,935 1239,937 1290,939 1341,942 1392,945"/>
                <TextEquiv>
                    <Unicode>kente mehr als Gott geförchtet.</Unicode>
                </TextEquiv>
            </TextLine>
            <TextLine id="r3l8" custom="readingOrder {index:7;}">
                <Coords points="341,1035 646,1006 791,1063 908,1026 1047,1080 1132,1034 1439,1038 1423,963 1326,1007 1267,961 1176,981 1066,942 915,981 518,923 344,947"/>
                <Baseline points="348,1004 402,1005 456,1007 510,1008 564,1010 618,1011 672,1011 727,1013 781,1015 835,1016 889,1017 943,1020 997,1022 1051,1023 1106,1025 1160,1028 1214,1029 1268,1032 1322,1035 1376,1038 1431,1040"/>
                <TextEquiv>
                    <Unicode>sonderlich, da es allezeil gelaugnet</Unicode>
                </TextEquiv>
            </TextLine>
            <TextLine id="r3l9" custom="readingOrder {index:8;}">
                <Coords points="355,1117 1452,1142 1454,1073 1279,1097 1221,1042 1036,1079 985,1045 934,1075 864,1033 799,1068 756,1040 688,1080 513,1012 357,1054"/>
                <Baseline points="363,1094 417,1097 471,1100 525,1101 579,1104 633,1105 687,1106 742,1107 796,1109 850,1109 904,1110 958,1111 1012,1112 1066,1113 1121,1115 1175,1117 1229,1119 1283,1122 1337,1124 1391,1128 1446,1133"/>
                <TextEquiv>
                    <Unicode>habe ns anglaubt, die lante mißind</Unicode>
                </TextEquiv>
            </TextLine>
            <TextLine id="r3l10" custom="readingOrder {index:9;}">
                <Coords points="364,1196 719,1195 797,1253 864,1208 1022,1205 1074,1243 1144,1209 1322,1248 1417,1226 1419,1174 1100,1189 1030,1122 950,1182 896,1138 658,1148 584,1109 520,1153 435,1112 366,1147"/>
                <Baseline points="371,1185 425,1187 480,1188 535,1190 589,1193 644,1194 699,1196 753,1197 808,1199 863,1202 917,1203 972,1205 1027,1206 1081,1208 1136,1210 1191,1212 1245,1214 1300,1215 1355,1217 1410,1218"/>
                <TextEquiv>
                    <Unicode>dann die wort zuruk nemmen mid</Unicode>
                </TextEquiv>
            </TextLine>
            <TextLine id="r3l11" custom="readingOrder {index:10;} person {offset:0; length:6;}">
                <Coords points="364,1283 780,1285 1100,1339 1187,1298 1376,1318 1414,1306 1416,1253 1209,1252 1142,1218 1030,1256 893,1210 776,1273 696,1216 602,1271 471,1203 365,1233"/>
                <Baseline points="371,1277 422,1278 474,1280 526,1282 578,1284 630,1286 681,1287 733,1289 785,1290 837,1293 889,1295 940,1295 992,1297 1044,1298 1096,1299 1148,1300 1199,1301 1251,1301 1303,1302 1355,1302 1407,1302"/>
                <TextEquiv>
                    <Unicode>Michen dur vatter deß kinds-</Unicode>
                </TextEquiv>
            </TextLine>
            <TextLine id="r3l12" custom="readingOrder {index:11;}">
                <Coords points="358,1415 703,1398 757,1441 942,1397 1050,1451 1247,1407 1385,1437 1450,1415 1451,1348 1209,1352 1154,1316 1064,1372 1004,1337 937,1360 885,1312 756,1372 657,1292 359,1364"/>
                <Baseline points="366,1380 419,1382 473,1382 527,1383 581,1385 635,1387 689,1388 742,1391 796,1392 850,1394 904,1395 958,1397 1012,1398 1066,1400 1119,1401 1173,1401 1227,1403 1281,1403 1335,1403 1389,1403 1443,1401"/>
                <TextEquiv>
                    <Unicode>ein frönden, habe es geforchtet, daß</Unicode>
                </TextEquiv>
            </TextLine>
            <TextLine id="r3l13" custom="readingOrder {index:12;}">
                <Coords points="370,1521 428,1504 496,1546 636,1491 726,1552 813,1512 888,1541 1017,1502 1099,1547 1198,1499 1345,1506 1345,1466 1304,1473 1229,1410 1081,1470 936,1399 848,1468 676,1407 371,1454"/>
                <Baseline points="378,1481 426,1482 474,1484 522,1485 570,1487 618,1488 666,1488 714,1490 762,1491 810,1493 858,1493 906,1494 954,1494 1002,1494 1050,1494 1098,1494 1146,1494 1194,1493 1242,1493 1290,1491 1338,1490"/>
                <TextEquiv>
                    <Unicode>man ihns loug schicken lonrde.</Unicode>
                </TextEquiv>
            </TextLine>
            <TextLine id="r3l14" custom="readingOrder {index:13;}">
                <Coords points="373,1672 508,1706 844,1664 896,1697 1014,1656 1085,1709 1222,1659 1396,1674 1396,1644 1260,1576 757,1636 631,1576 374,1579"/>
                <Baseline points="380,1659 430,1658 480,1658 531,1656 581,1656 632,1656 682,1656 733,1656 783,1658 834,1658 884,1658 934,1659 985,1659 1035,1661 1086,1661 1136,1662 1187,1662 1237,1664 1288,1664 1338,1665 1389,1665"/>
                <TextEquiv>
                    <Unicode>Obls sonsten nichts auch dem</Unicode>
                </TextEquiv>
            </TextLine>
            <TextLine id="r3l15" custom="readingOrder {index:14;}">
                <Coords points="346,1779 418,1767 441,1785 513,1759 608,1787 648,1759 682,1774 737,1754 767,1771 804,1753 804,1708 752,1675 660,1688 601,1725 518,1723 478,1693 442,1710 404,1685 346,1707"/>
                <Baseline points="353,1749 379,1748 405,1748 431,1748 457,1748 483,1748 509,1748 535,1748 561,1748 588,1748 614,1749 640,1749 666,1749 692,1749 718,1749 744,1749 770,1749 797,1748"/>
                <TextEquiv>
                    <Unicode>hartzen habe.</Unicode>
                </TextEquiv>
            </TextLine>
            <TextLine id="r3l16" custom="readingOrder {index:15;}">
                <Coords points="368,1932 550,1890 749,1931 1240,1899 1440,1929 1450,1832 1365,1860 1231,1809 1146,1855 765,1822 601,1849 560,1815 369,1840"/>
                <Baseline points="375,1892 428,1893 481,1894 535,1895 588,1896 642,1896 695,1896 748,1898 802,1898 855,1898 909,1898 962,1898 1015,1898 1069,1899 1122,1899 1176,1899 1229,1901 1282,1901 1336,1902 1389,1902 1443,1904"/>
                <TextEquiv>
                    <Unicode>nichts als dass es nicht den rechten</Unicode>
                </TextEquiv>
            </TextLine>
            <TextLine id="r3l17" custom="readingOrder {index:16;}">
                <Coords points="344,2014 1417,2022 1417,1966 1359,1926 1288,1977 1173,1943 918,1966 870,1930 811,1971 569,1978 481,1905 344,1951"/>
                <Baseline points="351,1994 406,1995 462,1995 518,1997 573,1997 629,1997 685,1997 741,1997 796,1997 852,1997 908,1997 964,1997 1019,1997 1075,1997 1131,1998 1187,1998 1242,1998 1298,2000 1354,2000 1410,2001"/>
                <TextEquiv>
                    <Unicode>vatter angegeben, massen dar¬</Unicode>
                </TextEquiv>
            </TextLine>
            <TextLine id="r3l18" custom="readingOrder {index:17;}">
                <Coords points="335,2117 725,2142 850,2105 901,2136 1029,2083 1152,2135 1312,2126 1312,2057 1258,2026 1145,2022 1060,2064 732,2028 663,2069 557,2069 463,2010 336,2053"/>
                <Baseline points="342,2088 390,2088 438,2088 486,2090 534,2090 582,2090 630,2090 679,2090 727,2090 775,2091 823,2091 871,2091 919,2091 967,2091 1016,2093 1064,2093 1112,2093 1160,2093 1208,2093 1256,2094 1305,2094"/>
                <TextEquiv>
                    <Unicode>rselben ein tischmacher gesell</Unicode>
                </TextEquiv>
            </TextLine>
            <TextLine id="r3l19" custom="readingOrder {index:18;}">
                <Coords points="332,2203 387,2234 506,2196 1166,2237 1235,2197 1376,2241 1429,2155 1190,2169 1007,2117 849,2166 684,2136 574,2172 411,2117 333,2156"/>
                <Baseline points="339,2195 393,2193 447,2192 501,2192 555,2192 609,2192 663,2193 717,2193 771,2193 825,2195 880,2196 934,2196 988,2198 1042,2198 1096,2199 1150,2199 1204,2199 1258,2199 1312,2199 1366,2199 1421,2198"/>
                <TextEquiv>
                    <Unicode>desen namen es nicht lasse, er</Unicode>
                </TextEquiv>
            </TextLine>
            <TextLine id="r3l20" custom="readingOrder {index:19;}">
                <Coords points="342,2311 462,2295 531,2336 614,2289 749,2290 958,2346 1017,2306 1136,2329 1386,2271 1385,2219 1255,2267 1066,2257 999,2216 892,2218 807,2273 710,2219 643,2260 422,2226 341,2252"/>
                <Baseline points="348,2292 399,2292 451,2291 502,2291 554,2291 605,2291 657,2291 708,2291 760,2291 811,2292 863,2292 915,2292 966,2292 1018,2292 1069,2291 1121,2291 1172,2289 1224,2288 1275,2287 1327,2285 1379,2282"/>
                <TextEquiv>
                    <Unicode>sölle auß dem klsass seyn nid</Unicode>
                </TextEquiv>
            </TextLine>
            <TextLine id="r3l21" custom="readingOrder {index:20;}">
                <Coords points="342,2421 478,2401 583,2460 670,2412 747,2441 815,2398 1032,2387 1123,2423 1255,2385 1254,2355 1162,2324 1051,2320 998,2363 765,2305 724,2332 630,2313 526,2373 472,2373 411,2322 341,2361"/>
                <Baseline points="348,2400 393,2399 438,2399 483,2397 528,2397 573,2396 618,2396 663,2394 708,2394 753,2394 798,2393 843,2393 888,2391 933,2391 978,2390 1023,2390 1068,2388 1113,2388 1158,2387 1203,2387 1248,2385"/>
                <TextEquiv>
                    <Unicode>dinne bey diser zu sorene.</Unicode>
                </TextEquiv>
            </TextLine>
            <TextLine id="r3l22" custom="readingOrder {index:21;}">
                <Coords points="320,2561 550,2551 630,2604 754,2542 875,2606 979,2550 1086,2610 1222,2609 1404,2504 1191,2458 1044,2512 972,2481 774,2518 642,2469 566,2526 458,2467 319,2514"/>
                <Baseline points="326,2556 379,2553 433,2552 486,2550 540,2549 593,2547 647,2547 700,2546 754,2546 807,2544 861,2544 915,2544 968,2543 1022,2543 1075,2543 1129,2543 1182,2541 1236,2541 1289,2541 1343,2540 1397,2540"/>
                <TextEquiv>
                    <Unicode>Actum de 22. Brachmonath H. 13.</Unicode>
                </TextEquiv>
            </TextLine>
            <TextEquiv>
                <Unicode>Elsbeth Mormuth
Was ihne unnanlaßet, dieses zu¬
athun, ob ihns niemans darzuo ver¬
nzüchet.
Aum 2 bim manss sondern es
habe solches gethan Bürlen us die
kente mehr als Gott geförchtet.
sonderlich, da es allezeil gelaugnet
habe ns anglaubt, die lante mißind
dann die wort zuruk nemmen mid
Michen dur vatter deß kinds-
ein frönden, habe es geforchtet, daß
man ihns loug schicken lonrde.
Obls sonsten nichts auch dem
hartzen habe.
nichts als dass es nicht den rechten
vatter angegeben, massen dar¬
rselben ein tischmacher gesell
desen namen es nicht lasse, er
sölle auß dem klsass seyn nid
dinne bey diser zu sorene.
Actum de 22. Brachmonath H. 13.</Unicode>
            </TextEquiv>
        </TextRegion>
        <TextRegion orientation="0.0" id="r4" custom="readingOrder {index:3;}">
            <Coords points="1557,242 1557,410 1638,410 1638,242"/>
            <TextLine id="r4l1" custom="readingOrder {index:0;}">
                <Coords points="1553,370 1561,369 1569,374 1573,371 1589,378 1610,355 1621,356 1628,344 1644,339 1631,286 1616,285 1591,292 1577,307 1570,306 1552,329 1544,330"/>
                <Baseline points="1557,360 1584,355 1611,347 1638,342"/>
                <TextEquiv>
                    <Unicode>15</Unicode>
                </TextEquiv>
            </TextLine>
            <TextEquiv>
                <Unicode>15</Unicode>
            </TextEquiv>
        </TextRegion>
        <TextRegion orientation="0.0" id="r5" custom="readingOrder {index:4;}">
            <Coords points="1788,331 1788,3719 2922,3719 2922,331"/>
            <TextLine id="r5l1" custom="readingOrder {index:0;} person {offset:0; length:14;}">
                <Coords points="1987,374 2110,399 2336,382 2370,410 2403,395 2628,430 2663,425 2669,335 2566,344 2485,318 2438,267 2195,345 2085,308 1989,338"/>
                <Baseline points="1994,374 2027,372 2060,372 2093,372 2126,374 2159,375 2192,377 2226,379 2259,381 2292,383 2325,386 2358,389 2391,391 2424,395 2458,398 2491,401 2524,404 2557,407 2590,410 2623,413 2657,416"/>
                <TextEquiv>
                    <Unicode>rinina Betheil</Unicode>
                </TextEquiv>
            </TextLine>
            <TextLine id="r5l2" custom="readingOrder {index:1;} person {offset:24; length:4; continued:true;}">
                <Coords points="1781,517 2222,528 2365,593 2444,541 2727,555 2777,598 2890,565 2893,517 2805,469 2675,491 2555,442 2009,450 1943,391 1785,443"/>
                <Baseline points="1788,519 1842,516 1897,515 1952,515 2007,515 2061,516 2116,519 2171,522 2226,526 2280,530 2335,534 2390,539 2445,543 2499,548 2554,552 2609,557 2664,560 2718,563 2773,566 2828,567 2883,567"/>
                <TextEquiv>
                    <Unicode>Wir Schultheiss Rathund bur¬</Unicode>
                </TextEquiv>
            </TextLine>
            <TextLine id="r5l3" custom="readingOrder {index:2;} person {offset:0; length:5; continued:true;}">
                <Coords points="1834,655 1978,594 2224,619 2265,660 2385,622 2739,652 2779,691 2832,657 2888,677 2892,618 2725,565 2641,613 2490,559 2380,603 2260,539 2208,567 2043,528 1841,551"/>
                <Baseline points="1845,594 1896,596 1948,597 2000,599 2052,601 2104,604 2156,607 2208,611 2260,614 2312,616 2364,620 2415,624 2467,628 2519,632 2571,635 2623,639 2675,642 2727,645 2779,649 2831,651 2883,654"/>
                <TextEquiv>
                    <Unicode>igere der Stadt herin erkundend hier¬</Unicode>
                </TextEquiv>
            </TextLine>
            <TextLine id="r5l4" custom="readingOrder {index:3;}">
                <Coords points="1837,703 2432,713 2484,745 2550,727 2595,772 2652,730 2871,751 2862,704 2448,666 2386,622 2213,660 2100,603 2045,640 1979,607 1840,652"/>
                <Baseline points="1845,684 1896,684 1947,686 1998,688 2049,690 2100,692 2151,693 2202,696 2253,698 2304,701 2355,703 2406,705 2457,709 2508,711 2559,715 2610,718 2661,720 2712,724 2763,727 2814,729 2865,732"/>
                <TextEquiv>
                    <Unicode>mit demnach wirauß abgelesener</Unicode>
                </TextEquiv>
            </TextLine>
            <TextLine id="r5l5" custom="readingOrder {index:4;}">
                <Coords points="1832,770 1970,769 2018,809 2196,781 2288,842 2366,789 2887,819 2883,751 2736,769 2639,735 2565,775 2438,735 2323,763 2187,698 2019,747 1903,687 1835,703"/>
                <Baseline points="1839,768 1891,768 1943,769 1995,770 2047,771 2099,774 2151,776 2203,778 2255,781 2307,784 2359,787 2411,790 2463,794 2515,796 2567,800 2619,803 2671,806 2723,809 2775,811 2827,813 2880,815"/>
                <TextEquiv>
                    <Unicode>verdicht und froglilliger bekandtnus</Unicode>
                </TextEquiv>
            </TextLine>
            <TextLine id="r5l6" custom="readingOrder {index:5;}">
                <Coords points="1846,852 1971,862 2008,901 2078,861 2266,861 2374,936 2469,880 2518,921 2575,883 2886,912 2889,842 2840,833 2747,859 2671,818 2603,854 2334,800 2273,849 2072,785 1945,835 1850,784"/>
                <Baseline points="1854,848 1905,849 1956,850 2007,852 2059,853 2110,855 2161,858 2213,860 2264,863 2315,864 2367,868 2418,870 2469,873 2520,876 2572,879 2623,882 2674,885 2726,888 2777,891 2828,894 2880,897"/>
                <TextEquiv>
                    <Unicode>die er hier vor recht zehanden wol¬</Unicode>
                </TextEquiv>
            </TextLine>
            <TextLine id="r5l7" custom="readingOrder {index:6;} person {offset:10; length:15;}">
                <Coords points="1833,986 2051,941 2184,989 2225,953 2326,955 2408,1011 2551,965 2871,1004 2893,916 2775,934 2711,887 2593,884 2517,922 2463,882 2337,929 2175,874 2025,918 1963,860 1838,869"/>
                <Baseline points="1842,936 1894,936 1946,936 1998,937 2050,938 2102,939 2154,941 2206,944 2258,947 2310,949 2362,952 2414,954 2466,957 2518,961 2570,965 2622,966 2674,970 2726,972 2778,975 2830,977 2883,978"/>
                <TextEquiv>
                    <Unicode>tthaterin Sahmans Ehrbeth vermutz</Unicode>
                </TextEquiv>
            </TextLine>
            <TextLine id="r5l8" custom="readingOrder {index:7;} place {offset:13; length:9;}">
                <Coords points="1839,1056 1951,1031 2022,1077 2169,1036 2335,1075 2494,1041 2756,1105 2805,1067 2886,1093 2890,1016 2783,1028 2556,974 2409,1011 2266,964 2176,1004 2022,952 1842,985"/>
                <Baseline points="1847,1023 1898,1023 1950,1025 2001,1026 2053,1028 2105,1030 2156,1032 2208,1035 2260,1037 2311,1040 2363,1043 2415,1045 2466,1047 2518,1050 2570,1053 2621,1056 2673,1058 2725,1062 2776,1065 2828,1068 2880,1070"/>
                <TextEquiv>
                    <Unicode>gebürtig von Schügbach ants Signau¬</Unicode>
                </TextEquiv>
            </TextLine>
            <TextLine id="r5l9" custom="readingOrder {index:8;}">
                <Coords points="1834,1133 1948,1113 2106,1175 2181,1126 2352,1156 2424,1121 2542,1181 2675,1144 2800,1204 2889,1166 2891,1123 2838,1081 2597,1109 2547,1061 2230,1100 2096,1047 1836,1067"/>
                <Baseline points="1842,1109 1894,1110 1946,1113 1998,1115 2050,1116 2102,1118 2154,1121 2206,1122 2258,1124 2310,1126 2362,1128 2414,1130 2466,1132 2518,1134 2570,1137 2622,1139 2674,1142 2726,1145 2778,1148 2830,1151 2883,1154"/>
                <TextEquiv>
                    <Unicode>buy 28. jahren alters mit grosser bef</Unicode>
                </TextEquiv>
            </TextLine>
            <TextLine id="r5l10" custom="readingOrder {index:9;}">
                <Coords points="1825,1222 2862,1241 2863,1209 2732,1173 2677,1204 2585,1163 2517,1194 2243,1190 2162,1138 2068,1184 1996,1141 1950,1177 1827,1167"/>
                <Baseline points="1833,1197 1884,1199 1935,1200 1986,1201 2037,1202 2088,1203 2139,1205 2191,1206 2242,1208 2293,1209 2344,1211 2395,1212 2446,1214 2497,1215 2549,1217 2600,1218 2651,1221 2702,1223 2753,1225 2804,1227 2856,1229"/>
                <TextEquiv>
                    <Unicode>trebnns vernemmen musen lods</Unicode>
                </TextEquiv>
            </TextLine>
            <TextLine id="r5l11" custom="readingOrder {index:10;}">
                <Coords points="1847,1284 2085,1288 2148,1322 2264,1294 2370,1327 2553,1313 2647,1354 2701,1323 2780,1359 2834,1322 2898,1334 2900,1284 2813,1247 2754,1283 2538,1243 2487,1272 2369,1226 2151,1225 2085,1266 1993,1229 1848,1239"/>
                <Baseline points="1854,1277 1905,1279 1957,1281 2009,1283 2061,1285 2113,1287 2165,1289 2217,1292 2269,1293 2321,1295 2373,1298 2424,1300 2476,1302 2528,1304 2580,1305 2632,1308 2684,1310 2736,1312 2788,1314 2840,1316 2892,1317"/>
                <TextEquiv>
                    <Unicode>massen diese Maleficanten sich an ihrer</Unicode>
                </TextEquiv>
            </TextLine>
            <TextLine id="r5l12" custom="readingOrder {index:11;}">
                <Coords points="1824,1373 1970,1412 2023,1382 2235,1393 2372,1439 2413,1408 2584,1442 2705,1397 2877,1410 2844,1374 2659,1348 2459,1370 2388,1316 2260,1353 2117,1304 2036,1355 1916,1291 1826,1334"/>
                <Baseline points="1832,1368 1886,1370 1941,1371 1996,1373 2050,1374 2105,1376 2160,1378 2214,1380 2269,1383 2324,1386 2378,1388 2433,1391 2488,1392 2542,1395 2597,1396 2652,1398 2706,1398 2761,1398 2816,1398 2871,1398"/>
                <TextEquiv>
                    <Unicode>Vubrg aprilis Lesthini dransen in</Unicode>
                </TextEquiv>
            </TextLine>
            <TextLine id="r5l13" custom="readingOrder {index:12;}">
                <Coords points="1835,1460 2178,1505 2224,1473 2566,1485 2650,1533 2890,1490 2891,1441 2841,1416 2758,1460 2668,1418 2576,1452 2426,1409 2351,1443 2258,1396 2180,1440 2060,1385 1954,1427 1837,1405"/>
                <Baseline points="1842,1451 1894,1454 1946,1456 1998,1458 2050,1461 2102,1463 2154,1464 2206,1466 2258,1469 2310,1470 2362,1472 2414,1473 2466,1475 2518,1476 2570,1477 2622,1478 2674,1479 2726,1481 2778,1481 2830,1482 2883,1482"/>
                <TextEquiv>
                    <Unicode>der weissen stein radtem erzeügten</Unicode>
                </TextEquiv>
            </TextLine>
            <TextLine id="r5l14" custom="readingOrder {index:13;}">
                <Coords points="1834,1549 1928,1605 1985,1556 2039,1588 2106,1548 2328,1597 2404,1567 2467,1598 2524,1562 2809,1599 2875,1575 2876,1548 2768,1544 2730,1506 2660,1541 2579,1498 2476,1526 2395,1484 2344,1514 2309,1478 2164,1526 2012,1480 1910,1518 1837,1492"/>
                <Baseline points="1842,1538 1893,1539 1944,1541 1995,1542 2047,1544 2098,1545 2149,1547 2201,1550 2252,1551 2303,1553 2355,1556 2406,1557 2457,1560 2508,1562 2560,1564 2611,1565 2662,1568 2714,1569 2765,1572 2816,1574 2868,1575"/>
                <TextEquiv>
                    <Unicode>anehelichen leibsn frucht vorgessen</Unicode>
                </TextEquiv>
            </TextLine>
            <TextLine id="r5l15" custom="readingOrder {index:14;}">
                <Coords points="1841,1626 2023,1681 2198,1634 2741,1700 2896,1673 2898,1624 2670,1584 2618,1625 2379,1582 2321,1613 2266,1565 2104,1559 1842,1599"/>
                <Baseline points="1848,1622 1900,1623 1952,1625 2004,1627 2056,1629 2108,1631 2160,1632 2212,1634 2264,1635 2316,1638 2368,1640 2420,1642 2472,1644 2524,1647 2576,1650 2628,1653 2680,1656 2732,1660 2784,1663 2836,1667 2889,1671"/>
                <TextEquiv>
                    <Unicode>und sich eines rinder Moris theilhafftig</Unicode>
                </TextEquiv>
            </TextLine>
            <TextLine id="r5l16" custom="readingOrder {index:15;}">
                <Coords points="1835,1748 1902,1716 2007,1753 2129,1709 2812,1760 2881,1746 2884,1676 2748,1713 2612,1676 2558,1712 2425,1656 2339,1688 2247,1651 2165,1695 2105,1642 2028,1689 1838,1665"/>
                <Baseline points="1844,1707 1895,1707 1947,1709 1998,1709 2050,1710 2101,1711 2153,1712 2204,1713 2256,1715 2307,1716 2359,1718 2410,1719 2462,1722 2513,1724 2565,1726 2616,1728 2668,1731 2719,1734 2771,1737 2822,1740 2874,1743"/>
                <TextEquiv>
                    <Unicode>gemachet, idemme sie in denen mit</Unicode>
                </TextEquiv>
            </TextLine>
            <TextLine id="r5l17" custom="readingOrder {index:16;}">
                <Coords points="1828,1831 1912,1820 1949,1854 2277,1797 2445,1814 2511,1860 2605,1816 2750,1885 2806,1833 2888,1842 2889,1806 2629,1738 2516,1782 2339,1730 1984,1776 1867,1729 1830,1753"/>
                <Baseline points="1835,1802 1887,1800 1939,1800 1992,1800 2044,1799 2096,1799 2149,1799 2201,1800 2253,1800 2306,1801 2358,1802 2410,1803 2463,1805 2515,1806 2567,1808 2620,1811 2672,1813 2724,1816 2777,1820 2829,1823 2882,1827"/>
                <TextEquiv>
                    <Unicode>ihra gehaltenen examin, guthillig ein</Unicode>
                </TextEquiv>
            </TextLine>
            <TextLine id="r5l18" custom="readingOrder {index:17;}">
                <Coords points="1834,1917 1921,1880 2104,1929 2173,1893 2347,1915 2442,1889 2587,1947 2641,1914 2856,1910 2858,1854 2461,1865 2387,1821 2079,1857 1896,1832 1835,1863"/>
                <Baseline points="1842,1883 1892,1881 1942,1881 1993,1881 2043,1881 2094,1881 2144,1881 2194,1883 2245,1883 2295,1884 2346,1885 2396,1886 2446,1887 2497,1890 2547,1892 2598,1893 2648,1895 2698,1896 2749,1898 2799,1899 2850,1901"/>
                <TextEquiv>
                    <Unicode>ohne einiche marter außgesagt und</Unicode>
                </TextEquiv>
            </TextLine>
            <TextLine id="r5l19" custom="readingOrder {index:18;}">
                <Coords points="1835,2002 2156,1975 2449,2029 2538,1985 2878,1996 2879,1953 2705,1954 2668,1919 2610,1957 2327,1906 2114,1946 2065,1912 1985,1949 1936,1910 1836,1921"/>
                <Baseline points="1842,1971 1893,1971 1944,1971 1996,1971 2047,1971 2099,1973 2150,1973 2202,1974 2253,1974 2305,1976 2356,1976 2407,1977 2459,1977 2510,1979 2562,1979 2613,1979 2665,1980 2716,1980 2768,1980 2819,1980 2871,1979"/>
                <TextEquiv>
                    <Unicode>gestanden, die habe sich von sinem</Unicode>
                </TextEquiv>
            </TextLine>
            <TextLine id="r5l20" custom="readingOrder {index:19;}">
                <Coords points="1822,2095 1990,2064 2158,2068 2221,2107 2443,2066 2880,2084 2880,2049 2722,2029 2669,1978 2427,2040 2248,1995 2099,2040 1823,2024"/>
                <Baseline points="1830,2063 1882,2063 1934,2063 1986,2063 2038,2063 2090,2063 2142,2063 2195,2063 2247,2063 2299,2063 2351,2063 2403,2064 2455,2064 2507,2065 2560,2066 2612,2067 2664,2067 2716,2069 2768,2070 2820,2072 2873,2073"/>
                <TextEquiv>
                    <Unicode>hier in arbeith stehenden frömden.</Unicode>
                </TextEquiv>
            </TextLine>
            <TextLine id="r5l21" custom="readingOrder {index:20;}">
                <Coords points="1829,2158 2038,2160 2078,2192 2140,2150 2255,2196 2301,2166 2414,2158 2470,2192 2547,2163 2615,2213 2664,2171 2832,2172 2833,2133 2620,2136 2503,2076 2409,2126 2323,2095 2082,2122 1896,2067 1830,2086"/>
                <Baseline points="1836,2148 1885,2148 1934,2148 1984,2148 2033,2150 2083,2150 2132,2150 2182,2151 2231,2151 2281,2152 2330,2153 2379,2153 2429,2154 2478,2154 2528,2154 2577,2156 2627,2156 2676,2156 2726,2157 2775,2157 2825,2157"/>
                <TextEquiv>
                    <Unicode>tischmacher gesellen schlangeren</Unicode>
                </TextEquiv>
            </TextLine>
            <TextLine id="r5l22" custom="readingOrder {index:21;}">
                <Coords points="1829,2278 1935,2233 2080,2238 2127,2276 2350,2243 2589,2301 2669,2251 2892,2268 2893,2225 2680,2185 2607,2212 2576,2180 2405,2218 2331,2167 2233,2213 2156,2171 2000,2213 1831,2178"/>
                <Baseline points="1836,2228 1888,2228 1941,2229 1993,2229 2046,2231 2098,2231 2151,2232 2203,2234 2256,2234 2308,2235 2361,2237 2413,2238 2466,2239 2518,2240 2571,2241 2623,2243 2676,2244 2728,2245 2781,2246 2833,2247 2886,2249"/>
                <TextEquiv>
                    <Unicode>lassen habe ihre schlangerschafft Mania¬</Unicode>
                </TextEquiv>
            </TextLine>
            <TextLine id="r5l23" custom="readingOrder {index:22;}">
                <Coords points="1818,2352 1983,2325 2032,2364 2187,2325 2369,2369 2423,2327 2509,2392 2609,2339 2723,2396 2880,2343 2881,2296 2656,2257 2586,2303 2532,2264 2423,2287 2280,2245 2071,2281 2006,2235 1819,2279"/>
                <Baseline points="1826,2313 1878,2315 1930,2316 1983,2318 2035,2318 2087,2319 2140,2319 2192,2319 2244,2319 2297,2321 2349,2321 2401,2321 2454,2322 2506,2322 2558,2324 2611,2325 2663,2326 2715,2328 2768,2331 2820,2334 2873,2337"/>
                <TextEquiv>
                    <Unicode>lich verhaltt und abgelaugnet, gesagten</Unicode>
                </TextEquiv>
            </TextLine>
            <TextLine id="r5l24" custom="readingOrder {index:23;}">
                <Coords points="1836,2438 1923,2407 1965,2440 2307,2410 2376,2465 2433,2419 2541,2414 2618,2461 2668,2426 2827,2430 2828,2389 2572,2363 2522,2396 2392,2386 2329,2341 2277,2367 2197,2347 2151,2382 1986,2335 1924,2384 1838,2355"/>
                <Baseline points="1844,2403 1892,2405 1941,2406 1990,2406 2039,2408 2088,2408 2136,2408 2185,2408 2234,2409 2283,2409 2332,2409 2380,2409 2429,2411 2478,2411 2527,2412 2576,2413 2624,2415 2673,2417 2722,2418 2771,2422 2820,2424"/>
                <TextEquiv>
                    <Unicode>29. Aprilis deß morgens nach hrer</Unicode>
                </TextEquiv>
            </TextLine>
            <TextLine id="r5l25" custom="readingOrder {index:24;}">
                <Coords points="2830,2442 2854,2438 2862,2443 2869,2442 2861,2386 2853,2387 2849,2391 2844,2391 2829,2384 2822,2385"/>
                <Baseline points="2835,2427 2859,2424"/>
                <TextEquiv>
                    <Unicode>2</Unicode>
                </TextEquiv>
            </TextLine>
            <TextLine id="r5l26" custom="readingOrder {index:25;}">
                <Coords points="1826,2518 1952,2497 2064,2541 2136,2489 2284,2494 2357,2549 2437,2499 2489,2532 2610,2503 2855,2531 2916,2520 2917,2460 2697,2423 2580,2473 2456,2418 2376,2465 2193,2421 2150,2459 2072,2436 2010,2468 1827,2422"/>
                <Baseline points="1833,2493 1886,2495 1940,2495 1994,2496 2048,2496 2102,2496 2155,2495 2209,2495 2263,2495 2317,2495 2371,2493 2424,2493 2478,2495 2532,2495 2586,2496 2640,2498 2693,2499 2747,2502 2801,2506 2855,2510 2909,2514"/>
                <TextEquiv>
                    <Unicode>ihren seye die nach vorharn verspürtenn</Unicode>
                </TextEquiv>
            </TextLine>
            <TextLine id="r5l27" custom="readingOrder {index:26;}">
                <Coords points="1836,2591 1959,2614 2032,2585 2078,2623 2245,2583 2345,2636 2430,2584 2477,2615 2587,2587 2877,2608 2877,2554 2731,2525 2552,2513 2479,2556 2364,2552 2274,2495 2029,2548 1920,2506 1836,2531"/>
                <Baseline points="1842,2576 1893,2577 1944,2577 1996,2579 2047,2579 2099,2579 2150,2579 2201,2579 2253,2579 2304,2579 2356,2579 2407,2580 2458,2580 2510,2580 2561,2582 2613,2582 2664,2583 2715,2585 2767,2587 2818,2589 2870,2592"/>
                <TextEquiv>
                    <Unicode>tch locher kinds genesen, da sie dan</Unicode>
                </TextEquiv>
            </TextLine>
            <TextLine id="r5l28" custom="readingOrder {index:27;} person {offset:4; length:11;}">
                <Coords points="1820,2665 1948,2668 2043,2715 2270,2663 2413,2715 2517,2667 2669,2699 2875,2673 2875,2641 2746,2612 2551,2638 2418,2589 2311,2642 1979,2598 1820,2624"/>
                <Baseline points="1826,2663 1878,2663 1930,2663 1982,2663 2034,2663 2086,2663 2138,2663 2190,2663 2242,2663 2294,2663 2347,2663 2399,2663 2451,2663 2503,2663 2555,2663 2607,2663 2659,2663 2711,2663 2763,2663 2815,2664 2868,2664"/>
                <TextEquiv>
                    <Unicode>der Rabelschnur mit sinem messer</Unicode>
                </TextEquiv>
            </TextLine>
            <TextLine id="r5l29" custom="readingOrder {index:28;}">
                <Coords points="1827,2753 1920,2784 1972,2752 2071,2805 2213,2745 2553,2782 2609,2748 2647,2779 2914,2760 2914,2711 2816,2677 2313,2719 2044,2715 1943,2671 1886,2711 1827,2696"/>
                <Baseline points="1833,2741 1886,2741 1940,2741 1994,2741 2047,2741 2101,2741 2155,2739 2208,2739 2262,2739 2316,2738 2370,2738 2423,2736 2477,2736 2531,2736 2584,2736 2638,2736 2692,2738 2745,2739 2799,2742 2853,2745 2907,2748"/>
                <TextEquiv>
                    <Unicode>entzleg gehanen nur ohne solche zu ver¬</Unicode>
                </TextEquiv>
            </TextLine>
            <TextLine id="r5l30" custom="readingOrder {index:29;}">
                <Coords points="1822,2842 1995,2831 2067,2866 2127,2828 2332,2822 2466,2861 2654,2830 2775,2838 2856,2895 2929,2879 2930,2784 2810,2757 2674,2752 2620,2800 2188,2758 2043,2807 1823,2765"/>
                <Baseline points="1830,2829 1884,2828 1939,2827 1993,2826 2048,2825 2103,2825 2157,2823 2212,2823 2266,2823 2321,2822 2376,2822 2430,2823 2485,2823 2539,2823 2594,2825 2649,2826 2703,2829 2758,2832 2812,2835 2867,2839 2922,2843"/>
                <TextEquiv>
                    <Unicode>binden ihr lobendig zebohnnes kind vorsetzen</Unicode>
                </TextEquiv>
            </TextLine>
            <TextLine id="r5l31" custom="readingOrder {index:30;}">
                <Coords points="1829,2916 1895,2939 1995,2902 2143,2941 2235,2906 2729,2910 2804,2950 2907,2928 2909,2826 2837,2879 2654,2839 2570,2877 2500,2836 2377,2860 2337,2824 2238,2874 2145,2835 2001,2887 1877,2847 1830,2876"/>
                <Baseline points="1836,2906 1889,2906 1942,2906 1995,2904 2049,2904 2102,2904 2155,2904 2208,2904 2262,2904 2315,2904 2368,2904 2421,2906 2475,2906 2528,2907 2581,2909 2634,2910 2688,2912 2741,2915 2794,2917 2847,2919 2901,2924"/>
                <TextEquiv>
                    <Unicode>mlicher loche zuo bod bluten und unbesor¬</Unicode>
                </TextEquiv>
            </TextLine>
            <TextLine id="r5l32" custom="readingOrder {index:31;} person {offset:22; length:9;}">
                <Coords points="1829,3044 1876,3007 1947,3031 2118,2993 2261,3031 2354,2985 2509,3047 2572,2998 2776,3039 2872,3001 2872,2957 2686,2915 2524,2962 2458,2935 2382,2958 2305,2917 2234,2961 2164,2932 2120,2959 1941,2912 1829,2963"/>
                <Baseline points="1836,2993 1887,2991 1938,2990 1990,2989 2041,2988 2093,2987 2144,2987 2196,2985 2247,2985 2299,2985 2350,2985 2401,2985 2453,2985 2504,2987 2556,2987 2607,2988 2659,2990 2710,2991 2762,2994 2813,2997 2865,2999"/>
                <TextEquiv>
                    <Unicode>get zesterben lassen, Nachborts solches</Unicode>
                </TextEquiv>
            </TextLine>
            <TextLine id="r5l33" custom="readingOrder {index:32;}">
                <Coords points="1835,3078 1927,3115 2159,3078 2235,3131 2468,3068 2691,3117 2734,3085 2928,3091 2929,3042 2858,3007 2786,3053 2740,3015 2662,3050 2572,2998 2500,3051 2351,2994 2260,3031 2206,2998 2147,3037 2102,2998 1836,3044"/>
                <Baseline points="1842,3068 1898,3069 1955,3069 2012,3069 2069,3069 2125,3069 2182,3069 2239,3069 2296,3069 2353,3071 2409,3071 2466,3071 2523,3072 2580,3073 2637,3074 2693,3075 2750,3077 2807,3079 2864,3081 2921,3084"/>
                <TextEquiv>
                    <Unicode>in ein fürtuoch gethan nnd in ein gfen</Unicode>
                </TextEquiv>
            </TextLine>
            <TextLine id="r5l34" custom="readingOrder {index:33;}">
                <Coords points="1808,3185 2289,3157 2462,3163 2504,3200 2697,3169 2747,3215 2795,3173 2871,3202 2872,3129 2713,3101 2677,3126 2615,3088 2516,3122 2386,3078 2226,3138 2032,3098 1942,3133 1870,3090 1809,3107"/>
                <Baseline points="1815,3156 1867,3156 1920,3155 1972,3155 2025,3155 2077,3155 2130,3155 2182,3155 2235,3155 2287,3155 2340,3155 2392,3156 2445,3158 2497,3158 2550,3161 2602,3162 2655,3164 2707,3166 2760,3169 2812,3171 2865,3176"/>
                <TextEquiv>
                    <Unicode>scheürlin miner das sprohn verborgen,</Unicode>
                </TextEquiv>
            </TextLine>
            <TextLine id="r5l35" custom="readingOrder {index:34;}">
                <Coords points="1810,3296 1889,3250 2308,3240 2464,3272 2705,3256 2830,3298 2879,3277 2880,3206 2832,3186 2773,3232 2538,3185 2436,3220 2357,3165 2262,3207 2049,3167 1989,3209 1870,3175 1811,3208"/>
                <Baseline points="1818,3245 1870,3245 1923,3245 1976,3243 2029,3243 2081,3243 2134,3242 2187,3242 2240,3242 2292,3242 2345,3242 2398,3243 2451,3243 2503,3243 2556,3245 2609,3246 2662,3248 2714,3249 2767,3252 2820,3255 2873,3258"/>
                <TextEquiv>
                    <Unicode>hiemit als eine trenlose muoter sich</Unicode>
                </TextEquiv>
            </TextLine>
            <TextLine id="r5l36" custom="readingOrder {index:35;}">
                <Coords points="1815,3326 1937,3366 2119,3323 2301,3358 2464,3338 2572,3386 2617,3351 2824,3349 2825,3305 2760,3263 2582,3303 2497,3255 2357,3252 2310,3284 2263,3247 2200,3275 2158,3247 2058,3298 1979,3256 1912,3299 1815,3297"/>
                <Baseline points="1821,3321 1870,3322 1920,3323 1970,3324 2020,3324 2070,3326 2119,3326 2169,3326 2219,3327 2269,3327 2319,3329 2368,3329 2418,3329 2468,3330 2518,3330 2568,3332 2617,3333 2667,3333 2717,3335 2767,3336 2817,3338"/>
                <TextEquiv>
                    <Unicode>an ihrer leibsfrucht vergrieden</Unicode>
                </TextEquiv>
            </TextLine>
            <TextLine id="r5l37" custom="readingOrder {index:36;}">
                <Coords points="1816,3416 2105,3462 2187,3415 2433,3458 2483,3420 2535,3463 2663,3441 2702,3482 2768,3433 2906,3448 2907,3392 2814,3352 2708,3404 2626,3351 2552,3400 2452,3349 2224,3390 2165,3341 2112,3374 1818,3350"/>
                <Baseline points="1823,3405 1876,3407 1930,3407 1984,3407 2038,3407 2092,3408 2146,3410 2199,3410 2253,3411 2307,3413 2361,3414 2415,3416 2469,3417 2523,3419 2576,3421 2630,3423 2684,3425 2738,3428 2792,3430 2846,3433 2900,3435"/>
                <TextEquiv>
                    <Unicode>unnd solche hannlich abzuschaden getrachen.</Unicode>
                </TextEquiv>
            </TextLine>
            <TextLine id="r5l38" custom="readingOrder {index:37;}">
                <Coords points="1813,3503 1892,3529 2050,3492 2227,3543 2295,3498 2560,3496 2723,3538 2868,3502 2869,3434 2579,3482 2497,3423 2337,3472 2182,3415 2067,3479 1884,3417 1813,3464"/>
                <Baseline points="1820,3492 1872,3492 1924,3492 1976,3491 2028,3491 2080,3491 2132,3491 2184,3492 2236,3492 2288,3492 2340,3492 2392,3493 2444,3494 2496,3494 2548,3495 2600,3495 2652,3496 2704,3497 2756,3497 2808,3498 2861,3500"/>
                <TextEquiv>
                    <Unicode>stet habe. Nachdeme wir min houben</Unicode>
                </TextEquiv>
            </TextLine>
            <TextLine id="r5l39" custom="readingOrder {index:38;}">
                <Coords points="1811,3634 1929,3589 2000,3635 2092,3633 2151,3588 2293,3616 2556,3595 2660,3635 2856,3607 2857,3504 2740,3548 2651,3501 2578,3546 2490,3515 2428,3550 2303,3499 2243,3546 2122,3514 2028,3561 1933,3504 1895,3533 1812,3502"/>
                <Baseline points="1818,3587 1869,3585 1921,3585 1972,3585 2024,3584 2075,3584 2127,3584 2178,3584 2230,3584 2281,3584 2333,3584 2385,3584 2436,3585 2488,3585 2539,3585 2591,3587 2642,3588 2694,3590 2745,3591 2797,3593 2849,3594"/>
                <TextEquiv>
                    <Unicode>And beg eyden versamlet, als habend</Unicode>
                </TextEquiv>
            </TextLine>
            <TextLine id="r5l40" custom="readingOrder {index:39;}">
                <Coords points="2756,3715 2792,3710 2810,3725 2845,3722 2855,3714 2872,3717 2872,3632 2821,3614 2810,3624 2799,3628 2785,3625 2767,3640 2756,3639"/>
                <Baseline points="2763,3699 2788,3699 2814,3699 2839,3699 2865,3699"/>
                <TextEquiv>
                    <Unicode>Weie</Unicode>
                </TextEquiv>
            </TextLine>
            <TextEquiv>
                <Unicode>rinina Betheil
Wir Schultheiss Rathund bur¬
igere der Stadt herin erkundend hier¬
mit demnach wirauß abgelesener
verdicht und froglilliger bekandtnus
die er hier vor recht zehanden wol¬
tthaterin Sahmans Ehrbeth vermutz
gebürtig von Schügbach ants Signau¬
buy 28. jahren alters mit grosser bef
trebnns vernemmen musen lods
massen diese Maleficanten sich an ihrer
Vubrg aprilis Lesthini dransen in
der weissen stein radtem erzeügten
anehelichen leibsn frucht vorgessen
und sich eines rinder Moris theilhafftig
gemachet, idemme sie in denen mit
ihra gehaltenen examin, guthillig ein
ohne einiche marter außgesagt und
gestanden, die habe sich von sinem
hier in arbeith stehenden frömden.
tischmacher gesellen schlangeren
lassen habe ihre schlangerschafft Mania¬
lich verhaltt und abgelaugnet, gesagten
29. Aprilis deß morgens nach hrer
2
ihren seye die nach vorharn verspürtenn
tch locher kinds genesen, da sie dan
der Rabelschnur mit sinem messer
entzleg gehanen nur ohne solche zu ver¬
binden ihr lobendig zebohnnes kind vorsetzen
mlicher loche zuo bod bluten und unbesor¬
get zesterben lassen, Nachborts solches
in ein fürtuoch gethan nnd in ein gfen
scheürlin miner das sprohn verborgen,
hiemit als eine trenlose muoter sich
an ihrer leibsfrucht vergrieden
unnd solche hannlich abzuschaden getrachen.
stet habe. Nachdeme wir min houben
And beg eyden versamlet, als habend
Weie</Unicode>
            </TextEquiv>
        </TextRegion>
    </Page>
</PcGts>
