3024 4032
49 271 168 361 44.
344 405 1442 553 es lieder sein sigen Gebissen reden, es stete
347 496 1456 645 in Gotters gandund seyein der hochen beide¬
347 565 1435 714 keit debalt, man könne mit ihme verfahren
346 658 1439 779 hin mann sölle es habe einmahlen alles enß¬
328 724 1419 871 gesagt und bekennet, das es geloußt, Es habe
335 798 1435 955 leider nur noch zu viel gehaltet, bätter aber
352 901 631 1004 ein gnad.
344 990 1155 1144 Actum den 11. pri 41.
511 1181 1265 1324 Wrinnnal Ahrtheil
323 1324 1357 1487 Wir schuldheiss raht und
366 1434 1408 1561 Burger der statt Buen erkund
361 1511 1334 1627 din sinnit demnach vir von
365 1575 1366 1699 missenn ants man zu Thorburg
374 1654 1413 1784 uiberichtet worden was maasenn
359 1747 1340 1873 diese hier vor ruchst tehunden
348 1800 1357 1938 Abelthatnein, nohmans Elssbett
350 1883 1362 2048 Obergart, gebuhetig miß dem
345 1980 1420 2122 nrauchthal, dum 5. july lutz hin
351 2052 1394 2215 vor deß Kufens Peter Maur
335 2140 1429 2299 Jhofers Buhansung eines mehrn
349 2223 1336 2376 lichen kinds minburgekommen,
357 2303 1450 2440 lerlehns man am Haubt zur küir,
337 2374 1398 2511 tschet und übel mißhandlich in
357 2464 1382 2571 einem sack ningebicklüt ge¬
340 2541 1429 2686 funden hat, Worauf die muottler
339 2615 1320 2767 gefänglich ein gnzogenn vorden
333 2692 1453 2816 da sie dan in denen mit ihra
341 2764 1426 2911 gehaltennn spaminibrg auß ge
342 2839 1423 2994 Hagt und gestandung sie habe
341 2934 1409 3065 sich von einem danenn Künis
333 3011 1459 3157 ledigen stands schbängenn laßen
338 3118 1461 3234 slen, sie nun ihre schlanger
328 3182 1409 3342 uschacht, so bohl vor als nach der
327 3267 1462 3424 gebuhrt männ glich abgelaugnet,
317 3373 1469 3524 es sich auch in der jonymähligen
315 3465 1462 3616 verhör der bezungen erfunden
312 3524 1412 3696 daß diese Elssbetz Soly gärt,
332 3618 1465 3796 so bohl die kinds schmertzen als
326 3700 1466 3870 ihrn entbindung und gmüßte ver:
1216 3789 1433 3911 halle
2785 328 2913 428 sb 3.
1828 342 2823 506 verhallten, und ihre lübes frucht in
1818 426 2860 573 einem sach Bürborgen haben, Aberdis
1819 501 2838 650 ehr dohlanstgetragenns kind, lauth
1814 561 2861 720 denn medicinischen duricht, sich solcher
1816 655 2787 788 gestalten mißhandlut befunden,
1815 731 2810 871 daß es zum luben gebaltatiger
1812 805 2834 942 deiß habe unden minden, mithin
1811 897 2813 1032 als mine trünlose müller sich
1813 969 2835 1105 an ihene libes frucht Burgesun
1828 1068 2877 1189 solche heimlich abzuschaffen gme
1826 1141 2819 1270 trachtet, und sich also daß tods
1807 1220 2876 1356 ihens kinds schuldig gemacht habe.
1817 1313 2839 1459 Nach dem wir nun heit bey
1833 1399 2890 1532 lyden nus fursammlüt, als haben
1816 1487 2899 1625 wir in frinwung daß von Gott
1815 1563 2825 1693 dem ellmächtigen lus anfürn
1823 1649 2888 1764 tranten hohoberkeitlichen ambts,
1838 1725 2820 1859 unnd dar damit verkaugften
1821 1810 2896 1945 bflichten zu abstafung dergleichen
1806 1896 2841 2012 missnthaten damit soliche Slütz
1836 1978 2821 2088 sunden von dem land obge
1839 2057 2884 2203 länt vnedan möchten bekent
1824 2147 2875 2283 und gesprochen, das diese
1839 2245 2910 2374 Abelthaterin, Elsbetz zeley gart
1849 2333 2939 2471 nach zinor gethanne empfahlung
1821 2415 2834 2549 ihene thunenn Sürlen in die
1845 2494 2905 2629 hand Ihrens Gelösens, zu drey
1840 2587 2931 2712 gohl verdientem straf, nus mä¬
1850 2662 2937 2779 mglich zum abschund und shenckenn
1843 2735 2886 2866 dem Shachrichtne übergeben, von
1844 2804 2892 2920 ihnen gebunden, miten anß auf
1840 2878 2913 2993 dem gewohnten richtplatz geführt,
1843 2955 2932 3088 daselbsten ihre mit dem schlürt, das
1845 3036 2922 3154 shaubt abgeschlagen, und die also
1845 3106 2907 3231 vom leben zum tod hingerichtet,
1849 3197 2911 3327 der gut melte cörper dann nach
1852 3272 2917 3391 harts Bar, das verschmahte ohet
1842 3339 2900 3496 verscharent bunden, alle, aete
1860 3413 2874 3551 exrum 200. d d Christ monath
1868 3550 2107 3678 1142.
2875 797 2923 847 2.
2877 985 2910 1022 2
