3024 4032
238 305 406 393 1.2.
554 308 1516 470 Job Richtenach gar verscht und
860 395 1519 528 Christ erachman
493 445 1506 602 offte beytthüren zug gearbatet
490 546 1548 699 habe sin dann und gan gebraucht, wei
467 628 1176 781 darauff zuo Schminden
236 702 460 894 sun
501 748 1523 924 Erkorn daß der Rußenaist ander ange¬
171 830 478 979 naufmann
520 844 1507 1027 Uß sy tag die Stempfal so an die er sich
483 941 1445 1095 nit frineren vollen genommen, darum er
458 1009 1448 1157 sin beg genommen und lad er darmit
458 1111 911 1259 habe ihnn bellen.
228 1180 1461 1353 anckel da der Grathshi bey ihme gebeßen
440 1280 1477 1455 habe er an ihme muerbrachet, das er
448 1370 1497 1559 brachten sölle dem Bratsli Sämpffel
435 1466 1481 1634 Zuo Lannd an zu Bemmann, Gortur der selbs
425 1561 1467 1743 ihme hus auch zubezahlen versprechen,
461 1669 1463 1819 auld welches hin er jung gegangen
591 1757 664 1840 sig
535 1798 565 1842 D
447 1787 1418 1916 und dem Odlerwirth der stein
443 1876 1397 2022 pfel genommen, und dem Bratsin
451 1964 1432 2090 überbrächten, bekher ihnen jeden sine
418 2054 1375 2208 vnnd daherige richter 6 6. geben
416 2153 1442 2324 hald, vorauff, der Bratschi fürsetz
420 2252 1417 2407 ten dald, als zu osshers mit dem
388 2339 1441 2463 Cadts man über das geltsabrierer
414 2433 1459 2605 gesprochen, er Brathschli Bardurch ver¬
1210 2514 1274 2602 g
372 2521 1398 2675 nanlasset wordenn den khauffen.
379 2631 1335 2791 zubefragen, ab derselben ihme
360 2718 1430 2886 Bratschli Sempfel anshachten bömmen,
400 2825 1440 2985 mit dem durch daher Gratsdli beyge¬
344 2929 1446 3073 füraten versprechenn den langemann dar¬
331 3032 1427 3195 fer zu bezahlen, daruß habe sy dem
318 3134 1410 3264 Gmannd gh angeben und
379 3224 1421 3393 znnterlagt, Erlaubman habe
382 3320 1402 3484 auch ihne stattliche die Stempfel
365 3434 1442 3611 berbracht vorhero aber ihne gespaten
346 3537 1448 3695 er Gatsdli verdeschon jemans finden
359 3639 1401 3815 der ihme daraus gräben bette, der
298 3748 1368 3915 bussnem habe begehet, das das
1860 385 2885 587 Joni Rißenachts des Grither 3
2764 474 2881 550 44.
2025 496 2845 639 Cathrister Rathenach
1830 533 2896 794 Wallibs inn ein darauf gestochten
1923 670 2880 839 werde und ihrier zu solchem unnd ein
1886 754 2793 918 Wallidbathen zum Unstag gegebend
1894 827 2863 1024 Benebens habe der Kalichemann ihme
1912 919 2877 1089 auch offetiert, daß derselbe ihme brot
1861 1004 2847 1188 sich in dieser kuchs enfisten boll.
1956 1128 2881 1301 Zer Thomann aber relierte
1891 1236 2871 1403 darder dem Beatschi gesagt habe.
1906 1313 2889 1487 derselbe verde schon jennend finden, son
1829 1407 2835 1578 ihne auch die vempfel graben worde
1838 1511 2899 1661 Denne doch er Hanß landat vss lüt bschen träg verlangt,
1908 1601 2857 1759 loch der salber eint schannd gentsch, ein
1886 1695 2895 1874 Wallindathen zum schwuster zuo gestell statten
1886 1793 2888 1946 sin auch daß er dem statschi ergeret
1857 1883 2851 2039 ihmeind die sine kunss anzu gueben.
1884 1960 2848 2114 der Graths aber bekannte aucht
1857 2062 2842 2226 siner antdet, mit dem zu Schi der
1866 2153 2863 2308 Haufman habe sich offten berichent
1851 2247 2837 2386 Geßie kennen, der das gelt machen so woll.
1872 2333 2892 2476 vinestel als er kaufmann
1790 2447 2878 2653 Des Kauss mann Kessliliertt verüber
1862 2596 2802 2736 so minen sete si dessen bey dem keinen
1863 2674 2870 2834 gerichent haben, habe aber Siemals
1869 2773 2875 2923 denn Grath Oheriert thun, solches zu
1862 2864 2868 3036 dessen viellenniger aber zelt siberiert
1530 2950 1877 3145 1. an zucken
1923 2977 2851 3127 Volar er sung gebiß habe, das
2742 3125 2826 3183 3
1883 3100 2743 3214 der Ladter Mirth Steupfel habe
1870 3179 2878 3337 le seye ohngefehr zu dem wirthgekommen,
1574 3197 1831 3341 2. 16.
1865 3282 2854 3437 Allioo er die sampfel gesechen habe.
1523 3333 1854 3494 st an Bentschi
1874 3401 2868 3556 Was auf den stumpflen gestochen gebesen
1517 3449 1865 3560 unnd langemannt
1912 3491 2866 3622 dar erstere antwortet, auf denn einten
1863 3589 2867 3753 Nampfel seye das Wallid batzen perg schlecht
1845 3664 2874 3843 Fravierten auff dem antten aber, so vast
