3024 4032
162 137 292 268 6.
585 112 1172 238 Babriel Denner
363 212 1423 417 bisshannd ababriul Grunnes ge¬
364 336 1424 499 haltennn Cxamen, in betrachtung
352 427 1415 579 Denne anßsaag mit der vormalls
373 518 1434 668 aufgenommenen Informalion mit¬
382 611 1428 777 überenn sinnet, sich nicht ersälbigen
974 704 1007 766 er
358 693 1404 857 kömmen, sondern fur gantz nöthig
377 771 1449 935 mrachtet, die sachen in mehreren
367 878 1447 1031 verheitnenn zu lassen, als hat minn
359 963 1440 1133 hochgefhrens herr Raths herr Achan
355 1062 1381 1193 nung, als hinzuo Gnrordneter
340 1155 1427 1295 examinator mit zuothuon, mitlichen
367 1243 1393 1392 groß weibel Morloths und daß
364 1341 1388 1493 grichtschriber von Honstettend
367 1437 1418 1576 sich auf zünten dalo in die obere
368 1531 1335 1673 gefangenschafft begeben, und
356 1625 1418 1766 zu Bolg ihr gnaden befehlichs vonn
364 1718 1402 1860 genn sins das ein examen mit
362 1822 1363 1940 mit gusagtem Grunne nach
1229 1914 1358 1992 ly
356 1914 1404 2044 Censtliches erfortation den füren
365 1991 1352 2134 wahrheins rund zu bekennen
347 2096 1350 2261 volgender massen gehalten.
250 2235 1422 2397 herren ob sy nicht alter an jahrnn sige¬
352 2341 1414 2487 als er in seinem hossen examin
343 2443 750 2596 vorgegeben
366 2580 1417 2727 er bisse nichts anders, alß daß
233 2571 346 2713 B.
354 2687 1284 2857 Lybey 40. jahren alt seyn.
242 2843 1402 3029 Hn. ob er Thumalen den dren laßen
335 2946 1396 3112 lonliche an dem unglütlichen tag,
326 3058 1404 3217 da der Bächen von Thun inquiditz
345 3155 1373 3306 mit fürbet lorenn bey ihnen ge¬
328 3249 1395 3425 lousen zu Vorschon getrünet, oder
324 3352 1399 3512 obselbige, da er in etwas gelothur
333 3462 1361 3619 richt mahrmalen bey ihme zuo¬
322 3569 754 3741 gesprochen
1106 3699 1214 3795 12.
2006 159 2592 287 Babriel Brunner
2750 206 2849 311 6.
1713 246 2812 402 so er habe derselben wohl gehannet
1794 331 2810 474 und sichon vorhero mehrmahlen gesehen,
1772 403 2675 545 seyend auch bey ihme gelougen.
1693 507 2803 695 h. Ersage in seinem ersten examier er¬
1789 610 2797 720 seye nicht bey hanse gelassen, also die
1778 686 2846 855 Keßlag bey ihme zugesprochen, da
2100 780 2141 836 8.
1783 788 2805 921 doch der einte außgesagt daß er
1779 857 2810 992 Schuii zu Tricken proporwe, lourde
1768 949 2854 1097 sich also in seines ehemalligen auß¬
1756 1031 2408 1171 waage gewert haben.
1708 1150 2875 1303 30. hen seye in der that nicht zuo sanse gebor¬
1772 1247 2864 1402 sin als sin angekommen, sonderen habe
1775 1321 2880 1476 selbige bey dem denne angetrosen
1739 1460 2868 1621 Hn. oblahr seye, daß er von seinne magd
1779 1566 2770 1702 gelahren worden, sich nicht mit
1795 1637 2791 1771 denen keßleenn einzulassen
1721 1754 2806 1900 2. ja also er nach hanse gekommen,
1790 1840 2841 1976 habe ihnn die Mayd adertirt die
1783 1924 2863 2062 Küßler heynnd beranscht, habend schon
1800 2006 2887 2148 in der statt getrunken und geschlagen.
2608 2108 2681 2180 23
1809 2101 2607 2242 er sölle sich vor ihnen hutten
1718 2204 2859 2368 H. Michen die Magd ihnn gewahrnet
1800 2309 2864 2440 nichts mit denen kessleren zu
1797 2395 2880 2556 thun zu haben, hätte er sich auch vor
1783 2499 2425 2631 ihnen huoten sollen.
1730 2634 2866 2819 2. sin seyend in einer loohnstuben
1803 2740 2827 2890 gelonsen, er habe also zu ihnen
1808 2845 2378 2960 kommen müssen.
1729 2936 2904 3126 h. Er habe ehemalen gelaugnet, dannde
1822 3050 2905 3217 in seinem hanss an dem anglüb¬
1806 3150 2895 3307 tlichen abend mit denn reß¬
1820 3251 2919 3430 heren gedeünken zuo haben, da doch
1799 3336 2902 3517 alle gezeüget, daß er min vierteli
1807 3452 2911 3604 onen gefordert und bey ihnen ge¬
1804 3551 2151 3655 eruncken
2601 3647 2730 3743 2.
