3024 4032
208 312 345 424 23.]
638 310 1457 498 Christen Hanser
474 435 1542 611 Stag nach dem Bätten Her. Biel an einen
449 512 1504 704 Sahrmack bey dem piets Hanns zum
472 649 1494 780 Adler allda inneist gekonsen
486 730 1430 901 unnd mit einem sans von stelt machenn
475 822 892 980 geredt haben
212 916 438 1085 Bath
515 922 1421 1083 Da, Er sige an einem biel märit
471 1023 1445 1201 allda gevasen, habe aber mit dem
425 1103 1435 1297 Iane leder vom Kraben, noch gelt
425 1221 967 1375 miathan geredt.
213 1252 1423 1438 Grotiert ze habe, solches by dem trumb geredt
456 1393 1486 1532 unnd habe vormalls seiner sich bache gedacht
465 1480 1432 1641 auß vorgeschücht, wie ze münsagen
459 1579 1489 1731 ens hier könne, daß er dem
439 1667 1443 1838 Dauren Loeder von Frubler zuoren
426 1792 1212 1951 Sallmachen geredt habe e.
145 1878 448 2035 Entli
448 1875 1370 2079 err habe einmass milts darvon
419 2004 1395 2171 geredt, maßen herrn bedar mit Els
392 2098 1441 2276 baßer Grabtlin, noch gelt machen
409 2207 1381 2385 könen, und dahero habe er nit
399 2310 1486 2494 annem wich den nichts darvon gelenden
400 2433 1450 2595 dürneben seye ze betrunken gebesen
294 2518 1350 2706 güsse also muss mit venn
1194 2677 1299 2754 7
399 2630 1178 2809 und bad er geredt habe.
406 2743 1453 2952 eydt Belinquent alle
358 2875 1420 3044 Bedarmahlen im gnad mit be¬
328 2991 1421 3184 Heinrung ihres grün bergen hertz
368 3129 1028 3308 begangenen schlerd.
314 3373 390 3482 2
384 3298 1386 3547 Actum 2 13. Sam
337 3481 906 3650 mangsth 1746.
456 3669 556 3777 E
2941 166 2973 242 3.
2220 364 2689 498 ramen.
1797 380 3028 639 Vit Barbara Rugspurger
1754 513 2999 770 Dibraham Bütsch er Voli Krichtern
1818 619 3026 896 Rherib Chaten 2. habe, habe zum
1811 742 3016 942 unnd er, da von den altere beg seinen
1804 857 3029 1046 Mann ders jüngere aber allhier
1823 971 2799 1158 inist gena Spithaff seye.
1666 1099 3028 1304 Z Bundt bommo mit Daniel Brotschei
1804 1234 2561 1434 bevonn tschafft habe
1654 1359 3015 1547 A. or ohuns 3 jahren habe sy ihme
1836 1471 2995 1639 gebhebt können, da der gratschi
1835 1579 2979 1748 von Gfangnaus auf einem sperg
1813 1663 2335 1861 gelich nit
1603 1721 1751 1932 B
1988 1802 2969 1970 bes haltend der zeit, da es
1801 1898 3002 2062 mit dem Beatsili bekinngezogen
1827 1979 3031 2171 mennghli verschett, dass der bratten
1829 2103 2992 2287 falschad gelt gemacht und anß¬
1810 2231 2438 2404 gegeben habindt
1629 2337 2959 2544 D von angang der bekant¬
1745 2470 3007 2670 uschet so ad mit ihme gehabt, habe
1843 2567 3000 2766 es deßen im gerenndischen nichts wahrn
1815 2692 2972 2880 genommen, und da sein, darauf hin
1917 2792 2986 2967 der Grats im Gollans Rueter¬
1798 2877 2962 3056 set, nach dasel zuru khünfft.
1827 2992 2976 3181 habe er ihre wieder zuo Burg
1791 3104 2966 3287 dors angetroffen, unnd balden
1896 3224 2982 3398 darnach habe ihne der brätschen
1859 3311 2919 3499 auf thilterfuegen zuo sich se
1806 3425 2852 3597 scheiden; Als er nun vorigen
1839 3514 2952 3720 jahrs im Meychnacht aber thin
1861 3644 2970 3835 gekommen, seye er selbsten schyeheli
1868 3743 2963 3924 und habe gesächen, daß der metz
