3024 4032
182 305 374 403 146.
482 308 1426 479 Joh Rühlergicht Man Brathi
473 398 1520 574 keyser verfingen, unnd iren Retti unnd
523 484 1408 679 daß, da der kan mann die
485 606 1423 773 stempfal bey ihme absollen solle.
478 697 1510 819 un etwas darmit zu machen ouc
462 774 1359 931 zu kermnnen, was derselbe damit
461 881 1469 1045 machen sölle, er undenaft dem
487 1000 537 1051 2
400 986 1467 1144 muftman gesagt haben derselben
461 1074 1483 1253 verde sin viellichs nechst wieder
450 1185 1431 1355 bringen, auf welcher hin der
393 1285 1407 1450 Ahlich dem ann ihme ein kronkhli
443 1399 981 1555 versprechen haben.
155 1447 562 1631 Adam Kessler
177 1562 358 1685 wan
467 1538 1436 1723 Anß und anlaß aber, zwüschen
418 1646 1436 1781 dem Grahtschi und ranksmann
431 1715 1403 1875 in ein sach Hans Hotstandene
435 1804 1138 1970 streitt angebangen syn
184 1867 1335 2069 antlifer vers velden Steeits selbsten
424 2002 1329 2129 mest massen der seitsicht und
389 2080 1375 2237 kaufmann nichs in der stuben
418 2193 1441 2349 gelesen, er habe was voll getheit
407 2279 1438 2443 daß hiebort gebeichtet haben, buß
410 2366 1408 2540 aber nichts hetvon zu sägenn
426 2469 1404 2633 der kandt deren seied auf disse khinen
350 2566 1381 2737 fortgegangen und der statschi zuo
347 2677 1447 2819 hnd ra hinfingekommen, sogende
385 2778 1344 2952 er Gratshin habe kein helf und
360 2887 1398 3053 habe unnd tag gelt gefordert.
345 2996 1422 3173 voraufftlin des Jag gegen die
342 3105 1356 3279 von Stadtschin schand übergebend
350 3219 1429 3397 stempfel eine thalbe Cronen gegeben.
341 3325 539 3503 hibe
300 3415 1382 3615 der Gratsti dienete hierüber da
320 3552 1368 3722 le der Landtman sein gelt so es für
310 3637 1410 3840 die Mampfel hinverlegt und damen berige
1945 367 2872 582 Hnnes Rüssenach pan¬
2661 447 2883 547 2.]
1859 476 2885 699 Gratsitzi Cristen branden und sotilitschad
1793 540 2874 794 auf dem kronen gekommen kössen zur
1849 648 2878 849 rut geforderett haben der selbe gefürt,
1911 734 2855 929 der Gdarriett verdt ihme let das
1873 828 2829 1005 geben, auff die sind hin der kachten
1846 928 2816 1110 sich fortbegeben, zu Bratsch ouch
1884 1007 2840 1186 mechlertss dem richtendacht vilf
1868 1087 2850 1271 gefordennt, sy ihme zug aber die
1861 1188 2877 1347 in vorigen examen bereidts verdeütett
1874 1285 2801 1455 geantwortt her Ruttenachst habe
1859 1388 2835 1552 die stempfel dem trauffin graben
1846 1496 2849 1629 zu laßen, auf getragen unnd derente
1860 1588 2842 1722 beiten mit demselben Accondierti
1827 1684 2820 1845 Annebens sechen die stempfel sin
1838 1768 2834 1943 dess ruchtemachsts mit keinerenn
1849 1869 2869 2044 feylueren, dan er Bratschi deßstborgen
1838 1959 2852 2126 dem Kaufman gelt hinverlegt habe
1857 2056 2827 2259 und derselben ihme Brath had
1883 2179 2830 2376 Demman har schuldig seye sölle zellen.
1861 2318 2851 2455 bey dem Rauffmann darum anmelden,
1811 2446 2838 2637 Der kustmacht aber vermeinete
1642 2523 1784 2663 2
1830 2565 2304 2700 sölches ganttlich
1940 2646 2827 2779 har Ratzeman bare, uss an auch
1859 2736 2230 2846 nit geständig.
1531 2770 1920 2941 Irian Richtenacht.
1830 2803 2836 3005 ebsin nist nachderths probint.
1846 2972 1885 3012 2
1868 2908 2842 3094 haben, mit diesen stempffen die gangen
1866 3019 2653 3198 und ber darby gebesten seine
1560 3062 1875 3266 Darben
1777 3185 2789 3383 Dan sin haben auf weiss bruch
1746 3294 2819 3456 1. oder 1 stuk gerobiert welches
1812 3371 2848 3576 Anguioi Bauff deß Gratschid begen
1818 3441 2849 3663 nten berd geselben und der Grats
1845 3568 2824 3737 nachter tho leggenommen, mithin
1844 3650 2839 3858 dem blutst hatt gezeigt habe er sag
