3024 4032
92 220 212 308 106.
213 3457 313 3608 li
228 378 329 516 H
219 613 317 748 B
391 393 1496 555 Es sölle enn erzehlemlie es mit seiner gemisse
385 499 725 618 zugegangen,
371 628 1487 789 Nachdemme es an dem anglücklichen tage, mit¬
367 732 1488 864 roth zu dess Rüssers Hansein das dorff gevonn
371 808 1472 946 seinem habe es der Rutterin gesagt, daß er gar
386 897 1462 1018 dürstig seye hierauf habe sie ihns gefraget,
389 969 1459 1106 ob sie ihme ein vierteli reichen sölle, als nun
380 1051 1471 1164 die inquiertin daß an zu frieden barn, holete
379 1119 1465 1250 dieselben eines Barbeillenbolte inquiditin
377 1201 1486 1341 so vor dem Houss auch einem bloch gesessen
377 1288 1478 1439 in die stuben gethen, da seye das unnd also bald
377 1370 1475 1516 von ihme auch die schbellen und den boden¬
384 1455 1462 1590 geschossen, horauf ihme lehe geborden, so das
370 1541 1459 1677 das selbsten Riedergefallen, nachdeme es nun
382 1628 1446 1763 wieder zu sich selbsten gekommen, habe es das
372 1716 1495 1852 unnd todünter sich ber seinen hussen gefunden,
374 1799 1475 1934 er könte hohl etba darauf getrappet sein seche
373 1882 1492 2025 aber solchermaßen in angst schreken und schmer¬
369 1961 1500 2111 tengebesen, daß es gar nichts gelousst, bas er
375 2049 1467 2198 gemacht, jeniger hie die sache fergegangen;
360 2129 1461 2271 im übrigen halbers dem Rindlinbohl kein
362 2215 1470 2357 leid thuon mögen, dannes hätte solches nicht in
371 2299 1467 2418 dem harzen haben können; mithin habe es
362 2375 1482 2525 das todte kind aufgeloben in den sack gethan.
368 2463 1476 2617 und seye darmit in die stuben gegangen, bolte,
368 2558 1261 2692 auch hernach das kind heim tragen.
343 2712 1467 2879 Budliert Her Rede die Markeit minst man ad nicht
360 2802 1480 2947 ein böses vorhaben gehabt, hatte es nicht noch nach
344 2886 1496 3022 meiner Gerisst die sache verbergen bollen, mass an
354 2952 1487 3105 es der Rudharin und seiner bluter alldiebeilen
344 3036 1477 3185 es das kind in dem sohnnter sich gehabt, auch
361 3128 1469 3280 mit einem huss auf den sak gestanden, sonoch
345 3200 1468 3353 verlangnet, daß es ein kind habe, sägendenis
348 3309 1178 3454 der Bouch habe ihme behe gethan.
352 3416 1460 3618 Es bisse fiervon nichts jeniger daß er den
340 3509 1462 3680 sach enter seinen hussen an dem boden
343 3593 1465 3797 gehabt, sondern der sal seye neben ihme auf
1319 3691 1469 3788 dem
2730 267 2873 378 167
1809 366 2847 581 dem danck gelesen und habe es die sache seiner
1803 467 2532 621 muoter auch gesobald bekennet.
1805 593 2859 758 Es habe dem herren Landtvogt von Thorberg
1573 643 1773 793 prestiert
1824 701 2861 865 damalen gesagt, das kind sagen auch das entsche
1814 784 2856 944 geschossen, nachwerts aber sagters auf die
1814 883 2877 1024 schlelten; bestehe also mitt auch gleichen leden
1825 940 2436 1073 unnd verhale die warheit
1679 1088 2816 1281 2. Er konne voll senn, daß es damalen in der
1823 1217 2871 1350 Güngst das tüdtschi anstatt der Schwellen gesagt,
1819 1304 2872 1434 allein man habe vollschen konnen, an welchem
1825 1383 2875 1521 orth die säche geschechen, maßen die sichballen
1840 1486 2287 1592 gnoth ras wäre.
1703 1665 2848 1812 Hn. Ob es sich nicht gebeigert etwas zu remmen
1821 1752 2745 1910 damit die nachgebürth von ihme gehen,
1816 1931 2881 2083 Rein sondernas habe also bald etwas waßard¬
1683 1906 1817 2063 R.
1845 2028 2808 2170 so man ihme darfür gegeben getrunken.
1736 2190 2881 2374 Hi. Er sage das kind seye ihne auf die schballen
1835 2306 2904 2455 geschossen nun sage solches um den gantzen
1820 2382 2914 2533 koff versehrt und ehr ubal misshandelt belches
1838 2460 2913 2595 von dem bloßen auch die sichpellenschießen nicht
1838 2561 2442 2696 so hätte geschechen können.
1818 2746 2868 2927 Es seye ihme gradübel geworden, so daß es
1710 2742 1824 2892 B.
1863 2842 2902 2973 also bald nungefallen, und vonnes schlauf das
1838 2922 2892 3088 kind gefallen oder getrappat seyn, einmahl
1850 3024 2905 3159 bisse es mitt bin die sache zugegengen seye
1856 3078 2913 3248 ansert dass es gar vonne hand an das kind¬
1863 3185 2075 3322 geleget.
1852 3289 2940 3464 Wie es mit der Rabel schnis gegangen, und aber
1772 3333 1847 3448 B
1859 3414 2361 3576 solche abgekennpfet:
1746 3528 2947 3729 K. Bichs bires gesagt, es bisse nichts einmal seye
2761 3641 2949 3763 selbige
2852 467 2905 532 1
2872 529 2902 625 e
2900 2122 2930 2196 1
