3024 4032
146 3323 181 3376 e
162 154 275 274 I
289 257 1418 418 Thmnn, das Losament und die
295 392 1493 525 Süppen zuo geben unesprochen, begegn
292 477 1469 636 bs ihra etweliche haußgeschafft verrichten
268 581 1388 734 söllen. von der Schwangerschafft
276 665 1475 821 dinsas Münschs habe sin lonters nichts
273 777 1462 947 gewüßt, alß daß sin vor ohngefahr
271 885 1481 1057 3. Wochen, alß nun gaßen geschren,
262 979 1440 1121 von denen Leüthen sagen horen
264 1081 1458 1221 darüber sin dieses Elsbeth auch zuo
244 1183 1442 1344 ber gestossen und selbiges gebetten
1056 1288 1099 1366 2
243 1291 1450 1440 ihra nicht etwan ein angelegen¬
1068 1384 1167 1462 ey
1188 1380 1264 1460 men
237 1391 1379 1553 heit in ihrem zinß zuo verursachen
253 1490 1437 1645 das ansch aber habe hart gelangnet
244 1592 1464 1732 unnd von kinner schwangerschafft nichts
237 1696 1492 1823 bessen wöllen, sich auf seinen abscheiden
256 1780 1414 1930 anihrungen und guten fünthten
241 1861 1450 2019 zeruthend, vorgebenden es sige zwanb
229 1948 1420 2113 habe zwarn einen grossen bauch,
237 2056 1378 2152 kelches aber nur einen fühun von
219 2146 1142 2282 sinnen rechten Kindbeth seye.
1283 2187 1334 2236 E
220 2230 1442 2366 Berlichenn Honstag morgens habe
213 2322 1431 2477 sie ein deperentin auß gehan, wöllen,
225 2407 1475 2577 von dem außgehen, aber seye sin in
225 2523 1358 2666 sieses menssen suben gegantzen
1345 2587 1408 2678 1
192 2627 1336 2753 alwo sin auf dem voren einn
198 2709 1358 2870 schwatter blutts gefunden, worüber
186 2817 1429 2969 sin ihns gefragt, lans das seye, da
196 2923 1358 3077 es onantworteli sinem züchen seyend
192 3039 1444 3182 Thuen Landuegkommen, und Buchen es
192 3150 1408 3318 das nacht gschirg mit geworffen mid
190 3263 1344 3428 enberichen seye diesus, außgeschüttet
182 3350 1449 3524 worden, darüber sie deponrentin ihne
187 3472 1366 3652 gefragt, so er die suber von dem
916 3651 1366 3795 zerbrochennen.
2783 294 2935 388 115
1822 328 2948 496 zerbrochennn dssier hingethan haben
1732 417 2933 564 da er gesagt, Es habe solche auch die bassen
1832 509 2939 658 geworften, da sie dan solche zu sichen
1836 576 2926 709 auf die bassen gegangen aber nichls
1821 659 2937 803 gefunden. Sachwourts als sin lander
1818 725 2947 868 hin auf in das gemach gekommen, habe
1822 818 2921 972 Sin zu dem unster Humauß gegen der
1804 910 2941 1040 Morts geschanet, in selbiger einem hatzen
1799 982 2862 1127 zung ersehen, so ihra verdächtig vor¬
1813 1048 2832 1166 gekommen, auch dieses habe sin, der
1806 1134 2936 1282 Pyfel Küntzi einer tochter so sich bey
1824 1223 2946 1369 ihra der deponontin anfhalte, geüssen
1813 1311 2962 1466 sin sölle kommen schanen, sie dann dem
1813 1390 2873 1534 Elßbeth nichts gutes zuo deßenongen
1810 1468 2922 1600 habe sin das menss nochmalen gefragt,
1816 1562 2918 1681 lym es nun sinem sachen stehe, darauf
1808 1629 2857 1756 es ihra das dakbeth abdeten müßen
1816 1707 2963 1844 conihen er aber, das muterbeth zumersich
1815 1784 2963 1911 stossen können, soware nichts zusechen
1807 1868 2936 2005 allein in annnd brönnen Zütbeli habe
2395 1948 2508 2001 buste
2523 1952 2555 2006 1
1800 1941 2904 2088 sie eintz und anderen anngen ge¬
1810 2018 2916 2153 funden, darüber sin thus befragt
1810 2107 2953 2232 load es mit selbigen gemachet, vorann
1808 2187 2949 2335 hr geantwortet, Es habe den Stuben
1801 2273 2924 2387 boden darmit aufgetröcknnt und
1797 2371 2954 2499 geloust herbry habe sie es domalen
1813 2458 2917 2586 belonnenn lassen im so da mehr,
1806 2544 2944 2680 louchen mehrberichets Elssbeth seine
1797 2632 2923 2786 Hauß arbuth im sinnend, waßer¬
1806 2720 2950 2831 etragen und dergleichen, ein zu Vor¬
1809 2807 2840 2963 allzeit und füßig verrichtet.
1803 2928 2921 3049 sieses menss nun seye in ihrem
1786 3007 2972 3132 hinß unrbliben, biß Samstan morgend
1801 3094 2881 3254 Da Ziony Mannnen zu dem Hanse
1797 3205 2944 3343 gekommen mid ihme senkefireera
1808 3296 2855 3459 nachgefraget, mit vermelden sie
1790 3410 2954 3560 söllind solches lougnemmen louchen es
2645 3529 2939 3660 alß mun
1791 3525 2395 3661 keinen zedul habe
2639 3636 2771 3759 die
