3024 4032
134 168 271 250 110
683 195 1333 420 Daniel Bentzig
453 300 1493 533 übergeren, und ab sige darauss mit
425 392 1454 621 selbigen wider annd sombli zum kauß¬
400 520 1436 682 r ein amm gegangend so er aber nicht
441 594 1430 782 angetroffend bestlagen und
420 684 1444 867 ihme vier stag lang gebartet.
430 781 1445 944 unnd bey dess an Bigl verünftt die
407 862 1431 1042 stamptel Gabiaed darauff der
368 942 1420 1154 Kus mann ihra auf diel zum
412 1064 1456 1253 Glarpietion geführt, da sie alle dem
435 1167 1434 1364 aber dieselbächen mit einander ge¬
389 1253 1430 1450 odet sindassen habe er Jung, denen
396 1351 1441 1530 Aey anderend wtbad an innen gehabten
389 1451 1430 1620 Wyssen winder zurunck geforderet, deßen
407 1557 1414 1726 beren erlich mit dem kass mann
411 1649 1399 1804 dar ihme richts vergereten vollen
418 1752 1349 1862 mens geborden und Loenber
412 1830 1322 1971 des Raufmann morndeiß sich
403 1923 1356 2073 lieder fock gemacht, darnach habe
391 2001 1423 2149 ers ing mönn die Stempfel Gieder
398 2121 1363 2254 ausschleisten vollen, der adler
383 2202 1411 2373 Wieth habe aber selbige sin sinnen
407 2304 1423 2439 handen genommen, und sölche als die er
382 2404 1365 2584 söünden angesprochenn ihne sch
395 2501 1349 2674 an den koufferenn benhundt, so er
388 2608 1419 2789 diss hallten was zuo Wolenderen haben
376 2714 1374 2863 endlich habe der wirts auß einem
373 2786 1382 2943 schlachten pfätli Schlach den Stampfel
380 2895 1341 3057 pprobiert und darmit habe er sin
367 2988 1329 3158 getheissen in 1. tagan vieder
350 3104 1356 3271 rkommen, er sollens dessen nach
371 3187 1386 3344 anschafften und damm wöllen sin diser
356 3294 1386 3424 beinen schlagen etc. Hierach syale vieder
349 3391 1385 3566 zuoruch auf zilterfingen, vnnd kindt zu sin
355 3500 1379 3654 gegangen, habe ihme obige her gangen hinde
358 3577 1391 3741 beschlet so aber mitt viel darauch geantrittet
340 3682 1397 3850 nachsteyllig Sengen des ett dassen seyetz wider
2813 262 2930 344 1
1862 260 2599 419 Daniel Brathsli
1818 328 2925 512 ruckt stiel zum adler gfürth gegangne
1815 452 2917 616 der ihme aber vorgeschüttet, Er halbe
1812 527 2922 723 nicht an der zeit gegabt, diesen sochen
1828 637 2884 818 nachzugeten, er ongmolt hoche ihme
1815 720 2911 918 noch tag andere St empfalfir Wallis¬
1791 820 2889 985 chützen zur hand brinken und in bretzer
1792 910 2917 1117 Heittlender kommen , so wollen sie dritzumalt
1814 1025 2899 1227 iss verhabend in verb stellen; Also sye
1802 1126 2892 1330 glindat fort und zuruck auf Thun ger
1773 1225 2897 1403 gnmann dorten habe er bey einem Schmid
1804 1342 2884 1505 sundter einem Gorland noch Weg stann¬
1773 1440 2890 1641 epfel machen laßen, auff welche der büchsenn
1769 1559 2876 1732 schmied Müller liedermahlen in dess kiß¬
1788 1657 2841 1841 scharts Hanss ders Wallig batzen Frä¬
1803 1748 2863 1927 zestochen verfür ihme das kind sich hard
1803 1857 2841 2017 onnderum Nambs mit 8. Pfund bezallt.
1797 1953 2854 2127 Unße Stampfal aber säyer, nach selber¬
1787 2059 2855 2231 war außgefallen, als die ersteren solie
1803 2138 2858 2326 ouch gleich denen lesteren ins gspitschier¬
1788 2255 2847 2438 bapabgetruckt, darauff soye hie und
1799 2358 2844 2539 des mitthshard bey der mit hinander
1806 2451 2855 2634 nit diesen letsteren Sempflan Borden
1791 2578 2738 2709 auf biel gegangen, da habe aber
1776 2679 2808 2813 aler vickh mit ufst eines exprese
1792 2750 2723 2907 darzu Serfertigten gerüsts in
1785 2848 2818 3017 seinem kööffli atlan 1 stucknus
1793 2937 2778 3105 dem clerner stempfel geschlagen
1805 3039 2772 3197 und glaube mer gnoder were stuck.
1782 3157 2817 3307 von dem Wallid strage so aber beyde
1787 3240 2839 3414 und sonderlich die letsteren so schlichenn
1800 3345 2846 3539 außgefallen, daß mann er nechst hätter
1773 3437 2721 3601 ne auß geben dörffen, begannd
1801 3541 2821 3711 ouff vor des Kupferblach geschlagen
1771 3658 1995 3805 wordenn.
