<?xml version="1.0" encoding="UTF-8" standalone="yes"?>
<PcGts xmlns="http://schema.primaresearch.org/PAGE/gts/pagecontent/2013-07-15" xmlns:xsi="http://www.w3.org/2001/XMLSchema-instance" xsi:schemaLocation="http://schema.primaresearch.org/PAGE/gts/pagecontent/2013-07-15 http://schema.primaresearch.org/PAGE/gts/pagecontent/2013-07-15/pagecontent.xsd">
    <Metadata>
        <Creator>prov=University of Rostock/Institute of Mathematics/CITlab|PLANET AI GmbH/Gundram Leifert/gundram.leifert@planet-ai.de:name=Turmbücher 1(htr_id=38546)::::v=2.6.7
prov=University of Rostock/Institute of Mathematics/CITlab|PLANET AI GmbH/Tobias Gruening/tobias.gruening@planet-ai.de:name=de.uros.citlab.module.baseline2polygon.B2PSeamMultiOriented:v=2.6.7
prov=University of Rostock/Institute of Mathematics/CITlab|PLANET AI GmbH/Gundram Leifert/gundram.leifert@planet-ai.de:name=German_Kurrent_XVI-XVIII_M1(htr_id=19584)::::v=2.6.7
prov=University of Rostock/Institute of Mathematics/CITlab|PLANET AI GmbH/Tobias Gruening/tobias.gruening@planet-ai.de:name=de.uros.citlab.module.baseline2polygon.B2PSeamMultiOriented:v=2.6.7
prov=University of Rostock/Institute of Mathematics/CITlab|PLANET AI GmbH/Tobias Gruening/tobias.gruening@planet-ai.de:name=/net_tf/LA73_249_0mod360.pb:de.uros.citlab.segmentation.CITlab_LA_ML:v=2.6.6
prov=University of Rostock/Institute of Mathematics/CITlab|PLANET AI GmbH/Tobias Gruening/tobias.gruening@planet-ai.de:name=/net_tf/LA73_249_0mod360.pb:de.uros.citlab.segmentation.CITlab_LA_ML:v=2.6.6
Transkribus</Creator>
        <Created>2020-11-29T17:15:40.416+01:00</Created>
        <LastChange>2022-09-09T14:46:49.471+02:00</LastChange>
        <TranskribusMetadata docId="1334848" pageId="52363540" pageNr="193" tsid="114645557" status="IN_PROGRESS" userId="9570" imgUrl="https://files.transkribus.eu/Get?id=VSXTCXHAFOYZAETNTQVVMWZW&amp;fileType=view" xmlUrl="https://files.transkribus.eu/Get?id=PUPBIVFZEXASIWBHPOHENJXC" imageId="17819639"/>
    </Metadata>
    <Page imageFilename="IMG_4745.jpg" imageWidth="3024" imageHeight="4032">
        <ReadingOrder>
            <OrderedGroup id="ro_1687513647421" caption="Regions reading order">
                <RegionRefIndexed index="0" regionRef="r1"/>
                <RegionRefIndexed index="1" regionRef="r2"/>
                <RegionRefIndexed index="2" regionRef="r3"/>
            </OrderedGroup>
        </ReadingOrder>
        <TextRegion orientation="0.0" id="r1" custom="readingOrder {index:0;}">
            <Coords points="17,208 17,3808 1410,3808 1410,208"/>
            <TextLine id="r1l1" custom="readingOrder {index:0;} person {offset:5; length:10;}">
                <Coords points="416,299 593,279 695,326 833,263 929,310 1002,259 1151,259 1231,313 1314,276 1386,319 1385,257 1310,197 1181,168 1100,230 1029,180 892,162 845,209 785,175 673,230 624,196 567,231 501,185 414,216"/>
                <Baseline points="423,278 470,279 518,279 566,278 613,277 661,274 709,272 756,268 804,265 852,262 900,259 947,257 995,255 1043,254 1090,254 1138,255 1186,258 1233,263 1281,269 1329,278 1377,288"/>
                <TextEquiv>
                    <Unicode>dann Bratschund heisten Kundts unn</Unicode>
                </TextEquiv>
            </TextLine>
            <TextLine id="r1l2" custom="readingOrder {index:1;}">
                <Coords points="73,312 109,296 121,301 133,289 154,298 179,276 192,284 203,281 194,209 184,210 176,220 155,208 142,217 126,209 116,214 109,210 90,228 62,237"/>
                <Baseline points="77,281 106,278 135,274 164,270 194,263"/>
                <TextEquiv>
                    <Unicode>6.</Unicode>
                </TextEquiv>
            </TextLine>
            <TextLine id="r1l3" custom="readingOrder {index:2;}">
                <Coords points="354,444 408,469 497,398 561,447 607,421 704,456 797,386 976,389 1059,456 1226,396 1388,436 1389,354 1230,338 1163,280 1067,326 821,293 721,362 596,291 500,362 431,310 355,327"/>
                <Baseline points="363,393 413,393 464,393 515,392 566,392 617,390 668,389 718,387 769,386 820,385 871,384 922,384 973,384 1024,386 1074,387 1125,390 1176,394 1227,400 1278,406 1329,413 1380,423"/>
                <TextEquiv>
                    <Unicode>begen kißdemnacht abgehellt, zugebracht</Unicode>
                </TextEquiv>
            </TextLine>
            <TextLine id="r1l4" custom="readingOrder {index:3;} place {offset:18; length:12;}">
                <Coords points="329,570 466,515 520,565 593,496 742,469 869,502 1237,484 1413,539 1413,482 1298,443 1060,455 886,387 846,416 799,385 690,459 498,407 414,469 330,450"/>
                <Baseline points="338,492 391,492 444,491 497,489 551,488 604,486 657,484 711,482 764,480 817,477 871,476 924,476 977,476 1030,476 1084,477 1137,480 1190,484 1244,489 1297,496 1350,505 1404,515"/>
                <TextEquiv>
                    <Unicode>Er selbig auch zu Hilterkingen stechen</Unicode>
                </TextEquiv>
            </TextLine>
            <TextLine id="r1l5" custom="readingOrder {index:4;}">
                <Coords points="364,592 458,586 510,624 655,568 1038,562 1137,567 1181,610 1242,571 1406,615 1406,566 1153,478 1087,518 953,478 870,531 821,481 777,504 695,474 522,563 469,517 364,556"/>
                <Baseline points="372,579 423,579 474,578 525,576 577,575 628,572 679,570 731,567 782,564 833,563 885,561 936,560 987,560 1038,560 1090,561 1141,563 1192,569 1244,573 1295,581 1346,589 1398,600"/>
                <TextEquiv>
                    <Unicode>landen und dardurch dem Kurttenn</Unicode>
                </TextEquiv>
            </TextLine>
            <TextLine id="r1l6" custom="readingOrder {index:5;}">
                <Coords points="353,672 486,674 587,745 798,664 1033,701 1089,653 1219,657 1418,710 1418,658 1283,593 1161,637 1045,624 987,574 920,626 843,562 782,603 632,583 525,643 453,587 353,601"/>
                <Baseline points="360,668 412,671 465,672 517,672 570,671 622,669 675,667 727,665 780,662 832,660 885,657 937,656 990,654 1042,654 1095,656 1147,658 1200,662 1252,668 1305,678 1357,688 1410,701"/>
                <TextEquiv>
                    <Unicode>kiederauf hymber getragen, da dannen</Unicode>
                </TextEquiv>
            </TextLine>
            <TextLine id="r1l7" custom="readingOrder {index:6;}">
                <Coords points="349,768 625,759 672,801 789,754 877,817 973,746 1082,738 1200,743 1288,792 1383,761 1382,705 1262,720 1184,665 1035,708 948,663 795,708 737,674 663,739 458,678 348,725"/>
                <Baseline points="357,753 407,756 458,758 509,759 560,759 611,758 662,756 712,753 763,752 814,749 865,746 916,744 967,741 1018,740 1068,740 1119,740 1170,742 1221,745 1272,749 1323,755 1374,762"/>
                <TextEquiv>
                    <Unicode>der land man ihne wieder anhen</Unicode>
                </TextEquiv>
            </TextLine>
            <TextLine id="r1l8" custom="readingOrder {index:7;}">
                <Coords points="271,876 366,889 424,848 509,895 596,848 858,845 979,894 1127,836 1180,875 1382,877 1382,775 1151,790 1077,739 874,814 729,759 670,802 624,761 379,762 271,825"/>
                <Baseline points="279,851 333,852 388,854 443,854 498,853 552,852 607,851 662,849 717,848 771,846 826,845 881,843 936,842 990,842 1045,842 1100,843 1155,845 1209,846 1264,850 1319,854 1374,860"/>
                <TextEquiv>
                    <Unicode>Giel zum adler wirth geführt</Unicode>
                </TextEquiv>
            </TextLine>
            <TextLine id="r1l9" custom="readingOrder {index:8;} person {offset:8; length:4;}">
                <Coords points="355,946 613,941 670,999 871,930 1371,968 1371,894 1264,916 1108,840 978,895 857,846 722,886 653,841 551,897 408,849 355,890"/>
                <Baseline points="363,933 415,936 468,938 520,938 573,938 625,938 678,936 731,935 783,933 836,932 888,932 941,930 993,930 1046,931 1099,932 1151,935 1204,939 1256,944 1309,950 1362,959"/>
                <TextEquiv>
                    <Unicode>Alle er Magi und der keit denach</Unicode>
                </TextEquiv>
            </TextLine>
            <TextLine id="r1l10" custom="readingOrder {index:9;} person {offset:22; length:8;}">
                <Coords points="373,1054 431,1088 514,1022 669,1018 778,1085 850,1023 950,1040 1052,1007 1161,1074 1356,1051 1357,965 1215,998 1116,935 952,964 902,937 666,999 617,949 566,975 509,941 374,985"/>
                <Baseline points="381,1010 429,1014 477,1016 525,1019 574,1019 622,1020 670,1020 719,1020 767,1019 815,1019 864,1019 912,1017 960,1017 1008,1017 1057,1019 1105,1020 1153,1022 1202,1025 1250,1029 1298,1034 1347,1040"/>
                <TextEquiv>
                    <Unicode>deß morgens gedachter Stempfel</Unicode>
                </TextEquiv>
            </TextLine>
            <TextLine id="r1l11" custom="readingOrder {index:10;}">
                <Coords points="354,1161 462,1106 576,1152 799,1124 854,1166 957,1109 1149,1115 1201,1164 1261,1130 1396,1205 1398,1091 1300,1063 841,1026 775,1086 667,1019 356,1074"/>
                <Baseline points="363,1107 414,1110 465,1112 516,1113 568,1114 619,1113 670,1113 722,1112 773,1111 824,1110 876,1109 927,1109 978,1109 1029,1109 1081,1110 1132,1113 1183,1116 1235,1121 1286,1127 1337,1134 1389,1143"/>
                <TextEquiv>
                    <Unicode>probiert ob der kufdmann daß mahnen</Unicode>
                </TextEquiv>
            </TextLine>
            <TextLine id="r1l12" custom="readingOrder {index:11;}">
                <Coords points="348,1226 435,1199 508,1223 622,1199 706,1251 795,1215 860,1235 924,1188 1045,1201 1063,1145 976,1109 855,1167 704,1126 662,1150 602,1130 571,1156 465,1108 392,1161 346,1161"/>
                <Baseline points="356,1199 392,1200 429,1200 466,1200 503,1200 539,1199 576,1197 613,1196 650,1196 687,1194 723,1193 760,1191 797,1190 834,1188 871,1187 907,1185 944,1185 981,1184 1018,1184 1055,1184"/>
                <TextEquiv>
                    <Unicode>nit auch darbey gebessen.</Unicode>
                </TextEquiv>
            </TextLine>
            <TextLine id="r1l13" custom="readingOrder {index:12;}">
                <Coords points="103,1317 183,1334 225,1306 276,1312 328,1301 327,1199 293,1221 214,1178 102,1192"/>
                <Baseline points="111,1302 137,1305 163,1305 189,1302 215,1301 241,1299 267,1299 293,1302 320,1307"/>
                <TextEquiv>
                    <Unicode>Gass</Unicode>
                </TextEquiv>
            </TextLine>
            <TextLine id="r1l14" custom="readingOrder {index:13;}">
                <Coords points="337,1336 657,1310 717,1349 771,1306 825,1349 897,1298 1014,1306 1098,1361 1186,1302 1391,1326 1390,1265 1309,1265 1234,1191 1141,1242 944,1216 869,1254 745,1206 647,1269 558,1266 449,1199 336,1229"/>
                <Baseline points="345,1316 396,1316 448,1314 500,1313 552,1311 604,1308 656,1307 707,1304 759,1302 811,1299 863,1298 915,1296 967,1295 1019,1295 1070,1295 1122,1296 1174,1298 1226,1301 1278,1305 1330,1311 1382,1317"/>
                <TextEquiv>
                    <Unicode>kheinners schmisst dess er fürd geburen</Unicode>
                </TextEquiv>
            </TextLine>
            <TextLine id="r1l15" custom="readingOrder {index:14;}">
                <Coords points="334,1449 404,1410 638,1435 680,1403 841,1422 938,1394 976,1432 1130,1408 1215,1463 1328,1399 1327,1343 1234,1326 1110,1369 1012,1321 961,1374 880,1377 771,1315 719,1346 664,1309 581,1353 444,1314 332,1332"/>
                <Baseline points="342,1413 390,1410 439,1408 488,1406 537,1404 586,1401 635,1399 683,1398 732,1396 781,1395 830,1393 879,1392 928,1392 977,1392 1025,1392 1074,1392 1123,1394 1172,1395 1221,1398 1270,1401 1319,1404"/>
                <TextEquiv>
                    <Unicode>tigen lönnvß der Craufdmann seye</Unicode>
                </TextEquiv>
            </TextLine>
            <TextLine id="r1l16" custom="readingOrder {index:15;}">
                <Coords points="312,1521 398,1561 522,1499 653,1487 705,1514 865,1484 1239,1513 1303,1499 1302,1427 1194,1463 1127,1409 1016,1460 900,1395 740,1452 613,1419 538,1455 405,1409 311,1479"/>
                <Baseline points="320,1509 368,1504 417,1500 466,1496 515,1493 563,1490 612,1487 661,1485 710,1485 758,1484 807,1484 856,1482 905,1482 953,1482 1002,1484 1051,1484 1100,1484 1148,1484 1197,1484 1246,1484 1295,1484"/>
                <TextEquiv>
                    <Unicode>Ebey pprobierung der nempfel auch</Unicode>
                </TextEquiv>
            </TextLine>
            <TextLine id="r1l17" custom="readingOrder {index:16;}">
                <Coords points="340,1652 527,1580 618,1654 714,1578 838,1625 892,1575 971,1600 1013,1573 1122,1634 1199,1581 1316,1595 1316,1508 1084,1499 1023,1539 965,1495 847,1531 798,1489 704,1514 655,1486 474,1548 339,1545"/>
                <Baseline points="347,1589 395,1584 443,1582 491,1580 539,1578 587,1576 635,1575 683,1574 731,1574 779,1572 827,1572 875,1572 923,1573 971,1574 1019,1574 1067,1575 1115,1576 1163,1577 1211,1578 1259,1580 1307,1581"/>
                <TextEquiv>
                    <Unicode>gegenbärtig gsin, her keinten syn immer</Unicode>
                </TextEquiv>
            </TextLine>
            <TextLine id="r1l18" custom="readingOrder {index:17;} person {offset:19; length:6;}">
                <Coords points="339,1738 426,1697 494,1747 588,1660 836,1730 931,1661 1220,1752 1321,1687 1380,1698 1380,1601 1293,1632 1196,1588 1107,1637 895,1580 778,1621 670,1573 606,1626 542,1591 339,1627"/>
                <Baseline points="348,1679 399,1676 450,1674 501,1672 552,1670 603,1667 654,1665 706,1664 757,1662 808,1661 859,1661 910,1661 961,1661 1012,1661 1064,1662 1115,1665 1166,1668 1217,1672 1268,1676 1319,1683 1371,1689"/>
                <TextEquiv>
                    <Unicode>unst sige aber her könner nichts schier</Unicode>
                </TextEquiv>
            </TextLine>
            <TextLine id="r1l19" custom="readingOrder {index:18;}">
                <Coords points="322,1801 411,1782 489,1818 579,1770 735,1778 772,1749 860,1791 912,1757 1018,1767 1037,1717 948,1724 884,1688 794,1735 739,1692 685,1719 588,1660 497,1750 427,1699 367,1751 319,1749"/>
                <Baseline points="330,1785 365,1784 400,1782 435,1781 470,1777 505,1775 540,1772 575,1770 610,1767 645,1764 680,1763 715,1760 750,1758 785,1757 820,1755 855,1755 890,1754 925,1754 960,1755 995,1757 1031,1758"/>
                <TextEquiv>
                    <Unicode>sielo hierüber sagen.</Unicode>
                </TextEquiv>
            </TextLine>
            <TextLine id="r1l20" custom="readingOrder {index:19;}">
                <Coords points="9,1878 60,1880 138,1856 219,1922 265,1882 329,1867 326,1765 299,1769 249,1737 216,1746 184,1717 136,1709 111,1728 73,1723 41,1754 5,1765"/>
                <Baseline points="17,1865 42,1860 67,1858 92,1855 118,1854 143,1853 168,1853 193,1853 219,1853 244,1853 269,1853 294,1851 320,1848"/>
                <TextEquiv>
                    <Unicode>kein lassen</Unicode>
                </TextEquiv>
            </TextLine>
            <TextLine id="r1l21" custom="readingOrder {index:20;}">
                <Coords points="361,1904 770,1864 955,1924 1048,1853 1244,1874 1284,1913 1369,1880 1367,1775 1322,1759 1253,1818 1156,1820 1007,1760 886,1811 716,1770 658,1828 531,1854 412,1783 360,1797"/>
                <Baseline points="369,1890 418,1885 468,1880 517,1876 567,1872 617,1868 666,1866 716,1864 765,1863 815,1862 865,1861 914,1860 964,1860 1013,1862 1063,1862 1113,1863 1162,1863 1212,1865 1261,1866 1311,1867 1361,1868"/>
                <TextEquiv>
                    <Unicode>aber noch nicht bekannt syn sölle, daß</Unicode>
                </TextEquiv>
            </TextLine>
            <TextLine id="r1l22" custom="readingOrder {index:21;} person {offset:8; length:9;}">
                <Coords points="340,1997 616,1977 693,2039 857,1969 1004,1986 1070,1951 1176,1954 1258,2011 1379,1944 1378,1888 1267,1927 1130,1877 1081,1911 1009,1889 938,1932 849,1872 758,1905 547,1875 455,1946 338,1948"/>
                <Baseline points="348,1982 399,1979 450,1976 501,1974 552,1970 603,1968 654,1966 706,1964 757,1962 808,1961 859,1959 910,1958 961,1956 1012,1955 1064,1953 1115,1952 1166,1952 1217,1950 1268,1950 1319,1949 1371,1949"/>
                <TextEquiv>
                    <Unicode>als der Gratschin bi wiederbring ung der</Unicode>
                </TextEquiv>
            </TextLine>
            <TextLine id="r1l23" custom="readingOrder {index:22;} place {offset:16; length:12;}">
                <Coords points="295,2098 422,2082 513,2123 676,2060 749,2117 948,2052 1192,2047 1382,2091 1389,1972 1261,2018 1179,1958 1103,2020 850,1977 691,2040 529,1973 439,2049 343,1986 291,2005"/>
                <Baseline points="303,2081 357,2080 411,2079 465,2078 519,2076 573,2073 627,2070 681,2067 735,2064 789,2061 843,2058 897,2055 951,2052 1005,2051 1059,2049 1113,2048 1167,2048 1221,2048 1275,2049 1329,2053 1383,2055"/>
                <TextEquiv>
                    <Unicode>stamptenß er zu Hilterfingen stechen laßen.</Unicode>
                </TextEquiv>
            </TextLine>
            <TextLine id="r1l24" custom="readingOrder {index:23;} place {offset:11; length:9;}">
                <Coords points="298,2261 375,2273 445,2197 507,2244 604,2174 1245,2138 1332,2189 1370,2181 1361,2058 1294,2095 1193,2046 977,2060 895,2111 838,2072 747,2117 685,2097 597,2163 502,2119 460,2165 333,2141 291,2171"/>
                <Baseline points="302,2213 354,2207 407,2201 460,2194 513,2188 566,2183 618,2177 671,2173 724,2168 777,2165 830,2160 882,2156 935,2153 988,2150 1041,2147 1094,2144 1146,2141 1199,2139 1252,2138 1305,2136 1358,2135"/>
                <TextEquiv>
                    <Unicode>Schmid zuo Brab brin aber die behaltung</Unicode>
                </TextEquiv>
            </TextLine>
            <TextLine id="r1l25" custom="readingOrder {index:24;}">
                <Coords points="305,2339 363,2288 470,2274 1283,2246 1322,2233 1318,2161 1140,2141 1060,2199 1020,2169 974,2203 878,2166 757,2196 681,2173 500,2251 378,2195 300,2254"/>
                <Baseline points="311,2286 361,2283 411,2279 461,2276 511,2273 561,2270 611,2267 661,2265 711,2261 761,2259 812,2256 862,2253 912,2252 962,2249 1012,2246 1062,2243 1112,2240 1162,2238 1212,2235 1262,2232 1313,2229"/>
                <TextEquiv>
                    <Unicode>Wür diese stampfel gefragt, vnd dem</Unicode>
                </TextEquiv>
            </TextLine>
            <TextLine id="r1l26" custom="readingOrder {index:25;} person {offset:0; length:5;}">
                <Coords points="311,2427 441,2420 512,2366 602,2388 927,2339 1073,2385 1142,2332 1353,2337 1348,2218 1261,2278 1097,2229 999,2274 734,2271 650,2331 559,2268 520,2302 469,2275 306,2339"/>
                <Baseline points="317,2378 368,2376 419,2375 471,2373 522,2370 574,2369 625,2367 677,2363 728,2360 780,2358 831,2355 882,2351 934,2348 985,2344 1037,2342 1088,2337 1140,2334 1191,2331 1243,2328 1294,2326 1346,2322"/>
                <TextEquiv>
                    <Unicode>Bradi geantwortet, war er darter</Unicode>
                </TextEquiv>
            </TextLine>
            <TextLine id="r1l27" custom="readingOrder {index:26;}">
                <Coords points="298,2494 477,2466 588,2540 651,2534 749,2460 870,2482 1010,2448 1089,2477 1167,2437 1161,2336 1073,2386 1017,2355 934,2367 868,2426 719,2388 679,2422 617,2378 576,2407 515,2366 390,2436 293,2424"/>
                <Baseline points="306,2484 348,2481 391,2479 433,2477 476,2475 519,2472 561,2470 604,2467 646,2465 689,2462 732,2459 774,2457 817,2454 859,2451 902,2448 945,2445 987,2442 1030,2438 1072,2434 1115,2431 1158,2427"/>
                <TextEquiv>
                    <Unicode>wolle sie seyen iar nichste stutz</Unicode>
                </TextEquiv>
            </TextLine>
            <TextLine id="r1l28" custom="readingOrder {index:27;}">
                <Coords points="105,2658 836,2556 962,2629 1092,2563 1168,2615 1284,2553 1278,2479 1219,2507 1135,2447 1053,2497 907,2455 817,2527 701,2544 537,2492 421,2531 257,2453 90,2468"/>
                <Baseline points="111,2633 169,2623 227,2615 285,2607 343,2599 401,2593 459,2586 518,2581 576,2575 634,2571 692,2566 750,2562 808,2559 866,2556 925,2552 983,2549 1041,2547 1099,2544 1157,2542 1215,2540 1274,2537"/>
                <TextEquiv>
                    <Unicode>Enist behockt darüber verdacht in nochen</Unicode>
                </TextEquiv>
            </TextLine>
            <TextLine id="r1l29" custom="readingOrder {index:28;}">
                <Coords points="316,2695 634,2655 784,2673 900,2732 994,2653 1287,2651 1282,2558 1183,2613 1111,2575 1001,2628 809,2559 653,2614 582,2590 471,2657 311,2605"/>
                <Baseline points="324,2693 371,2687 419,2683 466,2679 514,2675 562,2671 609,2667 657,2664 705,2662 752,2660 800,2657 848,2655 895,2652 943,2651 991,2649 1038,2646 1086,2645 1134,2642 1181,2640 1229,2637 1277,2636"/>
                <TextEquiv>
                    <Unicode>dann geben es könne seyn oder nit</Unicode>
                </TextEquiv>
            </TextLine>
            <TextLine id="r1l30" custom="readingOrder {index:29;}">
                <Coords points="281,2837 637,2769 747,2835 840,2757 1277,2740 1311,2732 1305,2650 1123,2646 1015,2722 957,2692 907,2730 841,2699 792,2726 631,2655 273,2737"/>
                <Baseline points="287,2801 337,2794 388,2788 439,2783 490,2777 540,2772 591,2768 642,2764 693,2760 743,2756 794,2753 845,2750 896,2747 946,2742 997,2739 1048,2736 1099,2733 1149,2729 1200,2726 1251,2722 1302,2718"/>
                <TextEquiv>
                    <Unicode>synd bey seinem gebuchen böüme</Unicode>
                </TextEquiv>
            </TextLine>
            <TextLine id="r1l31" custom="readingOrder {index:30;}">
                <Coords points="279,2910 397,2901 469,2957 649,2892 692,2920 852,2897 965,2846 1106,2876 1272,2829 1264,2728 1076,2796 894,2748 760,2840 698,2812 626,2855 536,2806 276,2878"/>
                <Baseline points="287,2900 335,2895 384,2893 433,2888 482,2884 530,2880 579,2877 628,2874 677,2870 725,2865 774,2862 823,2858 872,2854 920,2850 969,2846 1018,2841 1067,2837 1115,2833 1164,2827 1213,2823 1262,2817"/>
                <TextEquiv>
                    <Unicode>er nichtsagen huomachen habe er sic</Unicode>
                </TextEquiv>
            </TextLine>
            <TextLine id="r1l32" custom="readingOrder {index:31;} person {offset:13; length:8;}">
                <Coords points="193,3039 467,3015 517,3049 618,2986 754,2998 817,2960 914,3019 1060,2947 1202,3014 1290,2922 1391,2921 1335,2861 1072,2892 1007,2861 867,2904 816,2875 740,2929 653,2894 536,2957 334,2908 189,2991"/>
                <Baseline points="200,3023 259,3014 318,3006 377,2999 436,2993 495,2987 554,2981 613,2976 672,2970 731,2966 791,2962 850,2957 909,2954 968,2949 1027,2946 1086,2942 1145,2938 1204,2934 1263,2930 1322,2926 1382,2921"/>
                <TextEquiv>
                    <Unicode>stampfel dem Bratschi misst dass aber</Unicode>
                </TextEquiv>
            </TextLine>
            <TextLine id="r1l33" custom="readingOrder {index:32;}">
                <Coords points="252,3181 363,3095 475,3147 544,3094 733,3135 854,3065 1030,3117 1108,3052 1214,3035 1283,3080 1381,3026 1377,2969 1290,2922 1204,3013 1050,2951 980,3012 799,2970 679,3019 582,3001 516,3050 470,3019 244,3069"/>
                <Baseline points="254,3092 312,3092 371,3092 430,3090 489,3088 548,3086 607,3082 666,3079 725,3075 784,3070 842,3066 901,3062 960,3057 1019,3051 1078,3045 1137,3040 1196,3034 1255,3029 1314,3024 1373,3018"/>
                <TextEquiv>
                    <Unicode>gnn gegeben, er habe gentzlich mit niche</Unicode>
                </TextEquiv>
            </TextLine>
            <TextLine id="r1l34" custom="readingOrder {index:33;}">
                <Coords points="280,3221 398,3212 462,3255 519,3235 577,3269 642,3221 704,3254 775,3187 842,3184 980,3239 1074,3182 1072,3137 878,3070 814,3115 774,3095 730,3140 629,3093 463,3148 403,3101 277,3161"/>
                <Baseline points="288,3212 326,3209 365,3206 404,3204 443,3201 482,3200 521,3197 559,3195 598,3193 637,3191 676,3189 715,3186 754,3184 793,3182 831,3181 870,3179 909,3177 948,3176 987,3174 1026,3173 1065,3171"/>
                <TextEquiv>
                    <Unicode>darmit zu Thun haben vollen</Unicode>
                </TextEquiv>
            </TextLine>
            <TextLine id="r1l35" custom="readingOrder {index:34;} place {offset:4; length:4;}">
                <Coords points="90,3432 226,3353 329,3393 667,3327 795,3375 846,3334 922,3388 1066,3306 1285,3325 1340,3286 1335,3189 1173,3180 940,3290 778,3214 435,3292 193,3203 79,3222"/>
                <Baseline points="95,3362 156,3356 218,3352 280,3348 342,3344 404,3341 466,3338 527,3335 589,3332 651,3329 713,3326 775,3324 837,3321 899,3318 960,3314 1022,3311 1084,3308 1146,3303 1208,3298 1270,3293 1332,3288"/>
                <TextEquiv>
                    <Unicode>Zuo Bohe miss beinbrigen anst inn grundt </Unicode>
                </TextEquiv>
            </TextLine>
            <TextLine id="r1l36" custom="readingOrder {index:35;}">
                <Coords points="285,3496 403,3492 504,3432 591,3489 793,3417 907,3449 968,3423 1076,3487 1168,3421 1365,3396 1359,3288 1182,3366 1065,3306 953,3394 845,3334 794,3376 668,3328 559,3382 477,3350 281,3412"/>
                <Baseline points="291,3458 344,3450 397,3444 450,3439 504,3435 557,3432 610,3429 663,3428 717,3426 770,3425 823,3423 876,3422 930,3420 983,3418 1036,3416 1089,3413 1143,3409 1196,3404 1249,3399 1302,3393 1356,3384"/>
                <TextEquiv>
                    <Unicode>gebehen als sin die stampfel probiert</Unicode>
                </TextEquiv>
            </TextLine>
            <TextLine id="r1l37" custom="readingOrder {index:36;} place {offset:3; length:9;}">
                <Coords points="67,3598 266,3650 444,3565 513,3613 607,3568 694,3617 740,3566 970,3603 1222,3515 1310,3563 1398,3519 1393,3432 1283,3462 1206,3426 1075,3486 967,3422 730,3506 339,3494 217,3442 61,3499"/>
                <Baseline points="74,3584 139,3581 205,3576 271,3572 336,3569 402,3565 468,3561 533,3558 599,3555 665,3551 731,3548 796,3544 862,3540 928,3536 993,3532 1059,3526 1125,3522 1190,3517 1256,3511 1322,3506 1388,3500"/>
                <TextEquiv>
                    <Unicode>g. Badwisser vergebuss, dass sy nicht darbey</Unicode>
                </TextEquiv>
            </TextLine>
            <TextLine id="r1l38" custom="readingOrder {index:37;}">
                <Coords points="267,3742 287,3740 346,3695 408,3717 449,3676 459,3682 488,3666 544,3659 542,3625 496,3620 477,3606 460,3618 412,3608 394,3619 334,3588 302,3619 263,3621"/>
                <Baseline points="272,3671 298,3667 324,3664 351,3663 377,3662 404,3662 430,3662 456,3662 483,3660 509,3659 536,3656"/>
                <TextEquiv>
                    <Unicode>gebehen.</Unicode>
                </TextEquiv>
            </TextLine>
            <TextLine id="r1l39" custom="readingOrder {index:38;}">
                <Coords points="1004,3834 1037,3826 1051,3810 1070,3817 1089,3808 1116,3775 1142,3783 1154,3769 1175,3778 1220,3757 1206,3644 1195,3647 1161,3627 1134,3627 1115,3644 1085,3646 1047,3686 1035,3682 988,3701"/>
                <Baseline points="1007,3785 1032,3776 1058,3770 1083,3767 1109,3764 1134,3762 1160,3761 1185,3758 1211,3753"/>
                <TextEquiv>
                    <Unicode>g.</Unicode>
                </TextEquiv>
            </TextLine>
            <TextEquiv>
                <Unicode>dann Bratschund heisten Kundts unn
6.
begen kißdemnacht abgehellt, zugebracht
Er selbig auch zu Hilterkingen stechen
landen und dardurch dem Kurttenn
kiederauf hymber getragen, da dannen
der land man ihne wieder anhen
Giel zum adler wirth geführt
Alle er Magi und der keit denach
deß morgens gedachter Stempfel
probiert ob der kufdmann daß mahnen
nit auch darbey gebessen.
Gass
kheinners schmisst dess er fürd geburen
tigen lönnvß der Craufdmann seye
Ebey pprobierung der nempfel auch
gegenbärtig gsin, her keinten syn immer
unst sige aber her könner nichts schier
sielo hierüber sagen.
kein lassen
aber noch nicht bekannt syn sölle, daß
als der Gratschin bi wiederbring ung der
stamptenß er zu Hilterfingen stechen laßen.
Schmid zuo Brab brin aber die behaltung
Wür diese stampfel gefragt, vnd dem
Bradi geantwortet, war er darter
wolle sie seyen iar nichste stutz
Enist behockt darüber verdacht in nochen
dann geben es könne seyn oder nit
synd bey seinem gebuchen böüme
er nichtsagen huomachen habe er sic
stampfel dem Bratschi misst dass aber
gnn gegeben, er habe gentzlich mit niche
darmit zu Thun haben vollen
Zuo Bohe miss beinbrigen anst inn grundt 
gebehen als sin die stampfel probiert
g. Badwisser vergebuss, dass sy nicht darbey
gebehen.
g.</Unicode>
            </TextEquiv>
        </TextRegion>
        <TextRegion orientation="0.0" id="r2" custom="readingOrder {index:1;}">
            <Coords points="1575,349 1575,746 1757,746 1757,349"/>
            <TextLine id="r2l1" custom="readingOrder {index:0;}">
                <Coords points="1608,513 1645,502 1680,468 1693,473 1719,461 1738,465 1767,456 1738,299 1707,322 1688,317 1632,367 1606,370 1585,384"/>
                <Baseline points="1610,477 1639,466 1668,457 1698,450 1727,449 1757,452"/>
                <TextEquiv>
                    <Unicode>Go</Unicode>
                </TextEquiv>
            </TextLine>
            <TextLine id="r2l2" custom="readingOrder {index:1;}">
                <Coords points="1572,734 1587,733 1605,710 1627,712 1636,702 1661,707 1693,697 1709,681 1718,687 1752,683 1731,540 1687,557 1669,549 1650,557 1614,594 1552,604"/>
                <Baseline points="1575,696 1602,693 1630,688 1658,684 1686,679 1714,675 1742,672"/>
                <TextEquiv>
                    <Unicode>D</Unicode>
                </TextEquiv>
            </TextLine>
            <TextEquiv>
                <Unicode>Go
D</Unicode>
            </TextEquiv>
        </TextRegion>
        <TextRegion orientation="0.0" id="r3" custom="readingOrder {index:2;}">
            <Coords points="1538,252 1538,3697 2853,3697 2853,252"/>
            <TextLine id="r3l1" custom="readingOrder {index:0;}">
                <Coords points="2702,362 2746,381 2758,375 2765,383 2775,382 2802,369 2830,384 2852,379 2865,262 2853,255 2817,265 2793,242 2784,249 2756,251 2715,245"/>
                <Baseline points="2717,303 2743,305 2770,306 2796,308 2823,313 2850,320"/>
                <TextEquiv>
                    <Unicode>139.</Unicode>
                </TextEquiv>
            </TextLine>
            <TextLine id="r3l2" custom="readingOrder {index:1;} person {offset:0; length:13;}">
                <Coords points="1967,361 2023,328 2065,352 2173,315 2350,360 2441,326 2587,337 2589,274 2491,295 2451,254 2416,266 2322,234 2238,291 2164,225 2089,270 1969,287"/>
                <Baseline points="1976,312 2006,310 2036,309 2066,308 2096,306 2127,306 2157,307 2187,308 2217,309 2247,311 2278,312 2308,314 2338,316 2368,317 2398,318 2429,319 2459,320 2489,321 2519,321 2549,321 2580,320"/>
                <TextEquiv>
                    <Unicode>Crister kaufd mann</Unicode>
                </TextEquiv>
            </TextLine>
            <TextLine id="r3l3" custom="readingOrder {index:2;}">
                <Coords points="1770,480 1995,471 2181,547 2346,502 2436,538 2562,480 2640,531 2716,498 2836,518 2838,439 2538,409 2389,442 2288,388 2036,424 1924,361 1772,377"/>
                <Baseline points="1779,467 1831,467 1884,467 1936,468 1989,468 2041,470 2094,470 2146,470 2199,471 2251,472 2304,473 2356,474 2409,476 2461,476 2514,478 2566,480 2619,482 2671,485 2724,486 2776,489 2829,492"/>
                <TextEquiv>
                    <Unicode>Warumb dieser geloußte beide als</Unicode>
                </TextEquiv>
            </TextLine>
            <TextLine id="r3l4" custom="readingOrder {index:3;}">
                <Coords points="1809,578 1900,567 1925,577 1947,556 2016,616 2104,565 2153,562 2151,498 2105,504 2086,521 2011,479 1974,500 1937,478 1916,480 1832,543 1809,536"/>
                <Baseline points="1817,563 1842,560 1867,558 1892,558 1917,556 1942,555 1967,555 1993,555 2018,554 2043,554 2068,554 2093,554 2118,554 2144,554"/>
                <TextEquiv>
                    <Unicode>und obige</Unicode>
                </TextEquiv>
            </TextLine>
            <TextLine id="r3l5" custom="readingOrder {index:4;}">
                <Coords points="1824,724 1898,685 1946,727 2058,672 2194,674 2284,718 2498,682 2728,718 2815,699 2816,610 2704,631 2617,584 2515,621 2430,591 2102,636 1825,606"/>
                <Baseline points="1832,672 1880,672 1929,672 1978,672 2027,672 2075,672 2124,672 2173,673 2222,674 2270,674 2319,674 2368,675 2417,675 2465,675 2514,677 2563,677 2612,677 2660,677 2709,678 2758,678 2807,678"/>
                <TextEquiv>
                    <Unicode>einmal an das lestere könnete</Unicode>
                </TextEquiv>
            </TextLine>
            <TextLine id="r3l6" custom="readingOrder {index:5;}">
                <Coords points="1797,825 1853,799 1995,803 2073,848 2129,805 2197,824 2226,801 2526,794 2526,709 2477,700 2427,746 2310,762 2191,695 1980,753 1892,690 1798,733"/>
                <Baseline points="1806,785 1841,783 1877,783 1912,783 1948,783 1983,782 2019,782 2054,782 2090,782 2125,782 2161,782 2197,782 2232,782 2268,782 2303,783 2339,783 2374,785 2410,785 2445,786 2481,788 2517,789"/>
                <TextEquiv>
                    <Unicode>sich gar nicht heimeren,</Unicode>
                </TextEquiv>
            </TextLine>
            <TextLine id="r3l7" custom="readingOrder {index:6;}">
                <Coords points="1824,975 2020,916 2232,967 2302,921 2414,980 2467,932 2581,929 2642,981 2734,993 2788,948 2848,960 2850,870 2209,855 2136,816 2017,862 1904,799 1827,804"/>
                <Baseline points="1833,933 1883,929 1933,926 1984,923 2034,921 2085,920 2135,920 2185,920 2236,920 2286,921 2337,923 2387,924 2437,927 2488,929 2538,932 2589,933 2639,936 2689,938 2740,939 2790,941 2841,941"/>
                <TextEquiv>
                    <Unicode>Iener hierauld beschehener gestor</Unicode>
                </TextEquiv>
            </TextLine>
            <TextLine id="r3l8" custom="readingOrder {index:7;}">
                <Coords points="1791,1077 2117,1011 2534,1029 2585,1064 2631,1038 2711,1082 2814,1033 2814,972 2694,998 2594,936 2494,971 2456,943 2411,982 2356,934 2147,976 1960,926 1792,973"/>
                <Baseline points="1800,1022 1850,1019 1900,1017 1950,1016 2001,1014 2051,1014 2101,1013 2151,1013 2202,1013 2252,1014 2302,1014 2352,1016 2403,1017 2453,1017 2503,1019 2553,1020 2604,1022 2654,1022 2704,1023 2754,1025 2805,1025"/>
                <TextEquiv>
                    <Unicode>tationd erhielt der rich darusst</Unicode>
                </TextEquiv>
            </TextLine>
            <TextLine id="r3l9" custom="readingOrder {index:8;}">
                <Coords points="1839,1136 1975,1120 2146,1165 2189,1124 2514,1127 2621,1173 2711,1131 2818,1136 2819,1061 2598,1096 2533,1040 2398,1102 2276,1096 2168,1010 2058,1030 2000,1084 1921,1031 1839,1049"/>
                <Baseline points="1847,1127 1895,1124 1943,1121 1991,1120 2039,1118 2087,1118 2135,1118 2184,1118 2232,1118 2280,1119 2328,1119 2376,1121 2424,1122 2472,1122 2521,1124 2569,1124 2617,1124 2665,1124 2713,1124 2761,1122 2810,1121"/>
                <TextEquiv>
                    <Unicode>dem kantmann muoter anngen, daß</Unicode>
                </TextEquiv>
            </TextLine>
            <TextLine id="r3l10" custom="readingOrder {index:9;}">
                <Coords points="1820,1270 2104,1227 2291,1260 2363,1222 2451,1253 2608,1221 2645,1249 2834,1242 2833,1197 2730,1132 2621,1174 2577,1144 2519,1184 2450,1127 2349,1196 2284,1150 2039,1186 1819,1136"/>
                <Baseline points="1827,1233 1876,1232 1926,1230 1976,1229 2026,1227 2076,1227 2126,1226 2176,1224 2226,1224 2276,1223 2326,1223 2375,1223 2425,1223 2475,1223 2525,1223 2575,1224 2625,1224 2675,1226 2725,1227 2775,1229 2825,1232"/>
                <TextEquiv>
                    <Unicode>Gerglich er darbeg gsin, als die stein¬</Unicode>
                </TextEquiv>
            </TextLine>
            <TextLine id="r3l11" custom="readingOrder {index:10;}">
                <Coords points="1805,1407 1916,1359 1969,1391 2039,1339 2396,1328 2508,1382 2634,1318 2837,1339 2835,1257 2712,1289 2651,1247 2563,1303 2435,1239 2320,1307 2204,1289 2153,1239 2053,1285 1946,1242 1803,1299"/>
                <Baseline points="1812,1335 1862,1335 1913,1334 1964,1334 2015,1332 2066,1332 2116,1331 2167,1329 2218,1328 2269,1326 2320,1325 2370,1325 2421,1323 2472,1322 2523,1322 2574,1322 2624,1320 2675,1320 2726,1322 2777,1322 2828,1323"/>
                <TextEquiv>
                    <Unicode>pfel probiert worden, habe auch der</Unicode>
                </TextEquiv>
            </TextLine>
            <TextLine id="r3l12" custom="readingOrder {index:11;} person {offset:10; length:10;}">
                <Coords points="1835,1488 1887,1443 1975,1500 2074,1439 2259,1470 2335,1423 2570,1430 2634,1480 2706,1419 2840,1430 2838,1354 2722,1323 2533,1395 2469,1347 2313,1391 2242,1339 2083,1342 1978,1411 1833,1415"/>
                <Baseline points="1842,1443 1891,1440 1940,1438 1990,1436 2039,1434 2089,1431 2138,1430 2188,1427 2237,1425 2287,1423 2336,1422 2385,1420 2435,1418 2484,1418 2534,1416 2583,1415 2633,1415 2682,1415 2732,1415 2781,1415 2831,1415"/>
                <TextEquiv>
                    <Unicode>gepragter stuckhinen eines in die hande</Unicode>
                </TextEquiv>
            </TextLine>
            <TextLine id="r3l13" custom="readingOrder {index:12;}">
                <Coords points="1842,1605 1912,1554 2173,1572 2246,1539 2304,1565 2351,1545 2449,1600 2540,1529 2791,1523 2788,1446 2708,1420 2630,1482 2335,1423 2247,1481 2133,1468 2065,1515 1999,1491 1839,1536"/>
                <Baseline points="1848,1553 1894,1550 1941,1547 1988,1544 2035,1542 2081,1540 2128,1537 2175,1535 2222,1533 2268,1530 2315,1529 2362,1527 2409,1524 2455,1523 2502,1521 2549,1520 2596,1518 2642,1518 2689,1517 2736,1517 2783,1515"/>
                <TextEquiv>
                    <Unicode>genommen, dan selbige beschanbet und</Unicode>
                </TextEquiv>
            </TextLine>
            <TextLine id="r3l14" custom="readingOrder {index:13;}">
                <Coords points="1851,1677 1955,1683 2026,1732 2098,1686 2229,1724 2290,1669 2377,1657 2446,1709 2537,1649 2668,1629 2731,1672 2823,1633 2819,1527 2670,1597 2596,1552 2421,1623 2299,1533 2147,1559 2101,1602 1932,1553 1848,1592"/>
                <Baseline points="1859,1655 1906,1656 1954,1656 2002,1656 2050,1656 2097,1655 2145,1655 2193,1652 2241,1651 2288,1649 2336,1647 2384,1644 2432,1641 2479,1638 2527,1637 2575,1634 2623,1632 2670,1629 2718,1628 2766,1625 2814,1625"/>
                <TextEquiv>
                    <Unicode>darzuo gestalt sin synn nichts müntz.</Unicode>
                </TextEquiv>
            </TextLine>
            <TextLine id="r3l15" custom="readingOrder {index:14;}">
                <Coords points="1783,1875 1873,1825 1930,1853 2139,1793 2849,1788 2847,1699 2697,1754 2604,1686 2483,1744 2293,1669 2205,1742 2105,1690 2044,1746 1890,1670 1778,1723"/>
                <Baseline points="1788,1800 1840,1801 1893,1802 1945,1802 1998,1802 2051,1800 2103,1799 2156,1797 2208,1794 2261,1792 2314,1789 2366,1787 2419,1784 2471,1782 2524,1781 2577,1779 2629,1779 2682,1779 2734,1779 2787,1781 2840,1784"/>
                <TextEquiv>
                    <Unicode>Item, daß er Karck mann er abend</Unicode>
                </TextEquiv>
            </TextLine>
            <TextLine id="r3l16" custom="readingOrder {index:15;}">
                <Coords points="1777,1937 1883,1908 2056,1958 2125,1913 2182,1937 2472,1882 2683,1942 2743,1890 2849,1880 2827,1797 2680,1791 2602,1834 2535,1780 2459,1846 2402,1817 2350,1868 2132,1794 1987,1811 1933,1855 1874,1825 1775,1884"/>
                <Baseline points="1784,1919 1836,1916 1889,1913 1942,1910 1995,1907 2048,1904 2100,1901 2153,1898 2206,1895 2259,1892 2312,1889 2364,1886 2417,1883 2470,1881 2523,1879 2576,1877 2628,1875 2681,1874 2734,1872 2787,1872 2840,1871"/>
                <TextEquiv>
                    <Unicode>Duder sind er mit dem Bralffe zum</Unicode>
                </TextEquiv>
            </TextLine>
            <TextLine id="r3l17" custom="readingOrder {index:16;} person {offset:0; length:6;}">
                <Coords points="1853,2051 2167,2015 2266,2052 2425,1993 2529,2067 2642,1989 2751,2034 2841,1998 2836,1883 2714,1960 2551,1887 2457,1937 2191,1930 2105,1984 1847,1922"/>
                <Baseline points="1859,2019 1907,2019 1956,2018 2004,2016 2053,2015 2102,2012 2150,2010 2199,2007 2248,2003 2296,2001 2345,1997 2394,1994 2442,1992 2491,1989 2540,1986 2588,1985 2637,1983 2686,1982 2734,1982 2783,1982 2832,1983"/>
                <TextEquiv>
                    <Unicode>Galler angekommen ihme nienacht ge¬</Unicode>
                </TextEquiv>
            </TextLine>
            <TextLine id="r3l18" custom="readingOrder {index:17;}">
                <Coords points="1844,2187 1985,2123 2114,2136 2160,2106 2223,2148 2335,2116 2410,2177 2586,2100 2716,2147 2841,2098 2838,2027 2801,2007 2711,2050 2617,2005 2534,2069 2436,1997 2375,2045 2333,2012 2277,2061 1975,2021 1840,2066"/>
                <Baseline points="1851,2124 1900,2123 1949,2122 1998,2121 2047,2120 2096,2118 2145,2117 2194,2115 2243,2114 2292,2111 2341,2109 2390,2107 2439,2105 2488,2102 2537,2100 2586,2099 2635,2096 2684,2094 2733,2092 2782,2091 2832,2088"/>
                <TextEquiv>
                    <Unicode>saß, da sin von der ben, darmchder</Unicode>
                </TextEquiv>
            </TextLine>
            <TextLine id="r3l19" custom="readingOrder {index:18;}">
                <Coords points="1829,2248 2025,2242 2105,2189 2169,2228 2333,2206 2418,2278 2522,2211 2594,2269 2660,2207 2717,2235 2798,2190 2777,2127 2725,2157 2559,2114 2499,2170 2406,2178 2334,2115 2275,2159 2159,2109 2102,2146 2038,2119 1938,2199 1828,2204"/>
                <Baseline points="1836,2229 1883,2227 1931,2224 1978,2221 2026,2218 2074,2216 2121,2213 2169,2211 2217,2209 2264,2206 2312,2204 2360,2202 2407,2201 2455,2199 2503,2198 2550,2196 2598,2195 2646,2193 2693,2193 2741,2192 2789,2190"/>
                <TextEquiv>
                    <Unicode>3. hat er der Kempfel fringen,</Unicode>
                </TextEquiv>
            </TextLine>
            <TextLine id="r3l20" custom="readingOrder {index:19;}">
                <Coords points="1847,2391 1925,2327 2020,2309 2082,2335 2255,2305 2383,2378 2597,2294 2698,2353 2763,2299 2831,2306 2827,2216 2777,2197 2594,2273 2520,2213 2422,2279 2315,2209 2204,2259 2104,2189 2024,2241 1936,2227 1842,2263"/>
                <Baseline points="1853,2330 1901,2324 1949,2321 1998,2317 2046,2314 2095,2312 2143,2310 2192,2308 2240,2306 2289,2306 2337,2303 2385,2303 2434,2301 2482,2300 2531,2298 2579,2297 2628,2295 2676,2294 2725,2291 2773,2288 2822,2285"/>
                <TextEquiv>
                    <Unicode>habe etles darauff veren laßen</Unicode>
                </TextEquiv>
            </TextLine>
            <TextLine id="r3l21" custom="readingOrder {index:20;}">
                <Coords points="1857,2433 2038,2422 2100,2473 2143,2433 2213,2485 2332,2409 2594,2432 2715,2398 2787,2437 2848,2413 2846,2344 2762,2299 2697,2359 2496,2391 2297,2354 2231,2306 2128,2378 2014,2311 1855,2376"/>
                <Baseline points="1865,2426 1913,2423 1962,2420 2011,2417 2060,2415 2108,2413 2157,2412 2206,2410 2255,2409 2303,2408 2352,2406 2401,2406 2450,2405 2498,2403 2547,2402 2596,2400 2645,2399 2693,2396 2742,2393 2791,2390 2840,2387"/>
                <TextEquiv>
                    <Unicode>sied vollen selbige nun auch probielen</Unicode>
                </TextEquiv>
            </TextLine>
            <TextLine id="r3l22" custom="readingOrder {index:21;}">
                <Coords points="1825,2549 1938,2531 2046,2598 2175,2535 2498,2519 2545,2562 2625,2519 2837,2524 2835,2451 2644,2415 2547,2437 2474,2408 2402,2475 2334,2451 2284,2495 1943,2418 1823,2475"/>
                <Baseline points="1832,2534 1881,2534 1931,2534 1981,2532 2031,2532 2081,2531 2130,2529 2180,2528 2230,2526 2280,2525 2330,2523 2379,2522 2429,2520 2479,2519 2529,2517 2579,2517 2628,2516 2678,2514 2728,2514 2778,2513 2828,2513"/>
                <TextEquiv>
                    <Unicode>vor Clauß man aber Gegierterbärd</Unicode>
                </TextEquiv>
            </TextLine>
            <TextLine id="r3l23" custom="readingOrder {index:22;}">
                <Coords points="1853,2625 2511,2599 2602,2659 2676,2662 2840,2585 2838,2530 2710,2517 2630,2567 2543,2562 2499,2520 2428,2558 2186,2540 2059,2597 1969,2541 1851,2581"/>
                <Baseline points="1860,2619 1908,2618 1957,2616 2005,2615 2054,2614 2102,2612 2151,2611 2199,2610 2248,2608 2296,2607 2345,2606 2394,2604 2442,2603 2491,2601 2539,2600 2588,2598 2636,2597 2685,2596 2733,2595 2782,2594 2831,2592"/>
                <TextEquiv>
                    <Unicode>allad ner allein bekante he gesagt, sund</Unicode>
                </TextEquiv>
            </TextLine>
            <TextLine id="r3l24" custom="readingOrder {index:23;}">
                <Coords points="1853,2726 1917,2717 1978,2758 2085,2707 2152,2747 2200,2708 2306,2743 2430,2700 2491,2741 2539,2707 2813,2685 2809,2590 2650,2664 2508,2600 2436,2638 2347,2610 2229,2651 2173,2610 2126,2642 2086,2618 2024,2679 1936,2618 1851,2659"/>
                <Baseline points="1862,2718 1909,2717 1956,2713 2003,2711 2050,2709 2097,2707 2144,2705 2191,2703 2238,2702 2285,2700 2333,2699 2380,2697 2427,2696 2474,2693 2521,2691 2568,2690 2615,2688 2662,2685 2709,2684 2756,2681 2804,2678"/>
                <TextEquiv>
                    <Unicode>haben, da sinen huß der vf dan der die</Unicode>
                </TextEquiv>
            </TextLine>
            <TextLine id="r3l25" custom="readingOrder {index:24;}">
                <Coords points="1846,2844 1918,2836 2000,2885 2071,2825 2130,2865 2176,2825 2248,2844 2286,2807 2525,2791 2637,2857 2770,2789 2861,2795 2858,2733 2766,2691 2463,2776 2364,2723 2319,2753 2200,2712 2151,2748 2085,2708 2002,2786 1929,2722 1841,2726"/>
                <Baseline points="1853,2828 1903,2826 1953,2824 2003,2821 2053,2819 2103,2816 2153,2814 2203,2810 2253,2808 2303,2805 2353,2802 2403,2799 2453,2796 2503,2793 2553,2792 2603,2790 2653,2789 2703,2787 2753,2787 2803,2787 2853,2787"/>
                <TextEquiv>
                    <Unicode>Nampfel habe unnd von daruff gstechen</Unicode>
                </TextEquiv>
            </TextLine>
            <TextLine id="r3l26" custom="readingOrder {index:25;}">
                <Coords points="1854,2982 1915,2986 1962,2935 2255,2933 2298,2967 2441,2904 2514,2946 2655,2898 2714,2930 2858,2900 2842,2815 2634,2860 2504,2808 2376,2847 2289,2809 2225,2875 2158,2853 2023,2896 1917,2836 1848,2851"/>
                <Baseline points="1859,2924 1908,2924 1958,2922 2007,2921 2057,2919 2106,2916 2156,2913 2205,2911 2255,2909 2304,2906 2354,2903 2403,2900 2453,2898 2502,2895 2552,2892 2601,2891 2651,2889 2700,2888 2750,2886 2799,2886 2849,2886"/>
                <TextEquiv>
                    <Unicode>lafen und probier habe ermints geredt:</Unicode>
                </TextEquiv>
            </TextLine>
            <TextLine id="r3l27" custom="readingOrder {index:26;} person {offset:19; length:5;} person {offset:29; length:6; continued:true;}">
                <Coords points="1866,3061 1934,3093 2012,3050 2110,3110 2189,3032 2260,3052 2496,3011 2686,3073 2818,2983 2814,2910 2716,2931 2665,2899 2587,2946 2451,2958 2393,2923 2342,2976 2246,2951 2180,3000 2110,2955 2040,2991 1957,2951 1863,3005"/>
                <Baseline points="1874,3042 1920,3042 1967,3041 2014,3040 2061,3038 2108,3036 2154,3033 2201,3030 2248,3027 2295,3024 2342,3022 2388,3018 2435,3014 2482,3011 2529,3007 2576,3004 2622,3000 2669,2997 2716,2993 2763,2990 2810,2987"/>
                <TextEquiv>
                    <Unicode>aerricht gestelten Galle dem Richde</Unicode>
                </TextEquiv>
            </TextLine>
            <TextLine id="r3l28" custom="readingOrder {index:27;} person {offset:0; length:6; continued:true;}">
                <Coords points="1536,3106 1578,3076 1607,3074 1684,3029 1758,3039 1814,3024 1802,2938 1776,2950 1719,2928 1687,2938 1619,2996 1578,2970 1520,3000"/>
                <Baseline points="1538,3065 1564,3052 1591,3042 1618,3035 1644,3029 1671,3026 1698,3023 1724,3023 1751,3021 1778,3021 1805,3021"/>
                <TextEquiv>
                    <Unicode>Callis</Unicode>
                </TextEquiv>
            </TextLine>
            <TextLine id="r3l29" custom="readingOrder {index:28;}">
                <Coords points="1842,3144 1945,3180 2003,3137 2057,3164 2106,3134 2182,3193 2223,3145 2325,3164 2408,3118 2457,3149 2504,3096 2643,3142 2718,3086 2803,3080 2799,3024 2754,3008 2667,3071 2583,3031 2321,3026 2257,3097 2198,3108 2108,3111 2048,3065 1941,3111 1839,3103"/>
                <Baseline points="1850,3141 1897,3141 1944,3142 1991,3141 2039,3141 2086,3139 2133,3136 2180,3134 2228,3131 2275,3126 2322,3122 2369,3119 2417,3114 2464,3110 2511,3104 2558,3100 2606,3095 2653,3089 2700,3085 2747,3081 2795,3077"/>
                <TextEquiv>
                    <Unicode>mnachst gezeigt so haben Buren die</Unicode>
                </TextEquiv>
            </TextLine>
            <TextLine id="r3l30" custom="readingOrder {index:29;} person {offset:24; length:4;}">
                <Coords points="1867,3247 1908,3239 1988,3305 2138,3233 2217,3286 2290,3221 2410,3278 2551,3202 2707,3261 2771,3195 2837,3191 2833,3133 2707,3122 2675,3157 2506,3096 2454,3151 2400,3118 2324,3163 2221,3149 2178,3198 2135,3169 2088,3206 1983,3203 1910,3149 1863,3180"/>
                <Baseline points="1874,3239 1921,3237 1969,3234 2017,3233 2064,3231 2112,3228 2160,3226 2207,3222 2255,3220 2303,3217 2351,3213 2398,3211 2446,3207 2494,3203 2541,3200 2589,3196 2637,3192 2684,3187 2732,3182 2780,3179 2828,3173"/>
                <TextEquiv>
                    <Unicode>stampfel ilt, sy soller Blam sie sta</Unicode>
                </TextEquiv>
            </TextLine>
            <TextLine id="r3l31" custom="readingOrder {index:30;}">
                <Coords points="1823,3347 1872,3350 1878,3343 1902,3353 1915,3346 1965,3386 2021,3340 2036,3337 2035,3266 1988,3305 1903,3246 1845,3296 1822,3291"/>
                <Baseline points="1830,3339 1858,3338 1886,3338 1914,3336 1943,3336 1971,3336 1999,3336 2028,3335"/>
                <TextEquiv>
                    <Unicode>bel</Unicode>
                </TextEquiv>
            </TextLine>
            <TextLine id="r3l32" custom="readingOrder {index:31;}">
                <Coords points="1883,3446 1959,3429 2015,3475 2107,3423 2210,3421 2250,3453 2287,3413 2418,3404 2496,3452 2566,3391 2605,3414 2640,3385 2731,3450 2830,3382 2827,3328 2728,3345 2555,3278 2506,3333 2397,3308 2185,3355 2093,3292 1976,3384 1877,3357"/>
                <Baseline points="1889,3426 1935,3425 1982,3423 2028,3422 2075,3419 2122,3417 2168,3414 2215,3411 2262,3408 2308,3405 2355,3401 2402,3398 2448,3395 2495,3391 2542,3388 2588,3385 2635,3381 2682,3378 2728,3375 2775,3372 2822,3371"/>
                <TextEquiv>
                    <Unicode>mann sölle nie schreibe in bemögen,</Unicode>
                </TextEquiv>
            </TextLine>
            <TextLine id="r3l33" custom="readingOrder {index:32;}">
                <Coords points="1649,3498 1675,3495 1713,3451 1743,3459 1765,3442 1864,3472 1849,3343 1810,3361 1782,3350 1767,3357 1688,3424 1640,3421"/>
                <Baseline points="1652,3452 1680,3446 1708,3442 1736,3438 1765,3436 1793,3434 1821,3430 1850,3428"/>
                <TextEquiv>
                    <Unicode>Gals</Unicode>
                </TextEquiv>
            </TextLine>
            <TextLine id="r3l34" custom="readingOrder {index:33;}">
                <Coords points="1851,3547 2059,3522 2181,3582 2237,3533 2348,3512 2421,3567 2501,3505 2611,3503 2604,3401 2565,3392 2499,3453 2465,3438 2416,3468 2158,3418 2075,3469 2013,3476 1965,3437 1847,3491"/>
                <Baseline points="1859,3533 1896,3528 1933,3525 1970,3521 2007,3519 2044,3516 2081,3514 2118,3512 2155,3510 2192,3509 2229,3507 2266,3505 2303,3503 2340,3500 2377,3498 2414,3495 2451,3491 2488,3488 2525,3483 2562,3478 2600,3473"/>
                <TextEquiv>
                    <Unicode>dan als seye oder nicht.</Unicode>
                </TextEquiv>
            </TextLine>
            <TextLine id="r3l35" custom="readingOrder {index:34;}">
                <Coords points="1682,3684 1989,3731 2145,3720 2253,3652 2368,3708 2505,3630 2752,3655 2843,3613 2838,3531 2656,3512 2550,3588 2462,3539 2367,3583 2256,3545 2183,3584 1998,3519 1850,3548 1751,3516 1674,3564"/>
                <Baseline points="1689,3672 1746,3668 1803,3665 1860,3660 1918,3657 1975,3654 2032,3651 2089,3648 2147,3645 2204,3642 2261,3639 2318,3637 2376,3633 2433,3630 2490,3626 2547,3622 2605,3617 2662,3614 2719,3608 2776,3602 2834,3596"/>
                <TextEquiv>
                    <Unicode>hr ablonicht noch zemand unser</Unicode>
                </TextEquiv>
            </TextLine>
            <TextEquiv>
                <Unicode>139.
Crister kaufd mann
Warumb dieser geloußte beide als
und obige
einmal an das lestere könnete
sich gar nicht heimeren,
Iener hierauld beschehener gestor
tationd erhielt der rich darusst
dem kantmann muoter anngen, daß
Gerglich er darbeg gsin, als die stein¬
pfel probiert worden, habe auch der
gepragter stuckhinen eines in die hande
genommen, dan selbige beschanbet und
darzuo gestalt sin synn nichts müntz.
Item, daß er Karck mann er abend
Duder sind er mit dem Bralffe zum
Galler angekommen ihme nienacht ge¬
saß, da sin von der ben, darmchder
3. hat er der Kempfel fringen,
habe etles darauff veren laßen
sied vollen selbige nun auch probielen
vor Clauß man aber Gegierterbärd
allad ner allein bekante he gesagt, sund
haben, da sinen huß der vf dan der die
Nampfel habe unnd von daruff gstechen
lafen und probier habe ermints geredt:
aerricht gestelten Galle dem Richde
Callis
mnachst gezeigt so haben Buren die
stampfel ilt, sy soller Blam sie sta
bel
mann sölle nie schreibe in bemögen,
Gals
dan als seye oder nicht.
hr ablonicht noch zemand unser</Unicode>
            </TextEquiv>
        </TextRegion>
    </Page>
</PcGts>
