3024 4032
150 238 1312 410 vom leben zum tod hingerichtet
161 394 473 527 werden.
335 475 639 586 horm
160 508 1184 700 actum den 5. januarii 11.
166 746 1349 923 2 Sitöist dise artheil an ihme voll
122 858 570 1039 stecket worden.
2730 168 2839 274 9.
1816 178 2635 348 Eiminat Brocedur
1636 338 2862 519 Christen Eherhards von Artenen
1607 554 2844 684 Demnach Christen Oberhard von Rotenen
1625 669 2847 816 em lediger keel von 24 jahren alters
1637 765 2829 902 gegen in erezichenem sommer ab dem
1646 860 2836 1003 veld entgendten gärben, dz g angierti
1651 957 2731 1069 anhero gebracht, eingesezet, und hub
1708 1030 2842 1169 let septemben von ihr Gnde
1658 1130 2832 1261 dieneren menthen herren viel grossweibel
1658 1213 2869 1337 roch und herrn vil grichtschreiberin digen
1637 1295 2843 1433 pürger, ohne befrohung der marther
1658 1401 2830 1578 d 28. sctobris aber alles dieses jahrs
1640 1490 2877 1650 ourch muchiner gennlicher Samuel Mathin
1670 1585 2864 1733 mit zuo ziechung obgemeldt meiche die
1670 1661 2858 1791 großweibels, und Biel Grichtschreibers
1671 1771 2881 1891 mit vergeifung und ernstlicher befrohungen
1650 1858 2874 1983 der marter minasen derselbe encklich
1659 1947 2857 2090 durch den Schärfferichter auf die kolter¬
1673 2018 2855 2171 bank gesezet, examiniert, und befraget
2090 2121 2842 2257 hat derselbige nach ge¬
1658 2171 1937 2271 worden.
1674 2221 2867 2405 schriebene bekantnuß von sich gegeben
2428 2325 2875 2454 Namlichen er
1677 2337 2243 2499 und außgefagt.
1675 2437 2858 2616 seye Christen Eberhard Joseths Sohn zuo¬
1681 2546 2754 2712 Netenen, samme elfern daselbsten,
1676 2656 2879 2832 heyend arme Leüthe er streibe ein being
1683 2743 2860 2943 das küsser handt werk, seye schon ehe¬
1680 2870 2873 3035 mahlen begen diebstählen angeklagt,
1690 2974 2880 3158 unnd auch allhier in verhafft, alberen an¬
1679 3073 2882 3266 schuldig gewesen, dermalen aber
1666 3182 2886 3387 habe er sich leider in dem verrichenen
1686 3286 2898 3504 sommer auf dem veld zuo dreyen ver¬
1683 3419 2900 3628 schiedenen malen, dess nachts an denen
1708 3509 2908 3739 auf dem veldt gelegenen garben vergrifften
2651 3649 2890 3743 nde
