3024 4032
135 234 289 336 1156.
107 712 368 828 enthalten.
385 332 1448 478 Inn dean Berhiard Depouda für
383 452 1476 588 Sachs Jahrlang in dem Schallenwerk
391 515 1388 685 mit dem hals ding und dem
383 629 1406 775 Crirtan falschloneber bezeichneb
399 714 1427 842 Heerden solle. Actum eocam 200.
388 818 1024 952 d . Martii Att
555 1087 1431 1253 Ledul an Michen Grossweibel
826 1206 1078 1324 Morlet.
374 1363 664 1490 mutgehen herren
634 1364 1412 1504 und obren R und 3.
376 1464 1466 1611 habend zeütn, auf angehörte Broredur
369 1555 1457 1713 dnn Jean Berhard Gependal zu wohl
364 1644 1476 1801 perdinnter bestraftung, für 6 jahr
366 1739 1360 1880 lang in das schallenlanck erkent.
367 1836 1499 1990 Gerolongen ihr machel hiermit hreündlige
370 1936 1471 2078 ersucht werdet, ihnn dexendar, dem
347 2027 1465 2165 Herren Schallen droserternn Welen zu zu¬
360 2129 1499 2276 gsunden, alts Copam 100 den 8. martii
354 2245 544 2337 Mltt.
343 2369 1385 2574 bedul an machten Bauheren 28.
340 2529 1484 2749 mienghehrer und obere Kund ti habend
329 2662 1503 2816 henne nach angehörter eriminat Procedur
331 2758 1366 2885 dan Jean Bernhard Deperdar den
325 2820 1505 2994 falsch merber, zuo simer wohl verdiennen.
333 2912 1470 3094 jedoch gnädigen bestrastung, für b¬
304 2991 1516 3189 jahrlang in das Schallenlanck erkent.
327 3102 1510 3270 dessen ihr muchschli hierdurch benachenhtiget
327 3193 1432 3353 werdet mit fründlichem gesimen,
322 3285 1410 3448 Dinsen dependat dransen in dem
324 3342 1480 3553 Schallenhaus gnemmen und mit dem
325 3425 1500 3636 halz Ring und dem centan falsch¬
317 3509 1441 3706 harber auf dem ruken, bezeichnen
308 3636 1170 3822 zulassen, die zu thun etc.
2787 329 2895 426 183.
1855 311 2884 483 zedul an minen herren der Neurier Kammer
1875 455 2864 616 üngen und obere R. und r. habend.
1882 556 2873 673 heite nach anhörung, der londer den
1883 632 2846 761 falschloneber, dean Bernhard Gepenbar
1894 713 2876 832 von dt hier ambs Morser errichteten
1894 782 2882 897 Leimmal Broceder habent daß
1879 866 2854 984 selbiger zuo wohl verdienter, denach
1894 945 2877 1081 gnädiger bestrastung, für 6 jahr
1888 1023 2905 1132 lang in dem schallenlorck mit dem
1882 1096 2884 1232 Gals ring und dem lietaun falsch¬
1891 1176 2869 1311 loneber, auf dem rucken bezeichnet,
2536 1278 2872 1385 desan
1911 1266 2536 1389 enthalten worden sölle.
1894 1366 2290 1484 Ihre mecht Herren
1907 1566 2722 1718 an hrn. iuopectoren meler
1909 1689 2853 1829 mugfhern und oberen mund b¬
1884 1783 2835 1916 habend zeüte, den falsch werber
1893 1873 2893 2008 Jean Berhard Gependar zu vohl
1902 1954 2907 2085 perdienter, denoch gnädiger be¬
1910 2029 2896 2206 esterstung für 6 jahr lang mit
1899 2122 2930 2276 dem Ring und Ceilano auf dem
1898 2223 2934 2366 zucken, in das Schallemortt bekent
1907 2333 2905 2475 deßen ihr hiermit benachrichtiget,
1920 2442 2920 2575 werdet, mit dem anhimen, ihnn
1913 2517 2911 2664 Lepender anzunemmen, und das
1931 2593 2935 2742 bekente an ihme volstreten zuo lassen
1940 2671 2954 2840 lein zu Thun ihr wohl lessen werdet.
1928 2819 2553 2968 Aets 9. martii 1144.
