3024 4032
77 228 199 311 152.
414 363 1499 546 Wie ein krämerung, daß von Gotts dem
392 475 1484 644 allmächtigen ins an vertranten hoch¬
384 548 1450 702 oberkeitlichen richter ancks und der
400 631 1399 765 darmit verknüpfften blichten zuo
1395 738 1463 795 D
391 708 1452 885 absbrahzung derglenhen missethatenn
398 805 1416 941 damit solche blut sunden von dem
391 872 1443 1034 land abgelehnet worden möchten, mit
403 992 1482 1151 hinhäligenn mehr erkent und gesprochen,
388 1057 1410 1231 das diesern Abelthaterin flubers
388 1133 1467 1340 Wermuth, nach zuo vor gethaner empfeh¬
391 1226 1455 1394 alung ihrer Stolen in die hand ihren
385 1313 1433 1467 Erlösers zuo loohl verdienter strass und
377 1410 1413 1559 Mäniglich zum abschen und schreben
388 1501 1473 1636 dem Schor herr Richter übergeben von ihme
387 1569 1482 1728 gebunden, anten auß auf den gelohnten
368 1663 1417 1824 richtglot geführt, daselbsten ihra mit
382 1778 1378 1908 dem schlorrs das haubt abgeschlagen,
373 1840 1408 1989 und die also vom leben zum tod hin¬
376 1928 1413 2092 gerichtet, der entstelte cörper dan
371 2021 1406 2174 Sachloerts, an das verschiedechte orth
363 2119 1366 2247 verscharret Berden solle. Actum
367 2218 1413 2352 Docum 200. d. 24 trachmonaths 1142
345 2399 1443 2538 Surse nathuil ist dz 25. dito an ihren
339 2490 1236 2624 Dernicht vollstreket worden.
1694 2780 1788 2932 11.
2761 315 2887 402 153.
2044 438 2664 582 Regtement
1842 585 2888 777 Wie und durch lehrie die gluts
1870 721 2877 892 oder Jodes Nethlen an allhinziger
1829 812 2889 964 krüntz gassen publinet werden sollen.
1776 1161 2863 1313 Demnach mechgheim Tütsch
1844 1271 2807 1385 zekelmeister und kenner, in
1826 1368 2847 1519 solg miterum 4. julii 21. Augusti
1850 1439 2868 1551 und 26. aderibris inendrigen und
1833 1515 2894 1650 üntnemm 21. Martii diess jahrs ein¬
1828 1603 2912 1735 pfangenen befellchen, ihr abgefaßtes
1834 1699 2849 1831 guth nachten müghheren und oberen
1843 1793 2887 1916 rath und burgeren hinterbracht, die
1854 1877 2839 1999 in ansehen deß eeremonialis an¬
1842 1944 2917 2040 den landtagen und mit puoblication
1846 2033 2898 2158 der Bluts und Jodes Arthlen in all¬
1831 2123 2797 2258 Hensiger haubt statt us gehalten
1822 2201 2878 2317 werden solle und auch eingesehen
1833 2277 2873 2393 worden, laas miternn 22. maii
1829 2351 2917 2478 und ih. fiß, allberarts harüber ver¬
1822 2426 2932 2569 gsächen, habend meghenen und oberen
1842 2525 2930 2649 nach geloalteten vilfalbigen valion
1832 2613 2918 2758 Deiniso hiemit erkent und ralmet sic
1831 2697 2242 2827 lörn volget
1827 2810 2886 2977 Mann an sinen montag oder
1816 2921 2926 3061 krüytag, über sin sinnmals, versohn,
1812 3008 2296 3138 Aon Murgherin
2251 3016 2878 3111 und oberen Rath
1831 3077 2865 3215 und zurgeren bekent und selbe
1813 3181 2768 3306 zum tod Ungfällt worden es e
1814 3281 2958 3414 so söll allsobald nach ergangener urtheil
1822 3363 2932 3468 und bevor die hohr Vrsamlung auß
1826 3454 2847 3618 einander gehat. Im Schlonsender
2525 3600 2632 3712 18
