3024 4032
118 171 251 250 34.
504 213 1406 446 Dameli Bratsigi
362 333 1436 576 Uß sin eime andere als eine bleg¬
385 461 1437 658 tarck bekommen, des richtschard habe
383 558 1477 792 Vas Silber selbstenind den begel gelangen,
374 665 1465 860 sonst habe er kopffers darbey nichts
412 770 1462 972 gethallten, er habe ouch obige thaler
393 902 1443 1083 zu seinen handen genommen und
387 996 1451 1190 ihme ingen keinen darvon gegäben,
398 1097 1431 1305 choube er seyend bey ohngefahr 16.
400 1207 1155 1383 stuck gemacht worden
188 1255 419 1431 Mag
356 1369 1423 1572 Anspas von Composition vi
388 1470 1137 1655 Obian Stuck gegossend
151 1549 1416 1741 Autli Wiezuenhörts seyen von Bloßenn
316 1679 1368 1888 Küpfer mit bach dem Ardenie far¬
340 1801 1400 1993 mesicht so er geschmalten und durch
386 1915 1370 2089 im läsen und laßen geschüttet,
369 2025 1410 2203 de thaler domm auch von gleichenn
341 2134 1404 2299 Kicher aber noch mit einem so selben von
351 2244 953 2387 Silber hempomee .
134 2315 1121 2505 Wech lar Ihn obigen geleset.
113 2460 1416 2657 salls er habe sich beg Barschidenen Briederen
360 2583 1366 2735 erkundiget, die man dem Butter
358 2683 1341 2821 die gott nemmen könne, so ihme
345 2782 1400 2958 alle gesagt, man nunenn solches mit
1269 2946 1326 3003 2
306 2897 1272 3058 Irseme vermischen, glauben
160 2928 276 3060 3
352 3005 1390 3185 aber sin haben ihme nit keisst gesagt
333 3109 1355 3260 weilen er nich fals auf gefallenn,
136 3130 254 3335 s
336 3168 1383 3361 volle er die von Spiett hutzer ge¬
298 3287 1406 3470 scheilten und ihme vergelere und weller
279 3395 1363 3543 ient und hert zeüg bekommenn.
103 3485 326 3620 4l.
316 3489 1384 3660 die diesslaß han habe er beyen schun
297 3589 1380 3764 zuo Bätten bach nachen lasdan, die Kratz
279 3693 1404 3882 bursten habe bewiltier im Zeibelengesten
1554 1291 1713 1519 e
1575 1893 1817 2054 Bo
1825 368 1904 484 2
2728 412 2876 501 21.]
1965 370 2693 580 Daniel Kratheli
1831 478 2868 675 der Satalg von einem Kaßler
1809 563 2841 751 zuo Thierman, die angen zu Thun
1842 704 2862 858 und vor hiess sand thüre und model
1833 783 2845 969 zu Machen von find brauben zu
1804 892 2843 1072 keinenburg gekauft. Er habe.
1827 1007 2779 1157 aber von allen ob benambten
1815 1105 2820 1277 Länthan niemand gelouffen, bortt zuo
1809 1212 2738 1396 ey diese sichen beruchen sölle.
1768 1377 2844 1515 Muter bas für einem verland und
1822 1490 2791 1636 in was absicht er diesen verkheng.
1806 1578 2833 1757 auss dess kleischgardd habe in das
1812 1688 2836 1849 hand im Khatt Batragen und zuo
1790 1795 2632 1934 verbahren übergebenn
1823 1899 2753 2070 Der Bitsward habe ihme gantz
1791 2014 2809 2150 ensthaltt deetariert, daß sy auch
1786 2098 2788 2257 diesei handel stellen Solle sund¬
1781 2184 2740 2372 se jag habe ein gleiches thuon
1798 2296 2815 2471 bollen, daran habe er sein Mickhein
1794 2404 2819 2579 ein ein ihme unbekanten hander ge¬
1758 2505 2810 2673 tragenn, mit merckuten, er sollen
1767 2619 2726 2773 selbigen darnach in kurtzen lind er
1775 2718 2834 2892 absollen mueter dessen, da er sich gegand¬
1751 2844 2711 3027 Seienstatt, niel Lengnoub und
1783 2939 2771 3105 daharnn begeben und gebrachtet
1783 3048 2811 3219 ein Lehrli oder ein Hanß zuo empfahren
1773 3156 2819 3339 seye erlougen zuo Langnaub außgegeben
1770 3253 2811 3407 man 3 falschen piecettio und einem zu
1779 3359 2855 3530 eichörtli gefallet und gefänglichen
1780 3465 2810 3630 in ihr gnen schloss Büren geführt,
1779 3593 1982 3727 worden
