3024 4032
76 240 172 332 1.
323 359 1399 496 Louenten bestens in sein des grünerd
325 472 1412 619 gegenwahrt, darthun, und sein vermeind
325 595 1390 732 habendes recht zu vertheidigen befügt
314 728 609 867 syn sölle.
327 848 1358 1020 Iann diesere verfachtung 1 klag
338 990 1387 1117 und anbvort vollendet, soll der belien¬
317 1108 1393 1254 canenst ingebunden zur verbohrung in
325 1232 1370 1364 die obere gefangenschafft widermahlen
317 1347 1320 1497 geführt, und so lang allda gehalten
325 1469 1388 1622 verdin biß das artheil von Musghl und
310 1606 1335 1738 überen aber ihne grüner außgefellt
315 1722 616 1866 syn verd.
303 1867 1359 2019 so bald nun der beringuen auch der
320 1989 1394 2146 grossen stuben getretten werden Michli
321 2096 1374 2258 rnett unnd gelesene herr fürsprich ihre
317 2218 1387 2365 zuvor gehabte ihren sten widermahlen
314 2350 1351 2486 bezichen und von dem gegierenden
267 2437 1290 2652 ghen ambdts schultheissen gleicher
282 2600 1347 2789 jüngst ertehlte herren vener umb die
301 2741 1365 2881 erste meinung zuogeben, und sein
291 2858 1368 3003 artheil außzufellen bey eyden ver¬
276 2996 1365 3151 mahn verdann Morüberhin nach ge¬
276 3134 1338 3275 isschener umbtrag bey eyden über
280 3245 1335 3391 das Belietan disers diserthaters
280 3362 1404 3542 geurtheilt und die ergangene redten
261 3524 1383 3691 durch den herren grichtschreiber in die jeder
272 3643 1414 3809 gefasset und ins thurnblich eingeschriben
278 3789 631 3912 werden söllen.
2736 307 2823 404 89.]
1764 385 2808 555 d falle nun diesere urtheil zum leben
1774 516 2811 659 oder zum tod aus soll der delingnens in
1774 648 2808 797 der oberen gefangenschafft behalten, und
1780 746 2849 907 von die nateri an dem leben ihme ver¬
1777 870 2835 1016 schonet, selbe nachderths an ihme voll streken
1790 1010 2808 1124 wurde aber ich eine sodes artheil wider
1774 1112 2832 1260 ihne verhenget und erkent, eben gleichen
1764 1231 2792 1370 ttag abendts durch den herrn grossweibel
1792 1351 2750 1472 unnd hr. grichtschreiber das leben in
1786 1471 2856 1596 der gefangenschafft ihme gewohnter massen
1789 1588 2766 1724 abgesprochen durch die hrn. geistlichen
1772 1722 2821 1876 selbiger fleisig besucht, den folgenden
1780 1839 2796 1999 stag darauf dann er in begleich der
1792 1979 2867 2099 hrren geistlichen gebunden, aus der gefan¬
1772 2086 2828 2240 genschafft zum Rahthauss in das arme
1775 2214 2774 2373 sunderstübli geführ und vom mech
1801 2337 2874 2483 und obere in schwartzer kleidung in der
1785 2453 2868 2586 ordnung ab dem rahthauß an die offene
1787 2565 2881 2702 Krentzgassen zum richterstichen in daselbstigen
1811 2678 2845 2819 darzumahlen angefflantzte schranben
1804 2793 2893 2941 sich verdar begeben haben, und dieser dise¬
1757 2920 2870 3064 Rhäter von dem Rahthauss Hinberg auch in
1805 3031 2867 3163 deselbstige schranben und eingeführt seyen
1817 3150 2886 3283 durch den herren grichtschreiber die tags vor¬
1780 3244 2832 3381 herr ergangene trodes urtheil offentlich
1800 3358 2817 3517 ihme alda verlegen und nachlerrts zu
1816 3486 2838 3653 deren Lxeention dem Scharpfrichter
1801 3594 2913 3743 diesere criminat persohn überlieferet verden.
