3024 4032
71 255 174 342 135.
477 246 1209 415 Elsbeth Wermulli
317 459 1439 638 Herrn Waßenbegen als seine gaasen
374 577 1447 735 ihns gefraget was vorgegangen, es
410 675 1393 839 onoch gelangnet und nicht grad¬
395 777 898 929 alles angezeigt.
332 955 1432 1114 Nidin habe nur gefragt, ob es etla ander
388 1058 1444 1202 Wedter gegeben, ob seine zeiten bieder
378 1148 1275 1296 gekommen, darauf es gesagt je¬
350 1353 1418 1526 Has es gedenkt habe, also es das kind
400 1475 1412 1613 bekommen, darum es solches nicht in
390 1561 1020 1712 die stuben getragen.
315 1730 1405 1898 ri von sich das kind geruert hätte,
367 1850 1431 2017 hätte es solches grab in der anderen
367 1964 1303 2120 Hanss Bruthen stuben getragen,
303 2193 1237 2327 hhi Warum nicht in seine stuben
316 2390 1393 2537 hileiten die gaasen allezeit falsch
361 2504 895 2647 an ihme gebasen.
280 2645 1411 2828 Pils sage das kind seye niemalen
346 2761 1383 2930 labendig gelasen, solches vonn nicht
369 2849 1446 3008 halr seyn, sonsten es kein muoterlauften
339 2953 846 3109 kut gehabt habe.
283 3158 1426 3312 Witts habe einmalen von der stumm noch
327 3279 780 3450 leben geführt.
293 3451 1421 3608 si da es nun das 6 mahl Kindts Rinder
351 3549 1426 3695 gekommen, hadte es bissen söllen, dass man
353 3648 1273 3779 die rätelschnur verkinden müße,
1197 3730 1448 3849 K Reini
2761 330 2859 433 139.
1932 317 2573 466 Elssbilz Wermull
1747 470 2863 623 K Reini es habe solches nicht gelüßt, es seye
1828 578 2864 712 ehemalen darübel gebäsen, mid habe
1822 658 2854 804 also nicht gesehenn, die es die habennen
1796 766 2088 913 gemachet
1756 924 2630 1072 . Wie es das kind bekommen.
1743 1140 2855 1302 D. er seye gestanden und seye das kind
1823 1246 2845 1364 von ihme gefallen und mit dem höpffli
1824 1325 2560 1481 ouch die schalten gekommen.
1744 1553 2888 1733 hn wessenbegen es seiner saasen gesagt
1828 1671 2887 1819 und angehalten, nichts zuosagen, bas
1822 1763 2515 1910 es in dem Sinnigehaltt.
1763 1944 2325 2093 diss bisse es nicht
1749 2170 2904 2341 K. Er sage es seye ein mülter knecht Vatter
1800 2279 2893 2430 seines kett gebohrnen kindt, werder¬
1807 2372 2475 2517 selbe seye und beher
1749 2583 2907 2741 Nife habe ihme vorgegeben, er diene eim
1817 2703 2901 2845 Suldenbach, es habe denselben aber nicht
1837 2792 2931 2946 mahr erfragen können, sensten hätte es
1833 2891 2928 3020 die säche richt so fürgenommen, setzt aber
1833 2971 2616 3109 habe es nicht gebust beaus.
1826 3133 2953 3292 pnolirt, auß allem erhallten erhale, da so er
1841 3244 2946 3392 die warheit verschönige, Es solle doch in sich
1827 3342 2935 3476 selbsten gehan und nur kund bekennen,
1834 3428 2936 3592 ob nicht bahr seye, daß es seine schlanger
2764 3508 2843 3575 58
1834 3514 2951 3687 schafft verschringen, verlaugnet und die
2747 3636 2958 3744 Gerisch
