3024 4032
72 272 161 346 128.
410 442 1453 641 us seye kernck und vonn nicht dienen
407 594 1426 737 habe auch beichtel mit sich gebracht.
410 688 1465 836 bald nach seines anknuss habe gezeigen
395 786 1442 923 ihme Elsbeth getranet und zugemuther
401 875 1395 1001 es seye schlanger, es habe aber
390 952 1401 1107 solches gelangnet und auf oßwes
388 1064 1408 1212 zumethan gesagt, kommes nur mit
397 1144 1396 1282 einem blans bild hätte zu Thun
395 1238 1354 1378 gehabt, es bolte solches bekenen,
385 1329 1416 1466 indaran habe es allezeit den Boctor
400 1425 1408 1560 gebraucht. Bestern seye es noch
385 1520 1416 1668 außgegangen, aber vor des obens
373 1601 1440 1762 predigt die dar heimgrkommen, vnnd
381 1708 1413 1856 habe es gesagt, es habe Sauren kohli
379 1820 1347 1954 gessenn, belches ihme übel mache,
387 1910 1467 2050 Es seye allezeit in ihrer stuben gelegenn,
396 2002 1431 2158 und diese racht auf gestanden 30
391 2085 1417 2245 Batzentin ihme gesagt, es sölle nicht
390 2177 1413 2331 ouch die Lauben sondern nur das
384 2285 1413 2420 racht gschirr in dem bange nemmen
375 2364 1422 2503 Das habe aber geantwortet, es seye nicht
359 2446 1447 2610 tält, es habe nur Bauch wahr von dem
355 2543 1468 2670 Köhli, und nachdemme es 3. mahl hinauss¬
360 2639 1428 2778 gegangen habe es sich zum gsin mahl
384 2714 1468 2883 angelegt und seye bieder hinaußgegan¬
356 2792 1414 2982 geen und habe auf befragen oblihine
352 2876 1380 3048 etbas fahler geantwortet Seini e8.
332 2974 1411 3141 seye nur von dem Köhli, da es sie der
363 3067 1437 3247 gekommen, habe es gesagt, es werden
330 3178 1455 3344 jetz schon guot kommen, es seye ein storben
329 3266 1413 3437 Ghuß von ihme gegangen und seine
342 3373 1433 3538 heüßenseyend ihme leinder gekommen,
349 3457 1435 3628 des habe dransen zuiert, es wolle solches
357 3560 1432 3735 longsbischen mithin seye sie bezungen
1223 3714 1429 3830 gägen
2760 322 2912 429 9 3
1811 494 2845 635 gatten 3. Aran aufgestanden, habe aber
1834 555 2822 739 aller orthan zeichen angetroßen
1816 661 2867 844 denen sie nachgegangen die stiegen
1801 763 2829 910 hininter biß zum Schleinstalli, alller
1804 842 2847 1007 sie (da es ghand mit sinem huß das
1810 962 2865 1105 strohn gerührt, und alsobald ein todter
1798 1067 2885 1216 kind in sinem fürtuoch gefundenn
1823 1172 2816 1326 Worüber hin sin ihme Elsbeth solches
2813 1242 2848 1288 D
1822 1278 2839 1415 vorgehalten, es habe aber gesagt, sie.
1819 1371 2832 1519 sölle doch nichts sagen, es seye tod von
1807 1469 2873 1612 ihme gegangen, samt der Rachgebürth
1801 1576 2875 1716 weliche es auch der lauben verborgen;
1828 1663 2856 1828 sie betzungen habe das kind hinauf
1843 1759 2874 1910 getragen und ihme selbiges in das
1841 1845 2886 2004 bett gegäben, alles gethen leggebischt.
1840 1945 2883 2093 darauf in die steit gegangenund die
1835 2038 2905 2193 däche remmen herr gross weibel angezeigt.
1808 2261 2630 2436 H Anna Hablgger
1854 2399 2880 2545 finn alte Hans fran allda zeüget.
1761 2555 2887 2712 Has Elseli habe sich seit etwas zeits beg
1828 2672 2928 2814 seinem vedtern aufgehalten, sin gezeügin
1845 2757 2931 2910 habe ihme oss vorgehalten, daß es schlanger
1834 2853 2910 3007 seye, es habe aber allezeit gefangnet
1858 2981 2929 3101 heiters bißse sie nichts piesen borgen
1857 3054 2913 3201 aber habe die Anneli ihra gegen halb
1855 3130 2944 3301 3. Ahren gerubten ihra bey dem stroche
1858 3248 2940 3414 ein todtes kind anzeigt underhehtet
1878 3347 2748 3514 ves dieseblacht vorgegangen,
2545 3565 2948 3690 . Mar
2852 775 2880 849 u
2858 971 2901 1018 er
