3024 4032
168 301 281 410 11.]
505 281 1113 439 Gniel Beat sy zu
273 316 1489 529 Fillig die faltschen Pieceller seyen inter einen
448 451 1487 586 Stempfal gsin weil auf dem fürten staht kommen
296 533 1457 702 Anlly der Killliez sigen nicht nach sonder alt
243 635 1465 799 Crag uf fricht den mannansen und stellen könen, vnnd
436 726 1399 886 Demme sy das Zürichörtt ind die Piesellen gäbe
452 827 1460 974 Nein das könne herunst thuon, und busser mist
272 834 425 940 Cate
439 917 747 1022 bars seye.
454 930 1450 1103 do er miss nit stred gehandlet und mit
255 973 426 1123 krig
436 1060 1273 1196 allerhand sachen mübgegangen
428 1138 1454 1282 hr habe kiebavor gefürhieret und dem hrn. Bar
272 1125 420 1254 lass
430 1233 1439 1373 grochtäneind von Thierarteren ein berg ablm
403 1301 1436 1473 gfangen, da er aber ihme mit der behaltung
416 1384 1438 1521 mitt begegnen kommen, habe der sebett hier dadlichen
420 1467 1460 1618 oberkündet nachbert so habe er mit einem Mannden
398 1562 1416 1713 Bigsun käsen behandlen, die ihne
297 1649 1420 1820 aber synn veranlotiert worden, besen
376 1729 1414 1896 begen ussbald mit hin von Geraffenn
364 1836 1420 1950 unnd als mit dem marston Äipp in
342 1904 1422 2076 Grollbs gerahten so ihme buolgel
388 2003 1403 2173 gebostet, darauf sige er im holland
378 2094 1460 2268 gangen, seit hero habe er mit gel ges
369 2198 1402 2366 handlet, habe damit adech zu Thun
378 2301 1417 2460 ein droceso gehabt, so Leeuerende
365 2401 1319 2524 auf dern gekommen seye.
163 2481 1393 2667 Ggrat Bernnst als ein schlummer Man anner
358 2596 1400 2750 anderen Hanns Thas darob die mitt sich
324 2683 1432 2840 führende Barbara Augspurger zethröm¬
329 2786 703 2913 ert haben.
171 2856 1415 3044 Catler da dard seye wahr allein er habe im Sum¬
328 2982 1177 3132 behalt sie zuo Hegrahten,
275 3060 1423 3245 herren an eichem Worb ders mass er sunde
300 3186 1403 3333 zuo Büren vericht und gang simme aber die
316 3275 1285 3427 ihme vorgedießene Instrument.
174 3364 1383 3570 Daß da dan bemeldte Stigel Wielmals in
280 3478 1411 3633 imme zeberen und gebraucht, auch silber darin
301 3573 1393 3734 beschmeitzt worden sige, die vorhandenen Stükli
293 3667 1404 3848 segen von Kipfer und könnend mit propurierten
1727 320 2331 497 Saniel Gutsili
2730 400 2836 499 1
1719 442 2769 626 Iein seinen beißen sollen werdem, das
1785 543 2776 671 Weich beth so zu Bloss kuckers und inter
1787 615 2811 773 einem sampfal geschlagen, und versen söllen,
1781 688 2076 784 worden etc.
1660 706 2815 925 Dos den ohngeacht der chrkaffiete auf seiner
1748 828 2804 962 Benatti betharret, daß der sigel nit gebrauff
1780 915 2788 1049 worden beynebens aber gestanden, dorß malenn,
1783 988 2786 1102 auß des kupfer Süflingen bringen und
1781 1068 2770 1208 Allerhand machen könne. Actum
1772 1150 2094 1300 sit gespra
2110 1168 2285 1309 yte
2618 1219 2739 1329 6
2104 1256 2833 1419 Band schreiberen Murtins
2533 1361 2771 1525 h
1689 1439 2815 1631 Bss eind zuvennndter Keigstungerin
1755 1570 2809 1703 gleichen tags und obe gehaltenn Saamen
1737 1641 2758 1769 behindet sich diß wortten Lauthe
1789 1707 2822 1835 g. h. und ein p. hat mher schultheiss Pfili
1751 1798 2801 1943 dhading mit zu hie inng hrn Burgeren
1757 1877 2807 2008 Hoottsteller sung er kenner keffy
1733 1953 2722 2106 von weuren ein gross gangeren
1710 2046 2683 2234 Beileid eexaminiert die folget.
1746 2162 2829 2349 Gin verheisse und wohar das seye.
1558 2138 1729 2354 H
1585 2304 2840 2464 Gute Barbara Augspurger gebürtig auß dem
1762 2385 2829 2536 gschangnauw zetzt aber sige er herr Kilchberg
1730 2466 2857 2606 daheim ein aller seyetigen Salpeter gnaden
1715 2538 2613 2718 nahnend Hans Angspurger.
1615 2656 2299 2829 hr. Wiealtig syn
1734 2776 2123 2898 11 jahr alt
1594 2813 1733 2907 B
1726 2865 2819 3025 ob sy nicht ein man habe so Abraham
1597 2868 1705 3039 X
1742 2984 2208 3140 bitschen heisse
2275 3026 2347 3106 ss
1756 3059 2809 3236 Da so seye von dessligen und haben
1574 3051 1701 3204 2.
1734 3157 2828 3338 oter in jahren mit gsin hoch zuetigen
1738 3281 2042 3439 halten.
1741 3378 2753 3549 Was dieser sein man zuo Äffligen
1558 3358 1693 3540 s
1731 3487 1944 3617 Machal
1738 3549 2717 3664 so denne bey seiner muoter Jaudler
1565 3533 1691 3702 B.
1734 3651 2636 3790 Hans Hansser gan Ruetscheyli
