3024 4032
82 218 203 320 200.
573 242 1081 411 Christen Geri
384 381 1467 558 Jacob von Werdt, den Lentschidevolmeister
376 478 1412 664 Weibal, mit erhabener semm anden har
375 589 1487 774 oben an der kathhanß Stegen dem thater
359 699 1420 865 Christen Geri ouch hienach beschriebene
390 827 1376 982 weise gerüfheng und nach beschehenem
1394 909 1423 963 e
378 909 1464 1131 khantlichen ruthen und zwar Brotzmahl
381 1038 1502 1193 für den ersten und so viel für den anderem
370 1143 1445 1327 Lömdtag, unnd als der erste und weyte
373 1258 1469 1436 Tomttag consernlide vollführt, und begen
376 1374 1444 1537 richt erscheinung dess gethatern Christen
364 1493 1337 1644 Garis beder das erson noch anderen
368 1614 1363 1766 landtags, darüberhin von Müg herren
1385 1625 1476 1740 und
355 1716 1441 1898 oberen rath und burgeren bekent, und
362 1851 1429 2027 durch gesagten weibel an obigem orth
356 1990 1440 2142 stalend nachgesechter gefentlich groclamiet.
357 2112 1129 2270 und außgerüffen loordans
420 2301 1517 2509 Item deß Rätts zum Hn. land volg
342 2552 1389 2760 Ist Christen Geri von Lobsinge¬
351 2692 1421 2883 Nirgerdt hier er wedte hervor und
341 2799 1474 2996 stalle sich allhier vor recht zur vorantvor¬
336 2925 1474 3143 itung, begen deß zn Niclaus Burgi von
327 3060 1505 3257 Lyß begangenen todschlags, deß an frouwige
337 3196 1489 3401 wahrheichen gegenbartig bey der stell sind
577 3315 1515 3477 zum ersten Kuth zum ersten mahl
550 3419 1514 3600 zum ersten Rutz, zum andern mall
533 3537 1496 3722 zum ersten kuß zum driden mahlen,
1328 3683 1482 3784 Zuren
2062 305 2540 436 Christen Geri
2794 360 2899 429 201.
1870 397 2887 612 Zum Geytem Landtvergist gleicher in halt
1884 526 2886 691 auf obige beise außgeruffen und gesprochen,
1892 631 2068 737 kornen.
2036 739 2891 910 hunn geysten huß zum Costen mahl
2038 866 2888 1020 zum hetten Ruchs zum anderen mahl
2016 988 2913 1125 zum zogten kußs, zum dritenmachl
2071 1111 2764 1293 Iben der Mockamation
1912 1263 2913 1429 velche außgeruffen und angeschlagen vordenn,
1882 1409 2854 1587 Wer den Christen Geri von Lohsingen
1918 1541 2821 1682 sechen und antreffen bird, in statten
2816 1599 2876 1676 2
1912 1648 2759 1789 oder Börferen, in Waldaren oder
1904 1753 2859 1922 veldheren, zu Waßer oder zuo Land, oder
1912 1872 2897 2030 so es immer seye der sölle ihme verkun¬
1913 1977 2893 2130 nden, daß der costennd andere Landtag
1922 2089 2846 2244 nin den todschlag, dan er an Niclaus
1904 2193 2863 2356 Burgi von Lyß begangen auch hönte
1911 2297 2911 2467 formlich gehalten worden, und der wide
1905 2414 2928 2574 landt sorg auf Montag den 21. dieß monats
1924 2518 2902 2661 apilid zuo halten angesehet seye. damit
2558 2623 2601 2689 B
1903 2630 2893 2770 so sich darzu verfügen kommen, sich zuo
1916 2735 2939 2895 versprechen, den so er auch dann zumalen
1919 2823 2947 3006 ann offenen rachten nicht bescheinen und
1920 2944 2869 3107 richt begegnen burde, man als dann
1922 3041 2901 3191 in einen beg, mit der artheil bieder¬
1935 3164 2966 3322 ihne fürfahren berde. Actum ut suser
