3024 4032
18 48 148 134 511.
352 82 1055 290 Daniel Braths di
64 162 1411 475 Denter ze habe aller orten nachgefragt und entli ver¬
291 342 1396 582 gnommen, daß am Giaßer beytt weiben berigen
298 427 1432 672 seye, darumb er zuo so bigen erlösen, habe ihnen
329 530 1395 726 abed von seinem verthalben nicht dent¬
311 633 1399 809 deckt sondern nur gefragt, was er hie das immer
314 720 1378 904 die fres mache mit verdentten er möchte
284 801 1409 993 Behenen schucklingenen Cassen, Allbey er sinen
-10 899 348 1012 * die gemache münsi
350 911 1428 1109 daß er sag ders dass das gegossne komme
84 984 260 1163 *
325 1005 1364 1172 Wad helthun darfür angeben habe
91 1144 335 1277 Bratts
371 1125 1345 1324 er hatt ihne geheissen sin stein mat
332 1238 1409 1409 Velpeter sin Biel Thun, aber denne laßen
308 1333 1411 1523 gefolden sige er im vergelt von nacht zuo
272 1448 1045 1584 Was schinner gelesen:
144 1510 256 1670 .
306 1563 1413 1744 Oferchie von diesenn diesser misten rechenen
326 1658 592 1789 kennends
170 1742 287 1867 K.
315 1746 1405 1894 Nein gar nächste im übrigen habe der
308 1860 1399 2019 die er hatt Rathyehande Macht halb er
303 1945 1415 2113 zu ihme gegangen, vnd des zugemutet
305 2045 1301 2220 er werber ihme nicht gard vollen
142 2196 279 2361 s
328 2165 1378 2361 gben zever Ruchschon probiert sin
328 2314 634 2471 ziellen
182 2376 1430 2584 Zuo Stein Sanna lb besche mit dem dessen
211 2519 827 2674 d solches angefangen:
171 2594 1387 2776 gl. Ob sonst rach gemand gelaßen, dass der
322 2674 1192 2875 kitschared und her gessen sine
346 2774 1400 2986 des Ritschardt Reib und kind sigiblouf
114 2842 314 2969 St
26 2895 1405 3102 barb zung stung habenn boß gewüsst, und ihnen sölches auch
334 3024 888 3202 beständig aber behet.
310 3104 1418 3349 G folten denen gegossenen stäcklinen
129 3165 269 3331 s
362 3253 845 3360 kem außgegeben.
335 3235 1416 3500 der kein Lietiges, habe der an nur keines
108 3294 286 3479 S.
316 3357 1413 3547 gekommen, noch dan der ritshand alle für sich
318 3446 1445 3628 behalten unnd meistend wieder Marschme sti
1710 1380 1799 1503 B
2021 196 2876 331 Gratssiet Kaufman 118.
1723 294 2878 477 Hehernabluech der glein
1718 375 2807 580 von Kaufmann gegen den Gratsli
2756 439 2812 529 3
1763 467 2600 623 nochmalls folgendermassen
2129 552 2691 703 ronfrontiert.
1840 663 2872 851 Sätzbe Blieder söllte der brichten
1760 774 2891 934 dem kauffman muoter abgesichst, das bis sie
1755 827 2837 1022 zu Bingelt bätthinander in gwüssen
1775 909 2883 1067 Kaminerüberafftet gelest der allden
1790 1007 2879 1176 ihnne demnachten gehapt, bekennd gelt nachen,
1786 1069 2886 1254 habe auch dessen schon gemacht und wolle ihne
1791 1213 2184 1371 sölches ersonen,
1800 1228 2857 1472 Barauld Anthortet der Lantzen
1816 1362 2843 1518 er bekenne, daß er damahls betrunken
1801 1429 2874 1593 zebessen und wüsse emnnachen necht ob er das
1799 1511 2867 1692 Werdt oder bricht, dan er aber sölcher gen
1787 1597 2845 1817 prediß habe des wieder bisen gethan,
1797 1700 2882 1894 zumallen er sein hab tag mit bus den kein
1806 1803 2785 1983 Butter stanles haltauß geben
1818 1896 2853 2113 haben sölches auch nicht nachen könne,
1777 2015 2853 2228 Ptim Donteniete der Braths
1810 2157 2868 2274 aß der Candtman bezüberbringang
1773 2229 2873 2394 uer beyen adler abgefollten und leben
1815 2303 2881 2500 uunnd früntz getragenen Stempflusort
1819 2412 2871 2600 gelouft haben, daß es stempfelten
1829 2491 2877 2674 hintemachen er unnd anbefellen selbig
1814 2598 2859 2804 Auß zu schleiben und beid der stechen zu
1838 2738 2140 2907 lybenn.
1748 2797 2874 3003 Der auf den antrocket, bezahet obigestenn
1688 2893 2860 3066 Zu Pfel abgesohltunden absehen helt darmit
1815 2972 2876 3131 Zu Rächen dem Statsch übergeben zu haben
1829 3049 2867 3217 eer wüsser aber nicht vorzu soliche stempfel zuo¬
1827 3142 2846 3329 wor seyen gemacht, oder gebraucht weren.
1809 3223 2876 3417 Diember stat der Gratsch leiters, daß der
1767 3323 2875 3524 Man kann schir anbefohlen, die semptel darin
1839 3396 2862 3571 nach die das zebringen, borfür es demselben
1835 3509 2561 3699 Auch 15 und hinterbegt habe.
