3024 4032
175 304 328 412 290.
891 291 1070 413 h
915 362 1426 482 Damen von
791 420 832 493 b
435 333 793 541 fen gsei
851 439 1014 537 12220
692 469 867 573 99.
528 486 600 560 1
429 517 1474 699 Ehy anbenacht beyseiner vor dermunden
164 558 407 649 Zncold
436 610 1429 779 ger dess verstrichen samstag gethanen,
433 687 1451 869 begen danen ein standen und volkann
412 784 1445 950 dinen sachen solb verdächtigen aussaag
399 878 1459 1061 Warbarre, oder aber sich eines besseren
412 983 820 1149 versinet haben
123 1050 446 1222 Repotell
407 1081 1457 1258 tein, er sine ihme khertzlich leyd, daß
416 1192 1442 1341 er sichin seinck gersonen ausaags grobe
401 1270 1413 1441 lich bergessen habe, Er habe sich sither
393 1372 1411 1524 unnd besaren Satanet umb diest
394 1479 1348 1643 dach verhalte sich also  Banli
397 1568 1389 1718 Uaß letswarlynhanen Prichling 1beren
372 1669 1384 1846 Männer bey ihme überkoufstet, und
375 1757 1421 1950 Dags darauf in seinem Schnidti Ostein
342 1870 1439 2055 pfel vorgebrsun, auch allda von einem
360 1973 1390 2143 Gpfarblich sy den soganantend Josel
375 2078 1403 2261 einer grosspibnem cüetler auß
350 2193 1410 2346 trämbend zuo gehöre, bey 10. oder N. Geer
354 2284 1413 2462 verbatzen habneret Baltha der Ritschardt
362 2384 1391 2548 zuo Hilterfingen angesucklet, sigen aber
376 2478 1414 2639 wägen deß gebofnlichen gricht gar schleist
361 2562 1417 2706 ad gefallen, der einte so er mitst kenne
347 2644 1355 2819 habe der Ritschard mit hr. Batter Se
339 2748 1411 2895 wüßlet, Woraucks sin sich b von allhie
353 2844 1395 2981 begeben, und auffrelliti ein Baloger
345 2936 1392 3096 halb thaler bezahlt mit hin die satt, denn
310 3025 1390 3188 öpfel legen derer an ihrer sehrung
332 3118 1387 3261 Henoch schuldigen 10. und hinderlaßen
346 3218 1366 3379 mit versprochen selbige eyster haben
344 3315 1374 3464 abezahlen, und als dann ouch die 1613.
315 3384 1381 3577 Ehe bezahlen, der hochen nach diesel
341 3499 1396 3654 Begebenheit seye er auch darn gangen
333 3607 1408 3790 uund bryen Bären eingebeset, aller
1728 267 2293 447 Gossen Richdenacht
2737 297 2881 415 211
1782 328 2887 475 er Jacob Stallilhon Oberkoffen diemallen
1804 426 2856 582 der statt donst anfragt, vor der wirth zuo
1783 506 2859 670 hilterfingen sölle, so sie er sich nammen, er stigen
1790 593 2841 779 god lünges, heit bey ihne beyen lidlich sin
1805 669 2869 860 da habe dieber statti ihme geantwortet,
1795 787 2862 948 lesyn seines geschlachts ein rittschard, aber keinen
1806 881 2884 1031 wirth sonder nur ein pinten schank ubrigend
1797 974 2857 1143 brachter Marischen sölle nietter mit ihne
1793 1062 2860 1209 he thun haben, das von er sich voll auff
1752 1139 2855 1313 gehührt hätte, unnde er ammenn worden
1792 1218 2836 1395 sen, diess habe ihne gwankoldat hey
1781 1326 2887 1483 seiner menckknnsts in stal die ihme hinver¬
1773 1414 2779 1552 lerten vier Stempfel an hab schrich en
1797 1524 2857 1685 Dieben in der nammen Herin Hafner Sitter
1804 1627 2499 1777 khand in berzu verden.
1660 1708 1774 1879 B
1808 1744 2867 1912 Ole den londer herr vor noch sithard ernich
1804 1848 2612 2008 helt mitt zubriciert haben.
1607 1937 2846 2147 De kein lander vor deße leydigen be¬
1799 2070 2847 2234 gegnus nach seitlan von Einicher solte
1797 2170 2842 2326 helt nicht geschlagen noch gemacht.
1891 2242 2851 2417 Gegentril dem Ritthard unnd sein mit¬
1831 2321 1891 2376 mer
1794 2349 2848 2523 diesell vergen geschöpftem abschwilden von
1803 2471 2831 2630 gsrem beguni verstlichen abgemaset,
1805 2568 2809 2700 mit Gardonten sie berdan ihren mit
1803 2640 2809 2820 dargleichen sachen den senck über sich
1781 2774 1993 2904 bräben
2729 3024 2822 3105 Ulle
1793 2999 2724 3188 Fries Bramer vom S.
1599 3169 2818 3392 Peter Oberben der den sy diß gethanen außag
1768 3284 2803 3433 Vechleiber oder aber daran etwas bey zu¬
1779 3381 2805 3539 sitzen oder sonst zuo anderen küsse
1603 3490 2828 3657 Gutt stein erkenne beiders nichts darzu sin
1815 3586 2829 3747 auset, daß er diesen Geiss rechten gedrohet
