3024 4032
115 225 268 312 Bel
475 192 1118 366 Johatts Röttschard
400 281 1466 453 und machen, daß kein Tüffli in sin selben
381 387 1389 558 er Jagi aber salbe schmed ein par Gurg
363 467 1386 653 stälen geben, damit er daheim
367 594 1354 766 seinem vib vorgaben könne, er
384 689 1406 870 onnen, da auf dern zum meister Müchen
325 783 1343 987 senstmierd lynni das habe er sag
381 903 1432 1087 bindermassen gethand darauf der
384 999 1380 1196 Buwen schmerd nur sein gangen
378 1116 1354 1277 khin verkheüg an zuo sollen, mind
357 1227 1359 1395 seye als ouch binder dahar in sein
323 1327 1383 1495 Jaco Hanss ankommen, da er ihme eine
354 1418 1384 1621 Grattol Sutan einer genant allda er
364 1518 1338 1708 abebald auf die stampfel geselchen
363 1614 1375 1802 aber anft das Wallis feng, sonder das
363 1734 1339 1918 Lelamer drichtrag March demm 1 ann
315 1838 1383 2002 Düße steinpfel fertig Büren haben
338 1939 1382 2132 sie habind ans Wit schid des probiert
328 2045 1325 2216 Sümlich gut anndgefallen, ausegt
330 2159 1355 2338 daß des Greitt ein jenig sin trecht ge¬
312 2263 1333 2450 hatten alhiemit habe sich der Grat h
337 2361 1324 2546 ans biel zum adlerschiesten vefragt
322 2470 1406 2644 damme er die stamppen übergeben
302 2570 1341 2733 seyn nach ein par tagen sieder
302 2661 1357 2829 huruck erkommen und gesagt, die stann
279 2780 1345 2946 pfal sehen nit racht er wäre dem
300 2877 1345 3031 Aller virth Lieber von sie das
284 2979 1372 3165 Wallidfrighalten, Galle darobige
259 3090 1354 3290 Gearsten, noch ein par mit diesen leten
231 3214 1291 3410 sterembfrig zub khendt zuo Bringens
209 3342 1286 3571 Habe zuo dem und auch syen burg
254 3469 1285 3658 Nampfel bey sich gehabt, welche
259 3564 1323 3763 obiger Büchsenschmied mit gseichen
2762 133 2926 239 22.
1856 137 2563 334 Aefatter Rdtschart
1790 263 2950 440 Obvernamseten Eerenmetane
1788 353 2950 521 gearbeitet und verhertiget.
1824 427 2949 615 varauff hin seye er jugicort auch
1806 523 2900 746 anhalten des gatschis selbstein
1802 621 2929 812 mit ihne und denen empflen
1801 724 2933 938 dan der Biel gebessen, und bladenn
1804 840 2882 993 so malen alls er ohne dem noch
1776 913 2948 1114 sonsten etwas zuo Biel zu verrichten
1799 1023 2949 1232 gehabten kommen, obsin sin mun
1786 1118 2935 1332 eenten angelangt habe auf
1769 1238 2911 1392 den abend der Bratschi wien
1795 1341 2945 1518 Nampstal dem Adler viersch gegeben,
1784 1453 2955 1667 welicher gefragt, ob sin selbige gefär
1784 1581 2917 1759 it sehen im Atigenn so sie es nit
1782 1678 2881 1869 syen sölle by sie schon zuo rechst
1803 1790 2948 1983 machen, maßen er ein schmid seyd
1745 1920 2937 2115 Seinst nur selbigen aben drichts
1792 2024 2902 2205 gemacht hätten, habe mormiltes
1765 2118 2929 2309 den statschi unnd Adler sickhi ge
1746 2233 2965 2419 sagt, ob er nun nicht etlaas selb bieri
1782 2333 2953 2499 söllen, darauff dann der wirth un
1749 2446 2948 2625 (danachst in einer kleinen schmäten so
1781 2558 2960 2743 zm man Hanß haben 22. oder gd.
1817 2656 2969 2833 stuck von beyden Hümpflen abrieiert
1772 2764 2954 2944 von Belchen der Ruffen auff 4. oder 5.
1779 2865 2958 3062 hub vorsich behalten, und er jugmort
1785 2981 2962 3182 die übrige zuo sammen handen genommen,
1791 3090 2949 3278 darvon er etwelche auß geben, so ihne
1795 3187 2966 3354 aber gleich lieder zu ruk gebracht worden.
1831 3275 2950 3490 daher nun gesehen, daß solches nicht
1783 3405 2986 3603 passieren mögen habe er sie nachderths
1787 3521 2977 3690 sinder geschmoltzen, das sey abes, das
1763 3612 2946 3829 by seinem wüssen mit demen Kempflen
1785 3711 2492 3892 seye verrichtet worden.
