3024 4032
117 143 257 224 3.]
516 189 1277 374 Daruel Bratste
458 279 1435 513 wachenen, daß begen her berigen sige
474 392 1469 597 1 sach harnach aufs spribe zug dar
1384 440 1462 533 26
453 470 1419 654 Donim Nouenburg 20 biets
473 557 1473 755 Unnder zu dem Lautzman belicher
469 660 1461 866 am Sorann bet gesessen, sich verfingt
472 757 1476 956 inn sich in mehrerem obiger gesangen
458 838 1446 1019 halt ein streicht nitt mittlinomnen
451 937 1445 1119 b besprachend damallen kind noch er
446 1000 1468 1248 Der 3. Malt, da er vonn Boned khinen
450 1126 1448 1296 biss ughuochten unnd Bucherenn
449 1230 1443 1376 gegangen, haben sin allefril und
437 1306 1457 1483 gesprächt bers von disen dachen gned
435 1405 1437 1592 ihie dass sin des germasse nicht und le
396 1502 1413 1656 hellierendgethantet hinsmals bewerd
438 1583 1433 1731 da sin begeinander gewisen habe der
425 1662 1420 1826 Landtman ihme inquollen gebuchen
436 1765 1427 1910 aus bal zu gehan und dorvon begenn
420 1843 1400 1987 Breith zu übernach tand mit bredischten
427 1947 1407 2106 er wolle ihme dann vorgend dreyen
429 2019 1407 2172 Sempbel derthin bringen, daß Mor¬
412 2111 1394 2296 gantz habe der Landtman ihme
397 2201 1416 2365 Obur vro siner man dar Rort Stampfel
418 2300 1393 2455 frucht in die Lommen gebracht, des füren
408 2401 1416 2566 habe das träg für vsallis bethen schlecht
397 2484 1377 2656 mlich gehabt, der anchere aber seye auch
405 2580 1395 2739 Gramiert, aber Castan so geschicken
404 2667 1390 2805 gabesandt, der Kaußmann habe sy hin
399 2771 1380 2907 gebal dan beyde stampfel Boll aus
377 2858 1415 3014 zu schleyden unnd nachberth jemander
400 2948 1392 3115 (so er ihme inquiert überlassen sine
398 3030 1396 3197 tragen minem Senbas Franfne stat
386 3123 1349 3289 Aißlatzen darauff stechen zu laßen.
445 3223 1370 3393 darauf habe er sin befollen, die
414 3309 1366 3458 Stempfal auß einem stein wohl auß
364 3416 1398 3574 geschlichen, aus sige darmit an Kren d
339 3512 1387 3680 aden vogt zuo gelassen allso Erdin Buchsen
325 3603 1368 3782 schmid lisseller zekommet und gebest
2850 274 2959 373 23.
1831 266 2722 455 Daniel Brathi
1811 364 2935 563 Das herrn itschier und auff ringen stochen
1822 465 2922 653 konne habe dem salbet, diem stein
1790 559 2910 744 pfal gegäben, unnd befehlen ein Wallis
1813 653 2922 838 bekantag daraufft zu Stechen dieser
1821 744 2928 913 habe aber das Mallis träg nit manchen,
1810 845 2905 1018 hindern habe Lieber das Luterner, oder
1806 943 2881 1126 sygenannte strüchli bestendig stichen
1818 1040 2891 1200 vellend, welches aber er sehrschlacht zuo
1809 1157 2882 1317 stand gebracht, dergestallten, daß
1814 1250 2896 1414 man solches nit halter brauchen können
1805 1344 2879 1522 Betz vorhero habe er mit Lentonants
1804 1451 2897 1604 kitschard bekantscheltz gemacht, dieser habe
1820 1557 2884 1717 den Suchsen schinad Müller dahie halten
1798 1650 2878 1805 Mögen zeiges stag zuo Barfürtigen maßen.
1809 1751 2851 1916 gedachter Rüchsenschwind ihme ins sölches
1803 1857 2881 2020 Sräg zu Verfartigenösters versprochen, aber
1822 1962 2871 2099 niemalls machen söllen, er habe male geben
1790 2042 2846 2210 sagter trag nachwerts in dess rits hards
1814 2145 2855 2310 fügenem Hanss gestochen, auch habe ihne
1816 2244 2857 2415 der Bitschward glauben mit glegen haben
1802 2360 1993 2502 bezahlt.
1580 2419 1732 2628 Nig
1804 2445 2792 2639 Ob daran her hin sie dem Buchen schmerd
1791 2565 2807 2722 Müller mitt auch proponier in ihre
1773 2631 2834 2821 vorkabanck gelt machen schaft ein hutel
1801 2802 1958 2882 ten.
1529 2758 1784 2947 Go
1787 2824 2800 2993 Item sin habenner nicht mit ihme den thalb
1798 2917 1990 3062 gandts
1556 3018 2824 3224 Ettag Obsin darnach nit als bald den Stempfel probiet
1535 3148 2807 3321 Entli voll er haben selbigen auf eitschier ge¬
1780 3252 2800 3425 teckt, aber loss gesächen, daß er miß bofl
1790 3361 2834 3524 gestochen seyen, folgslichen nit langen könne d
1612 3450 2793 3631 Hr. Mad sin hernach mit denen stempfli
1777 3566 2200 3710 vorgenommen.
1592 3614 1768 3746 El
1779 3626 2804 3805 der Ritschard habe in ime selbigen
