3024 4032
99 208 168 297 16
603 198 1058 389 Hans Büri
396 312 1441 513 der Buri, die anderen auch gehört
394 428 1454 625 unnd gemarket, daß es übel gegangen,
389 528 1425 716 habe derselbe sich darvon gemacht.
389 635 1418 844 Cristers habe es nichts gesehen noch
389 771 1425 958 gebüsst, bis es die schrirten auch
393 891 1475 1067 der schmidten vernommen der zuri
374 1001 1462 1203 habe gnad anfangs um hulthe gewüßenn,
371 1159 1422 1346 die buersche habind zwar schonen dem
379 1289 1430 1477 Würths hause mit einander gezankent
358 1411 1428 1602 seye aber heiters nichts vorgegangen,
376 1549 1140 1715 ondere seine außbarg.
307 1696 1445 1916 Sa nun Niemans heiters von dieser
361 1883 1388 2071 trouwigen Hergangeheit etwas zuo
350 2024 1475 2182 sagen gelousst, als lardumöthig grachtet
356 2136 1447 2291 Mehrere persohnen zu vernemmenn min
324 2253 1445 2429 so da Mahr, also machsi Landtogt von
344 2362 1426 2549 Frienisburg, welcher anoch zu gegen
363 2492 1430 2654 lopre, eine lonitlanf zige information
342 2595 1414 2779 aufgenommen nur verdeütet, daß er
329 2735 1378 2914 sölche ihr Gridli essenden sölle.
328 2938 1378 3148 dan Husleibten hab mann auf der
308 3101 1422 3277 Schmidten in seinen kleineren auch
335 3209 1441 3410 eineren strohn habe, und den blehsisten
335 3351 1437 3567 nechst darbar in einem beth auf dem
324 3496 1368 3692 boden ligend angetroffen, assihliet
319 3602 1456 3798 von hingenschareren. Actum den 17.
292 3763 722 3869 junii 1143.
2064 238 2486 407 Hans Khüri
2798 321 2918 441 19
1791 365 2858 544 d daß entlribten Blanden sind nach
1839 470 2908 652 seiner z'schnung und nachdemme sein leib
1855 599 2906 775 denen seinen zur bestädtung über¬
1849 692 2894 866 nlassen, dem wirthen auf ihr Gndt
1851 795 2904 997 verordnung hin in verlohrung gege¬
1848 939 2226 1064 iben worden.
2072 1324 2393 1403 Gxamen.
2179 1390 2337 1496 mit
2030 1446 2425 1616 Hans Buri
1855 1560 2861 1761 Von Barbeil, onnst Büchsen bey 2
2076 1702 2519 1854 Jahren alters.
1850 1847 2914 2068 Demnach dieser thurn, sich begen daß, dieb
1846 1989 2904 2175 Ms. Brachmonaths Lesthür am Bendicht
1834 2146 2930 2301 tucher von tütschleil im dorff schüpfen
1843 2253 2939 2433 begangenen todschlags gefluchtet, derman
1831 2388 2832 2547 alen aber von selbsten sich gefanglich
1853 2489 2950 2668 eingestellt, als habend ihr Gendi Brouara
1826 2599 2908 2781 zu Volg zuo Brudi hochen bezahls, de er
1827 2753 2860 2896 Fgis, sich hente dato in nie obere
1840 2845 2897 3008 gefangenschafft begäben, und mit dem
1834 2967 2821 3141 selben volgendes examen gehalten.
1731 3174 2935 3366 Hn. Er berier ohnen houffel leissen lein, daß er¬
1840 3321 2950 3484 verlicheman mr. brach monaths anzendicht
2249 3426 2281 3537 b
2201 3438 2231 3515 2
2149 3439 2182 3497 A
1818 3464 2961 3620 zucher von warheil, einen todschlag begangen
2823 3606 2952 3719 Aum
