3024 4032
184 193 291 288 14.
602 184 1006 337 bedul an
176 258 1456 481 bleibt und ihr gudi hüren annt schultheis
569 384 946 542 von Schlach.
844 521 944 589 ben
346 507 1360 661 Demnach mügli und obern
341 617 1439 752 R um b. auf abgehörte vergücht
351 695 1439 847 die Elßbeth Jost lougen begange¬
336 774 1379 884 nn Kindermands ans heitige
333 859 1367 1006 dag zum vor vnenrtheilet und
1367 905 1409 976 W
341 954 1366 1091 din artheil an ihra morndrigen
330 1047 1413 1215 land, als der ab sunsus Tollstecken
328 1147 1423 1290 zulassen gnädigst bekent, als
326 1240 1384 1396 lynd ihre budt erenndlich ange¬
331 1322 1405 1460 somunnd zuo dem und murghier in
317 1412 1436 1568 oberen Rath und burgeren bey eyden
318 1500 1413 1645 versamlen und einenselben in
314 1582 1414 1715 len ling bieten zulasen etc. lom
296 1664 1411 1799 zu Thun er gudin bestens bissen
304 1749 1446 1908 Hoerden 1 arts d A. Danuary 1142.
473 2004 1399 2167 zedul an mussier burge ts
757 2124 788 2220 4
289 2144 1419 2285 Demnach müghl und oberen rath
295 2234 1406 2384 und burgeren, ein als beth dass Frutigen
288 2320 1424 2461 tagd zum tod anrurthinens als lied
285 2410 1423 2567 machten er bauchen etc. dassen dahin ver¬
269 2512 1396 2665 ständiget mit henündlichen gesenn
258 2598 1357 2734 zuo Dimanstalten 1 paß zuo dem end
268 2685 1450 2816 auf morndrigen tag der Richterstuhl
267 2776 1369 2926 gnlohnter maßen geöffnet und
268 2859 1447 3032 din behörigen schrankend aufgestellt
270 2969 1432 3101 lerdind, lom zu thuond March herren wohl
255 3055 1415 3194 bissen lärd. Actum d. b. january
244 3146 487 3305 M12.
2113 134 2345 250 Zebus
2792 184 2880 262 5
1767 183 2791 328 an manthroden herren Archindiacon
1750 280 2651 474 An Miehhiel Bea obere
1743 403 2890 590 Demnach müghen und obren und z
1760 529 2847 697 an Frutiger versamlung, die Elsbeth
1743 630 2890 796 hos nach abhorung dero vergricht und
1742 707 2904 851 Bekantnus logen begangenen kinder¬
1731 798 2855 957 mördts, unnd ihr God berugtheilet und
1759 891 2820 1032 diese urtheil an ihra morndrigen
1758 983 2882 1134 Hagd Sollstecken zuo lassen, erkent haben
1755 1067 2910 1226 als lönd den her deran hirmit diensten
1768 1162 2768 1303 fründlich ersucht, die anstalt zuo
1762 1255 2880 1405 perfügend daß dieser Malefiantin
1755 1356 2870 1514 solohl hente nach dem habend abscheuch
1761 1448 2845 1562 als durch die nachtund morndrigen
1774 1546 2822 1668 tags biss auf die richtstatt durch
1782 1618 2752 1766 die herren Sünlsorgern mit trost
1761 1704 2887 1857 bey gestanden, also dieselben gefordürlichen
1781 1788 2842 1927 massen zu dem tod berecket worden
1784 1890 2824 2022 mögen. vom zuothund die herren bestens
1782 1976 2807 2093 lisen bird. Actum Locam 200.
1770 2058 2390 2218 d 15. januarii 1142.
2004 2290 2654 2423 zedil an murichen
1956 2386 2761 2523 statt Maror Jcharnns.
1772 2514 2908 2653 Weilen magt zu und oberen kinnd zu
1798 2588 2922 2761 din Elßbeth roß zum tod verurtheilet
1793 2683 2919 2827 als lind mechen Statt Mapor angesonnen
1788 2755 2878 2926 auf den morndrigen tag ein ber
1780 2846 2930 3013 nöthigte manschafft geloghüter massen
1787 2921 2861 3102 von hinsiger hattnlache darzuo
1791 3013 2844 3209 bestallend zuo lassen bi zuthuon
1790 3089 2836 3301 mloher kohl bissen lerd. actum
1791 3245 2462 3387 8. january 120.
