3024 4032
82 236 222 330 2.
1089 278 1237 452 i
424 376 1391 546 Seiminat Srochen
696 495 991 601 wegen
356 526 1434 758 Christen Geri von Lobsingen,
546 749 1184 957 information
143 902 1421 1305 Hienne hander in eine
362 1248 1387 1426 sunts schultheiss Steigli gestern
360 1358 1392 1499 habends berichtet worden, bie das
382 1452 1389 1600 Jags vorhero zu mittarnächt
368 1531 1387 1708 zuo Seedorff ants Frienibberg,
378 1636 1468 1766 Nickans Burgei von Lyß, von Christen
375 1729 1430 1878 Bern von Lobsingen, so geschlagen
391 1807 1374 1962 worden, daß der salbe darvon zuo
373 1902 1435 2000 boden gefallen, und etla er stund
348 1989 1399 2138 harnach Jodes verblichen habend
360 2088 1442 2248 hierauf hin hochgedacht ihr bunden
376 2189 1444 2349 absebald in mein die er herren großweibel
386 2282 1444 2414 und den grichtschreibern, den
362 2370 1374 2504 befelchefrychen lassen, sich mit
335 2452 1470 2616 zuozeuchung sines medier und griruegen
356 2528 1445 2707 auf den orth zu verfügen, diesen
344 2641 1447 2829 zu volge habend do herren gross Meibel
332 2752 1428 2876 Gortot und der grichtschreiber
349 2833 1499 2979 von denstetten mit zuozemlung herren
313 2938 1470 3063 Poctor Veitenbachs dent und herrn
315 3013 1435 3172 Ansul Ohirurgi Königs, hente fruhe
331 3088 1496 3286 sich derthin begeben und dieser Fraur¬
314 3175 1462 3368 beschicht halber, nach verhero an die
349 3306 1453 3460 bezangen gethaner sedontation
341 3382 1433 3570 nichts als die füre wahrheit zuo
313 3478 1458 3701 sagen, volgende information auf
320 3671 745 3795 genommen.
993 3647 1454 3759 . Bendicht.
1918 291 2451 455 Christen Berzi
2788 353 2893 475 [9.
1797 481 2854 662 Hn. Bendicht Langer, der meyer
1817 591 2860 766 zu Seedorff von 36. jahren alters
2543 706 2775 852 zeüget.
1709 762 2856 965 Eie habend am montag nach mittag
1823 894 2842 1066 das gelohnte schul, examen gehabt
1816 981 2833 1148 nachdamme solches vorbey gebesen,
1819 1077 2842 1241 habend er, der weibel, zuom Thor
1843 1182 2867 1316 richter und die vier schulmeistere
1846 1275 2858 1411 in dem wirths Hanss ein abendbrodt
1854 1360 2854 1499 mit einander gehabt, und seyend
1848 1462 2826 1594 jeder musem gelt, im trieden
1857 1553 2867 1699 biss gegen in Ahrenber einander
1856 1663 2789 1800 gebesen, habend auch santlich
1859 1751 2902 1879 beggehen sollen, da habe der Niclaus
1839 1842 2797 1981 Möri von Griss, welcher mit dem
1852 1945 2914 2083 entleibten Niclaus Burgi an einem
1874 2022 2861 2182 andern tisch gesessen, ihnen noch
1853 2145 2869 2284 hins zutrinken vollen, horauf
1850 2254 2903 2384 die lieder in die stuben gegangen,
1871 2316 2883 2471 da seye Christan der Bendichts Sohn
1859 2396 2920 2543 von Lobsingen, zeischen 20 biss jahren
1862 2485 2906 2612 alters, welcher mit dem Goltor Niggeber
1871 2568 2881 2676 getrunken, mit dem entleibten in
1865 2654 2905 2781 streit zerfallen, des wirth aber habe.
1860 2732 2918 2863 sie von Einander gethan, in dessen
1864 2802 2932 2936 seye der Bern nachgekommen, und habe
1876 2907 2918 3040 dem burgi mit der sonst einen
1879 2988 2878 3112 streich auf den roken gegeben.
1874 3050 2903 3222 sägends dahast die es jez du ketzes
1889 3134 2926 3291 borant der Burger alsobald rüklings
1899 3241 2969 3368 auf den boden und meine ohumacht
1887 3320 2894 3448 gefallen, da nun ihme jederman
1881 3403 2864 3536 hellen bollen, habe sich des beren
1887 3463 2910 3637 aentzleischen beggemacht, die habend
1877 3562 2920 3726 zar beyde trunken gehabt, seyend
2698 3670 2929 3778 aber
