3024 4032
124 223 219 311 44.
211 2807 271 2901 2
320 273 1346 422 mann harnach seye der Grunen
323 382 1402 523 zum zweyten mahl vom beth aufge¬
325 460 1367 598 saman, zoge seinen hosen an und
331 539 1347 668 tinhe ihne Bielion löndarum an¬
336 625 1411 767 und gaab ihme den bessen messer¬
319 701 1426 845 Glich in bauch lorauff er den Brunen
337 787 1299 931 synkopf gefasset und auch dem
324 877 1335 1020 boden gezogen, darnach aber zuo
315 967 1346 1075 buben hinaus gegangenn 1 damme
316 1054 1385 1178 der kunns nach gefolget, und mit
308 1131 1331 1264 dem messer wansen im gang
308 1221 1345 1362 noch miner sich in bauch geben,
471 1418 1075 1557 Nelatio Medica
291 1560 711 1771 haus gerichtet.
747 1648 1362 1820 gnädige Herren
295 1817 1377 1983 kind Gud Reoeristo de 20. brie
309 1909 1314 2050 Lutzthin, lutstricht dero collegunn
295 1975 1410 2148 nedicli in nider jhänigkeit vom Volget
202 2094 1389 2270 I. daß der Cotegalische Schluß der
303 2204 1432 2346 octobris so er gudt: vorgetragen word,
305 2300 1389 2423 nach bißhar üblichem Allo hinge¬
289 2378 1378 2512 errichtet gelommen, da Herr Guden loohli
280 2483 1335 2608 ihens colligs meinung leissen in
280 2549 1405 2682 ein ritionen denidendi aber nicht eine
267 2658 751 2769 stratten wollen.
303 2779 1408 2931 Mann Michen großweibel und
278 2876 1389 3030 grichtschreiber muehrnenen als den
279 2985 1323 3115 Mious ordinand) von miserem
272 3052 1408 3216 Collegio lonrden entbotten haben, den
252 3147 1399 3311 Leihnam zuo ossnen, bare denen selbs
265 3256 1402 3403 die jederlonchers biss dahin geschechen,
262 3355 1174 3529 schuldigst entsprochen worden.
184 3538 1357 3704 . dass die nicht siguete Relation
1105 3682 1299 3797 michs
1662 868 1715 937 er
2755 200 2855 296 [43.
1791 253 2881 438 nicht anno erintentione Boumenti, proban¬
1780 359 2878 498 rtis conupiet worden, sonder mir als ein
1772 434 2890 580 pro memon für den Medium bedinanind
1792 502 2845 644 als in muehrnrein mundlichen referent etc.
1780 581 2871 752 von Herr Gudi Lollegis mesio belches dann
1786 650 2801 798 haut dend befahl ders septembrio über
1810 748 2841 859 deßelben rationen hin, einem schluss
1781 813 2881 961 fassen und derselbige er Buden, als das
1804 917 2868 1056 nnnge domnentum socobans vorgetragen
1819 983 2875 1120 berden söllen, so vom dan auch die von
1791 1073 2880 1217 dum Medico ordiuario und dannn beyden
1804 1168 2871 1281 Thürnrats Vischetonbus underschriebene
1805 1250 2882 1402 büricht und schluß mul zuo dem end under
1796 1329 2838 1450 zeichnet worden, Danis er von Jacto
1805 1407 2876 1546 honder der hohn noch hibdelegicte richter
1822 1487 2848 1623 durch nügleiche oder inglench gefasste
1802 1566 2843 1684 berichten in einem so triffen lasu
1803 1646 2856 1748 ihra ghumacht werden können etc. man
1817 1703 2853 1858 aber er Budi, dem colligio dermahlen
1825 1798 2891 1922 in mehrerem mid zernerem anbefehlen
1828 1879 2857 2006 din zirn Catra chiruogos von nus in
1822 1967 2860 2092 gefessenem Sollegio zu beruften 2.
1823 2059 2790 2168 in ihre relation neben dem medero
1824 2130 2899 2259 ordinamo zu vernemmen . herrüber
1832 2211 2875 2332 einn grund innständliche relation
1839 2282 2865 2392 in rationibus proct contra samb dem
1821 2368 2874 2465 Schluß, profefolitate absolieta ant von
1821 2429 2870 2587 absolta zu Japngs zubringen, als ist
1814 2510 2878 2646 zwas durch die mundliche relation
1833 2587 2883 2721 heres Hierzu berusenen herrn Schafund
1832 2660 2891 2788 brunner, ertra chirurgorum de medini
1829 2726 2863 2882 Oedman shmahls abgelegter mundi
1844 2797 2903 2969 und schafftlicher bericht bestättiget,
1847 2887 2825 3049 deßen aber ohngeachtet deß sollegis
1829 2979 2877 3146 Inoulani einhäliger schluß, bis auf
1835 3080 2870 3216 inn einzigen gedium ordmarinn
1841 3131 2918 3283 dnn ire dection beygnloohnt, pro lelali¬
1838 3231 2867 3373 tate von absoleta, sonder ser andens
2494 3304 2911 3459 massen durch
2187 3343 2264 3455 65
1851 3347 2128 3457 nefolget.
1839 3375 2905 3549 dieser lounden kein großen gesaß, oder
1851 3469 2902 3636 andere eoln Jarthen, deren suuillen
2636 3577 2748 3688 zu
