3024 4032
75 3155 302 3339 Gib
138 232 272 318 268.
498 225 1256 415 Johand Siesseracht
424 345 1474 549 able dan nicht Christen Lauss manen
169 381 390 565 Hars
414 465 1476 630 dermahlen hud Loube im kleinen burgischen
379 559 1469 717 sich aufhaltend, ein par stärpfel zuo gestallten
392 645 1420 811 habe, welches Nachderthr dem Grattig vonn
375 732 1250 896 laußman zugestett worden
127 773 1477 992 Antborter kenne dar disen Christen Recht
376 911 1452 1083 siann so sich für ein Rychen alt der disen
351 999 1409 1171 gebe, er seye vor diesem mebte Seheli
384 1088 1428 1229 Heemanns dienster gsin, habe ab
387 1163 1462 1341 sin seinem stiethelens knabehrt ihme
376 1261 1328 1439 aber einiche stempfal nicht zuogestellt
202 1461 362 1592 plich
445 1438 1418 1604 Aeer guldenach micht gestaten wölle.
373 1543 1427 1711 daß er an der Baatsch in begseit, deß wie¬
362 1630 1394 1810 van Büthsharter zuo Hilterfingen jungen
363 1729 1301 1886 vonn Büchsen schmid wuller sin
363 1823 1429 1989 Goldanwyl in gesagten Sitschard
355 1931 1422 2114 Wictland sinen Hur Ralis batzen vil
345 2049 1415 2211 zemachte und zeg zuo ancernerbatzen auß
330 2140 1380 2307 gebesdar in stempfal bschiner nach ziel ge¬
339 2235 1370 2397 bracht unnd von ihme seiner costen und
346 2337 1403 2510 auß geben zelt zurmb begehet, vori
323 2459 1430 2615 Sbolleer die stempfel bieder abschleiffen gsin
326 2561 1425 2734 von Welcher bezaltung aber er mittlenen
333 2656 1333 2826 söllend, sonderen daßlg an statt dern
321 2767 1334 2923 mit hiner langen nach dem Brathshi
320 2861 1380 3025 zarett und dann der Wviethlütschard
325 2962 1411 3129 mist warbey gsin bäre burde des statt
294 3055 1339 3239 schin band umb gebracht vorden sigenn.
378 3174 1390 3386 von diesem allem vonn de er gar mißt
309 3319 1376 3464 boll aber sier ihme annachin ansen
279 3416 1392 3565 daß letst verrichenen knechtung, dan und noch
303 3501 1403 3667 baltwar, schlag unbekante man diser sohnen
270 3600 1397 3760 bey ihme übernachtet, das einte habe der
290 3696 1354 3856 anderen mit h. Petter angeredt, morgend
2736 344 2868 441 189.
1938 296 2650 475 Johaned Richs eracht
1809 401 2815 560 darauf als im gewüßer gürtkri
1769 494 2820 671 schenne Ganant, auch strancken
1806 601 2862 763 in seinem schmidli gegehütet sige einer
1781 691 2873 849 don dießen Mönnneren auch dahin kommen
1812 786 2881 917 mit verdaultenn die habend gebar vier (deütend
1801 858 2871 1021 auht sein wendthatkeli, daß an diesen bet
1803 951 2876 1111 kommlich gebraucht heren könnten so habe
1795 1039 2882 1209 snen aber hierüber verdancket, Er boble
1805 1134 2872 1290 mit wargen hächen dar nichts zuothun habe
1807 1223 2867 1380 Worenicks dies ihme ohn bekanten
1776 1326 2874 1484 Jegey Manner alladin einem Lumpen
1801 1410 2885 1589 gelüblet für gethann gesoung kind erlegen
1796 1492 2720 1686 wöllen, so er aber außgeschlagen etc.
1750 1639 2873 1795 Häbero sin auch mithimander in auch
1782 1737 2842 1897 vortstrafft gebosten, noch belichem sin
1770 1808 2874 2012 ihne mit baarem gelt darallt und setzen
1770 1925 2867 2099 sin beyde khinrnnst zum bly darb thor hinaun¬
1785 2047 2325 2192 und leggangen.
1550 2152 2854 2357 Er alhie eelichen darbas der in dem schnittli
1792 2273 2858 2433 nfundene stampfel zum ausshau
1783 2357 2861 2507 wan und jenige von einem blätte lug
1774 2453 2779 2625 fes stuck abgeschlagene zeergefind
1789 2547 2855 2725 batzen grossen rhatz Bederiten Ballindt
1530 2671 1820 2809 Antion
1848 2658 2836 2847 Diser Stampfel und kupparblatten
1775 2774 2830 2955 gehen ihne nichts annd sömleren solch
1784 2878 2803 3039 alles anhöre vor anzognem Kurther
1787 2963 2819 3128 dem passpf Pfaltzer von zeit zuo heit
1785 3056 2823 3212 in disen schmittli Kuopf unnd anders
1781 3139 2834 3292 mache, worfür er dosalso ihme jedas machen
1794 3228 2828 3410 nebst zuotmachung der kohlen so e
1784 3383 2050 3546 be fassen
