3024 4032
142 221 244 295 12.
323 226 1396 402 ihnen getrunken, warn so guten
322 331 1427 513 muoths, so dass er auch dem waldhorn ge¬
316 441 1453 580 blasen habe, darzuo der behörte gesungen
316 526 1433 664 nachtorrts etwan gegen Ab ehren seye.
323 605 1423 731 der Gounns auf sinder heli anmahnen
305 682 1420 823 löncklich zu bethe gegangen von dannen
314 764 1403 871 sy mit nun gehöreten Bielion wort
310 831 1425 972 ynlopelt, bald darnach aber söndnenn
313 908 1423 1040 aufgestanden, habe ein blessieten nach
305 978 1426 1118 dem ann gegriesten, denoch Statenters
289 1054 1435 1176 sich ins bethbegeben mid von daselbsten
305 1124 1417 1243 inn hutlon mit stäcken lorenn gehüßen
311 1198 1451 1330 long gehan, der blehsieten bichon antwor¬
692 1274 721 1341 1
1328 1332 1360 1357 m
292 1280 1328 1394 tete, so habe löehle, demnach aber
301 1356 1424 1482 seyend sin im long gehen begrinsten ge
295 1422 1407 1566 losen, zu demmen seye der Grunne
292 1504 1413 1641 londermahl vom beff aufgestanden mid
295 1583 1338 1714 auf den Piction roos gegangen, da
298 1670 1403 1803 dann sie mit zinander herungen und
297 1735 1432 1872 der Grunns unden zuo lingend gekommen
302 1817 1380 1952 als der Brünns löndes aufgestanden
276 1899 1396 2047 habe er den blehirten bution zur thür
279 1995 1425 2118 hin auß gestossen und glauben er gezeüg
1155 2061 1213 2136 4
293 2077 1411 2213 din suchen seyend damahls densen in
273 2158 1406 2294 gang best länderfahren, so gezeüg aber
274 2225 1407 2360 habe sein mäßer noch auch keinen
267 2319 1339 2470 streich versehen nicht gesehnde, der
282 2389 1413 2546 Henner seye gleich darauf verschoundi
286 2491 1325 2610 unnd ihme gezeüg mithero nicht zuo
262 2569 1377 2701 gesicht kommen. Dach den septemb
260 2676 451 2758 13.
250 2748 1414 2899 Den 2. octobris uns habend vor¬
254 2860 1417 2992 bgedachten beyde gezeügen haßsler mid
260 2945 1411 3094 schward obbesheinbenn ihr kundschafft
252 3012 1447 3177 aussaagen mit einig follenischen eydt
255 3109 1414 3295 bestättiget, anbein verdeütet, daß der
249 3224 1369 3369 nun mehre Verstorbenn Marriee
265 3296 1413 3455 bichon vor seinem ende sich gelouferek
251 3396 1407 3560 daß er din von ihrern Brunns ihme
234 3498 1362 3661 angethann beleidigung von herzun
1018 3650 1288 3773 verziche
2772 272 2854 368 13.
1792 252 2767 451 vnrzinheund einn hoche obigkeit um
1802 361 2777 531 nrtheilung der gnad gegen denselben
1806 445 2394 584 gebetten haben wölle.
1808 574 2878 755 Gleichen tags dass 13. 8bein hat deß Gumnd
1807 674 2821 821 Mayd anna Klimen, hin vorstahende
1800 751 2885 921 ihren anßsaag mit einne glubd an eydts
1804 833 2308 965 statt bestättiget.
1815 942 2881 1111 dn 28. septemben und auf vernemmen
1797 1040 1865 1101 B
1813 1044 2883 1200 daß der obgedeüte Nausie Buchionin
1813 1139 2849 1282 lebens gefahr sich befinden, ist derselben n
1824 1210 2875 1378 dem Spithal besucht und von ihme nach¬
1814 1300 2892 1469 volgende information aufgenommen worden,
1947 1491 2636 1649 Maunne Giellon
1822 1601 2852 1749 Ein keßler gebürtig von B. Magtan
1817 1697 2905 1836 anß harone vonntion 70. Jahren alters
2085 1779 2355 1909 sagt auß.
1823 1880 2872 2040 2 23. Deptembris 432. gägen 1. lehrn
1836 1975 2865 2102 abends seye er mit seinem gesen hund
1835 2057 2884 2166 dem anderenn keßler nach marzihle zuo
1830 2124 2918 2259 deß Bruners Hanß kommen, allso das
1834 2205 2908 2336 niß sein gefordert, allwo man ihnen
1833 2287 2867 2422 auch neinn und darzuo suppen mid
1829 2347 2881 2475 fleisch zum nachtasen geben, der
1831 2444 2790 2581 kuumer befande sich stack beranscht
1823 2497 2889 2671 fieße sich denoch einend schopen kein
1847 2597 2868 2731 harreihend . nachwerts habe er sich zuo
1831 2674 2907 2831 bethe begeben, hernach seye er vnndernn
1825 2767 2859 2894 aufgestanden under zweyen mahlen
1826 2834 2846 2977 habe ihme hins an den kopf versecht
1839 2938 2866 3081 allso dass ihme der hut ab dem kopf
1827 3015 2929 3176 gefallen, ohne münchen socher gehaben
1834 3102 2895 3254 lort steitts, in maßen er den
1849 3179 2919 3367 eesten batz nun für geaaten geachtet
1843 3290 2892 3464 als sy mit ihme dan zun gne
1845 3341 2945 3530 yngeben, sagte er hielon er Grunen
1833 3466 2868 3643 schlage ihnn nicht als im Thricher
2653 3578 2834 3666 mare.
