3024 4032
70 351 218 466 190
492 314 1141 467 Christen Beri
415 477 1418 639 aber nicht sonderlich beranscht
399 566 1410 703 gebessen sie habend einander
413 649 1397 803 Gälgenvogel der heri aber
391 734 1390 898 habe nachberts heiters nichts
1028 850 1061 919 zu
1072 852 1164 930 1
401 867 1396 1018 gesagt, als darum er ihne nicht
400 968 1443 1097 Zu ruchen gelassen, er gezeüg nit
407 1041 1416 1201 der weibel seyend da zeblieben.
396 1170 1357 1301 unnd habe man nach bys den
392 1273 1423 1414 schärer zu holen, und ins kloster
377 1378 1417 1499 neuckheiner Landtvogt zu berichten
375 1481 1429 1647 geschickt, er bezung seye auch tags
381 1622 1485 1743 hernach selbsten nach hern gegangen
398 1669 1412 1845 unnd habe solches angezeigt Buch
384 1782 1442 1957 hntleibte habe von dem angfüklichen
365 1893 1482 2057 streithan, kein wort mehr geredt
372 1988 1471 2167 unnd seye bestern gegen gn. Ahren
382 2092 1415 2262 gestorben, seye unbemibbelt, und
375 2203 1494 2368 hinterlasse kinder, er anzeüg habe
383 2325 1454 2474 zpar gestern den thäter beschiken
373 2408 1355 2566 sollen, seine bruthe aber habend
372 2533 1459 2720 gesagt, er seye nicht zu Hause Enderen
336 2659 1096 2812 hiermit seine missharg.
264 2826 1465 3002 3. Rudolf Brüner der weibel sagt
385 2936 1388 3119 ein gleiches, die Sieber einander
384 3008 1493 3185 gelesen, und da sie die vorgesezten
376 3110 1476 3312 habend beggehen bollen, habe der
392 3223 1508 3411 wirth den übergelasenen stein
411 3313 1476 3496 noch in den lang gebracht, und habe
406 3415 1469 3591 der möri auch noch einen trunk
401 3510 1466 3725 Zahlen wollen, horauf die bieder
415 3603 1440 3802 in die stuben gegangen, als die¬
1109 3738 1430 3861 hinein
1411 604 1442 684 2
1865 232 2458 409 Christen Beri
2739 271 2909 385 1
1756 398 2825 557 hinein gekommen, habe der wirth dem
2846 477 2875 529 I
1783 484 2859 648 Burgi von dem gfon genommen, seyend,
1767 588 2861 722 sie sollend nicht streit haben in deßen
1777 685 2844 860 seye das Bari hinterberts gekommen,
1792 793 2832 944 unnd habe mit der Hous nüten auß
1789 898 2877 1047 dem entleibten an den saben gegeben,
1799 984 2824 1131 horauf der burger also bald zu boden
1812 1082 2778 1265 gefallen, er betzung und übrige
1805 1217 2812 1357 anstände habend gemeint, er seye
1805 1323 2802 1444 nur in an macht, sonsten hätte es
1814 1386 2854 1555 den thäter angehalten, in deßen biße
1815 1505 2858 1669 hr nicht, hus die ursach dess streits
1833 1614 2175 1762 gelesen.
1677 1875 2869 2017 H Niclaus Schori, der Thor richter
1837 1993 2839 2127 unnd Haubtman von Lobsingen,
1824 2063 2806 2254 von 18. jahren alters satt die
1826 2192 2875 2371 Fistori von anfang, die der meyer
1848 2255 2880 2424 und weibel, und seye der entlibte
1839 2369 2889 2545 den Geri angefallen und habe ihme
1844 2472 2906 2650 gesagt, er seye ein käßeler und ein¬
1855 2567 2893 2736 bub und habe demselben der khäpss
1855 2660 2932 2820 gegeben, dieser aber habe geantwortet,
1848 2753 2938 2925 er möchte selber ein bub seyn, in dessen
1854 2871 2921 3052 seye der wirth gekommen, und habe
1867 2941 2887 3151 den burgi unggenommen sägend.
1871 3070 2931 3254 er sölle ietzt nicht händel anfangen¬
1882 3169 2892 3363 bald hernach seye der Bern von
1867 3255 2850 3456 seinem orth aufgestanden, und
1865 3329 2957 3583 habe dem entribten ohn versechens.
1897 3459 2934 3660 einen streich an den beken versetzt
2593 3601 2932 3752 vorenschin.
2843 802 2906 944 6
2860 1017 2911 1137 u
