3024 4032
93 213 228 303 14.
167 2858 259 2988 D.
162 3285 258 3424 B.
268 352 1211 539 hrn. Ob er auch geschleisterten haben
232 543 331 713 R.
381 582 1478 717 dasunss bruoder und drey schlonsteren, und
368 661 916 805 seye es das jüngsten
386 782 1472 928 Es werde voll büssen, bessentlegen es in
235 780 330 948 K
373 864 1471 1024 hiesiger gefangenschafft enthalten berden
218 1029 345 1184 R.
401 1058 1458 1198 Weilen es ein kind auf die welt gebracht.
379 1137 1489 1285 mit helchem diebach gar nügtncklich gegangen,
259 1266 356 1422 6.
382 1256 1225 1437 von kommme es schwanger gelesen.
242 1423 355 1567 K.
382 1421 1428 1590 von deß coster Lehenmans knecht, auch
370 1537 1412 1683 der Schwandi Christen genant, auß dem
358 1631 658 1762 Schangnan.
345 1782 1468 1931 ob es seine schlangerschafft gemanden ange¬
227 1763 309 1886 G
331 1883 674 2018 zeiget habe.
218 2023 318 2159 B.
357 2042 1483 2212 Es sere mit Hans an der Eyg von Brobigkeil,
351 2153 1491 2296 helcher in kriegs hienste gegangen, versprochen
351 2244 1495 2353 gebesen, dess enbeten habe es eine schwangerschafften
340 2315 1489 2465 Niemand sagen dörffen, weilen er sich sehr geforchtet
335 2395 1487 2549 es möchte ihme gar übel gehen, glaubende anberg
344 2487 1467 2620 die seche verde nur zu fruche auß kommen, in
342 2555 1495 2720 übrigen habe inns Sinmand sonderbar darüber
332 2672 1051 2834 befragt, also seine elleren¬
321 2870 1450 3024 Sb nicht seine muoter ihme die sache keklich
313 2965 1477 3123 zugemuttet, darüber es ira sein hemd welches
320 3048 1462 3207 es mit blut besprichet, gezeiget, sagende sin sölle.
307 3158 1223 3292 sehen, daß es noch seine geüsen habe.
316 3296 1493 3462 Es bisse hiervon milts, bohl aber habe es noch wege
293 3376 1484 3567 seine zeiten gehabt, so daß es innessen nicht eigen
310 3465 1488 3659 lich gebüsst, ob es schwenger sechen das seye ihne
316 3610 1043 3736 einmahlen das erste gseyn,
1298 3712 1354 3823 1
1212 3705 1299 3867 1
1675 2283 1787 2428 B.
1688 1230 1797 1398 B
1710 1610 1804 1741 K
1728 2685 1814 2823 B.
1724 3282 1833 3424 B.
2828 155 2966 244 108
1795 309 2960 490 hieran wurde dieses mensch ernstlich ver¬
1820 395 2971 564 znahnet, die keine warheit zu reden, milt
1807 479 2996 623 hünd auf sunde zu fauffen, sondern ders und
1819 528 3028 718 der hochen Obrigkeit zu ihren, die säche zuo sagenn
1822 650 2974 805 hie alles heryngangen, also sein herzeund
1826 725 3001 888 Gelissen zu kommen und nichts zu verhälen,
1822 809 3007 966 Esberde bohl auch anterbiesen worden seyn, und
1818 891 2983 1051 sölle also leissen das es zu thuon habe, damit es sich
1833 964 2977 1130 mit Gotts versohnen und hin gnädiges Artheil
1837 1096 2245 1215 erlangen möge.
1837 1239 2977 1402 Es seye so bohl daheimen also allhier in dem
1828 1341 2980 1475 sperbahl Luterliesen worden, vonn schreiben
1849 1425 3004 1570 und läsen, und wolle aufrichtig alles erzehlen.
1829 1617 2967 1759 Obes nicht da es an dem unglücklichen tag
1834 1711 3003 1848 von Bürgderss gekommen, mit erbegs seinem
1845 1796 2964 1923 bruder und nachderts der Nußherin mer
1846 1864 2974 2009 geklaget, daß ihme der huss gehethun, da¬
1848 1954 2947 2081 es doch in seinen damäligen anstanden
1852 2043 3028 2183 vohl mehr verda Sanchund Krantz schmerzungen
1850 2144 2218 2262 gehabt haben.
1852 2295 2997 2448 der huß habe ihme demahlen sehr behe gethan,
1859 2407 3027 2529 so daß es zu lecht nicht mehr gefenkonen, es
1843 2489 2744 2628 habe behl auch krentz lege gehabt.
1844 2716 3028 2850 Obes nicht, als es damalen mit seinem bru¬
1855 2810 2989 2953 oder von Burgdorss gekommen, demselben die
1858 2899 3024 3039 2. Jahrli hat abgenommen, sagende, es mögen
1866 2995 3019 3129 milt so lär gegen, darans danbohl zuerachten
1871 3064 3025 3209 daß es schon damahlen ein bößes vorhaben
1875 3162 2636 3311 gehabt, die haber zu gebrauchen
1878 3318 3002 3462 Es habe damahlen noch von nichts gelousst, auch
1883 3416 3016 3547 nichts böses in dem hinne gehabt, voll habe es sein
1884 3493 3025 3633 brüder gesagt, es trage eben solick etwas, als
1881 3556 2340 3707 daß es largehe
2867 3702 2965 3840 9.
