3024 4032
114 163 262 291 8.]
311 275 1469 422 als nun din deponentin vernommen,
304 384 1421 519 daß es im nem lochseyn, habe sin
296 470 1451 594 gedacht nochmalen zuschanen lasen
272 555 1472 664 für nun bewandtnus habe mit denen
295 646 1391 786 bätzen so si in der bar gesechen
292 733 1453 861 Horauf sin deponentin zworgen knaben
276 805 1378 952 so ohngefahr allda gelonsen, zerbey
286 900 1462 1028 geruffen, welche auch auf ihr anhalten
289 988 1459 1123 pinn in der las zulegenn anngen
277 1076 1392 1222 herauss gezogen, auf diesas hin
282 1167 1306 1318 habe sin die jafel ihnne und
285 1258 1383 1404 brunns harzuo geruben, da es sich
289 1353 1432 1496 dan erfunden, daß er eine rach¬
274 1434 1451 1586 egeburth gewesen, all diese nach¬
252 1514 1446 1660 ngeburth gefunden worden, habe sin
267 1609 1374 1765 deß Elssbaths bett gantz durch sucht
263 1698 1396 1852 allwo sin intes dem strochen hab
272 1794 1443 1959 einen zundel gefunden, welchen
248 1889 1441 2051 sin vorhero am donstag in dem
258 1998 1453 2165 bronn Bütteli gesehen, solchen bündel
259 2088 1480 2269 der zytel Küntzi gezünget, einlindt
241 2224 1462 2346 seitem zeranss zguggen geschen, und
250 2315 1289 2467 also dad kindlunn vor gefunen
1343 2393 1453 2507 ven
249 2409 1309 2569 welches din Jofel Küntzi also bald
248 2509 1447 2659 huren frudnanten Millhelm angezinget,
226 2600 1361 2753 sin laße übrigends nichts linder
248 2701 1401 2864 dinses menschi es habe sich bey ihra
225 2802 1426 2953 khind bösens gantz eingezogen, still
243 2905 959 3069 und wohl auchgefüchet.
259 3158 1314 3331 Gsatet. Margaretta Küntzi h
267 3259 1390 3439 beborenn sich jüngste tochter
411 3397 1108 3567 sagt und erzehlten.
207 3546 1399 3742 in ganze sache mit allen inn¬
1129 3669 1434 3814 standen
1743 355 1788 433 1
2817 274 2892 362 19
1811 339 2932 542 innständen von demm an, da sie von
1784 414 2926 571 irn Uoli Grinff darzu beruffen worden
1812 526 2840 665 durch ans gleich umm din Erli Geniff
1791 586 2848 735 solche in ihres außsaag erzehlet hat.
2837 660 2883 746 n
1787 685 2862 817 nir beynfügend, daß alß sie dieche
1759 757 2832 892 leidige sachdem herrn vndnantend
1787 851 2893 1006 Willhalii hinterbracht, hagend es werde
1779 956 2924 1062 ihme annoch bekant seyn, daß bedach
1779 1039 2900 1163 Elssbeth Joss Ambevor zuo sich beschikt und
1783 1117 2872 1259 thun die schlangerschafft zuo gemachtet
1797 1200 2885 1357 ss ihme geantwortet habe, vom das schi
1786 1284 2926 1409 kendt, Namlich daß es seinen grossen
1786 1360 2861 1490 auch von simmer anzten undbetthe
1786 1449 2906 1591 har habe. nm übeigen habe der herr
1779 1529 2857 1686 undnant auf ihr anzeigen, daß in
1777 1629 2921 1773 soh. Grafft examiert ein Jodes kind
1794 1708 2854 1858 zefunden worden, gesagt, daß seye
1792 1793 2908 1924 toun enminat sache, ein müsse solches
1777 1868 2841 1996 muecher groß ambel anzeigen,
1798 1947 2917 2099 dessenlongen sin auch abends gegen
1799 2027 2945 2152 Seichenn solchen gethan, am mitloochs
1801 2111 2928 2243 in das nacht habe sin auß deß eße
1810 2182 2864 2312 beths Stuben ein strmin gehört,
1788 2268 2911 2382 da sin an dem morgen gefragt, was
1791 2348 2932 2490 das gelousen, habe er ihra gesagt, es
1780 2432 2834 2561 habe über ein kahnn geschmälet.
1801 2518 2908 2664 am pontag darauff habe sin das
1791 2622 2953 2756 Elssbeth Simund und Maßerstragen
1797 2713 2866 2870 ien gleichen grossen bauch habend
1785 2804 2958 2963 gesehen, wisse lonters nichts hierüber
1771 2933 2093 3082 zu sagen.
1876 3107 2943 3290 Pofel Borothla fler in der herr
1913 3217 2828 3399 Greiff intern stuben sich
2051 3325 2743 3496 anfhaltend, sagt. B
1778 3460 2969 3650 sin bissen, aber die, diensus Elßbeth hossen
2554 3619 2875 3781 anschande
