3024 4032
132 243 257 337 24.
468 237 1199 377 Daniel Bratschic
357 327 1455 510 Mensch böse gaß gehabt, habe zmidt
405 439 1446 634 denn selben nicht bekommen kommen.
252 547 1232 709 Wan ward er habe vornemmen, sollen.
252 664 1432 835 Antschin von Brünig der Beheli zu empfachen,
162 775 1459 959 Trag Ober richt die Miethin zuo Langners ann
391 878 1454 1040 vonn Costen dan d falscher glerttig an die
381 956 800 1095 Riedli zu gebe
181 997 1384 1189 Antllda er habe sin aber lößt ein morge¬
368 1117 1345 1276 thallt mit noch anderem helt michte
222 1209 1446 1413 Wragt wolas sy die staltschen Preceller bekommen,
382 1321 590 1464 habe
229 1395 1382 1594 andts das könne er nichtsagen, er darstehe sich
365 1481 997 1661 richts das auff gelt.
1300 1552 1459 1664 mer
191 1595 1456 1805 stag Golg nitt besanter wirthin zu Langnen
375 1739 1403 1890 am andrenstag ein ander falsches 4 r.
351 1809 1407 1986 stückli aber sich Betli gegäben haben
176 1879 1432 2085 ants da, Allein er habe er ihra mächler soli
336 2016 1408 2198 dder auch genacht diss daß sie kein anschaden
366 2110 845 2249 an ihme leiden.
153 2205 310 2390 syg
355 2218 1397 2386 Welle er den der sich sicherend intigel min
357 2327 1390 2521 derlichen stükli so mit hit vermischt,
355 2457 825 2585 bekeinen habe.
132 2497 1419 2687 Ander habe erd von sinem stamdend man
354 2636 1438 2788 dan er nicht kenne, und richt nam unburg
358 2709 1426 2841 welcher im land harum gange, die ser abe
337 2796 1391 2947 ind der traget, die küpfer stuckt, und werde
338 2898 1394 3037 Zürich bestli von Thun gegeben, damme er
339 2981 1403 3132 halt vorgestralt, diß er habe ihme be¬
301 3085 1424 3232 stat er wolle ihne lehren Ringgenmachen
168 3180 320 3331 Nig
351 3190 1414 3363 Vne der Man keisse so ihme den 2. hat un
342 3312 865 3451 dieser sichen angeben
169 3372 321 3500 salb
335 3388 1422 3537 des wüße sy nicht, Er habe ihne sidthero nid
335 3459 1415 3612 gesthan, sonder zu erst, er syn bey Bern nach bethe
337 3550 1424 3704 aber habe es der daß hein der statt dern menen
296 3635 1402 3791 Watten mit diesam man ein kalbe Catrinken
343 3693 1425 3889 de wos vige ergaben, er sige Kupfer in Biber
347 3827 642 3925 bezhmanden.
1833 298 2498 453 Cagnen Brath hi
2743 355 2875 434 223.]
1634 375 2719 540 frag in Vilchem Kraller sie eherumben
1627 474 2462 628 Rüsl. das könne so mifft sagen
1637 579 2873 760 Sag gel nitt dem Stampel zuo dem Zürichtetzi
1820 657 2064 787 behalten.
1671 752 2009 873 ankbis ein
1628 791 2792 965 Araa ob er nicht ehrere notenmens habe
1666 912 2497 1067 Gato ein bisser Richts person
1647 1011 2869 1199 trag Sas das an sich habendostier kronne huller
1832 1129 1969 1250 sige
1663 1168 2776 1343 Kulls er seye ein huottes Ssuwer für das vych¬
1658 1286 2813 1455 Rrath Gilas weise hulderlem nicht dan
1818 1398 2844 1556 pproparier tem keinstein seye, und borfür
1826 1513 2069 1590 es diene.
1702 1561 2854 1734 Antolfa er habels in einer apathal gekaufft,
1827 1670 2851 1836 habe stätts beysich unnd seye sehr guth für
1805 1747 2212 1904 Brandsalben.
1619 1835 2846 2058 Wath Gniecht diebergsel habende sich fueg seinli
1833 1966 2856 2138 unnd das beisten fälcher ein hur sägen
1804 2048 2514 2190 sir Pieretter zuo Marchen
1663 2131 2440 2294 kats, das louide er nicht.
1616 2243 1789 2425 serige
1834 2234 2851 2432 Weil der ergal dem Ansahan nach sye zu
1819 2374 2852 2514 braucht worden, und er auch strüchung bey
1794 2467 2877 2614 sich tragen, so schame es, daß er nilborten
1830 2571 2857 2705 in den holtzeren frür gemacht und diesen
1818 2639 2431 2812 Tigel gebraucht habe.
1672 2725 1822 2840 Antl
1844 2746 2884 2879 emsaannd der bigel seye die braucht worden,
1824 2838 2864 2983 habe ihne mit gebrault, bestande darzu
1822 2920 2859 3054 sagt aber heiters, daß zr belt in einander
1818 3006 2865 3184 Bareiset auff anster dann Rollardam er soh
1829 3097 2859 3253 nnd habe schon gebraruchte und nugebrauchte
1825 3177 2129 3320 sigel gesächen,
1659 3253 1818 3448 Wags
1844 3262 2844 3447 bescheine also doch er mit schmelten ningegangen,
1828 3379 2850 3537 unnd das seye ein hand veck gsin und nicht das lis ger
1827 3453 1982 3547 besin
1660 3488 1818 3610 Cnto-
1817 3518 2846 3646 kein, er habelohl manchmahl geschlen schmelten, sage
1824 3596 2859 3735 aber nie darmitt ingangen und busste kemepriecellen
1817 3675 2728 3825 zuo machen, und solte her ihme den kopf kostenn
