3024 4032
94 246 216 362 169.
650 232 1129 392 Hans Züri
406 373 1439 530 42. Johr, auf heit eydts gemeltem
390 486 1416 615 Galo gevanexaminirt, visitirt, und
396 571 1485 741 hab sich volgendes er ihme befunden
406 675 1446 860 als erstlich ein sich so nur durch die
406 789 1408 964 handt auch die zur rippen linker¬
406 904 1406 1093 seits giange zweyens ein haar
397 1045 1461 1200 Zöll söher ursachen lor einen ander
392 1172 1420 1350 erren sich auch linkarseits glouschen
409 1273 1439 1443 der 5. und b kippen, so in die
408 1409 1408 1566 hohle bruoss gange, welches and¬
404 1538 1388 1710 nöthigte die bruß zuo Oßnen, da
406 1653 1428 1820 Ans dann eine nahinhalle mange
395 1748 1385 1936 gestoktes geblütt in der lincken
394 1893 1399 2044 bruß zu schen vorkomme, der sich
394 1990 1330 2153 aber gienge aufbourts durch das
391 2122 1412 2281 lunge blat oder Cobro Hilmonis
392 2235 1442 2400 von de Consters durch das harschantz
386 2350 1421 2507 ain oder pernardinn und endlichen
386 2478 1448 2629 in der Basin, oder Biche des harzens
371 2587 1473 2761 biß in den linker Nourrienlenn deß an
384 2716 1465 2894 oder harziastend, selche verbundung
373 2865 1443 3045 Obschon die nur mit einem schmalen
367 3003 1418 3164 Unstrumente oder Mader geschächen, so
375 3113 1457 3293 viel verursachet, daß alles geblüt sich
370 3261 1465 3415 dürchs hers in die bruss gelähent, als
360 3360 1492 3552 dinher gefolchsten statt ein ziger ursach
359 3508 1437 3686 dan seinem übrigen leib aber handen
2112 254 2586 447 Hans Küri
2805 325 2887 412 181.
1853 371 2907 590 sich londer verletzung noch verlundung
1861 535 2082 644 mehr
1867 613 2839 766 zelangens dann der noch lebenden
1851 721 2892 876 Rudolff zucher ouch von Betschlorilin
1858 827 2885 1046 des weibels zuo Schüpffen Sonst, auch
1856 928 2858 1108 von ohngefahrr 22 a 23. jahren alters
1845 1088 2859 1212 haben bir an seinem lüdten arm
1862 1177 2909 1355 volgende wunden gesehen, als die erste
1855 1305 2849 1467 6 zoll unter der achsel, so aber nicht
1864 1417 2886 1590 stied, die heyte ist durch die handt auch
1870 1556 2876 1699 den sllbogen gegangen, bey andere
1853 1665 2831 1824 vich bunden am vorderen gleichen
2846 1732 2898 1792 2
1864 1794 2852 1946 Arm ein soll breit von einander so
1865 1903 2772 2062 aber nicht tieff und nur für
1858 2009 2929 2169 Gimpla fleisch wunden zuo achten sind¬
1855 2137 2933 2283 mehr besindt sich auch linbarseits eine
1864 2252 2890 2407 Wundan zwüschen der gsin und g.
1865 2366 2901 2522 kiggen so inn die höhle der brust
1846 2481 2935 2639 benelriel, welche legen der verlehung
1868 2615 2857 2780 der Lungen, und deß in der bruss¬
1877 2731 2878 2896 ligenden bluts aller gefahr inter¬
1873 2854 2896 2985 borffen ist. Welches wir hiermit
1873 2992 2725 3137 in lahren trenen bescheinen
1870 3118 2571 3271 Bern den 17. junye.
1988 3239 2251 3404 Niguert
2424 3235 2889 3353 Rutter Nider¬
2492 3329 2764 3423 v. r. ged
2404 3398 2887 3538 Johrn. Benthi Schwer
2403 3506 2841 3654 Insul Operaler
