3024 4032
170 101 326 198 gl.
565 129 1251 319 Daniel Bratshy
288 246 415 374 ab
474 250 1491 409 r jug: busda nist bygentlich ob der
448 339 1520 538 Süller hingehept, den 2. schard ge
477 449 1493 640 kommen, doch alambe er der rucht wardt syn,
451 535 1459 693 be den gseller zuo sich berußden, dar
460 649 1504 800 Müller habe Waret li zu Toita beid
462 734 1430 894 dem Rilschard zu Bietten abgehaltt.
309 821 1461 1013 H. Docher wuller nach lammer dard sich sichen
451 923 1482 1107 hard mit den halb an der Stäncken
453 1031 1490 1202 salber geredt, solche also band gemeint
421 1133 1471 1289 habe, oder ober amnoch nach haus ge¬
405 1222 1450 1405 gangen seige, die dar in genande
408 1356 1213 1517 Buchenmens ab su Hohlendt
445 1471 1463 1644 der Müller habe so thane stümpfan
281 1443 392 1606 K.
429 1565 1463 1732 mitt also batz gemanst sonderen seye
433 1652 1433 1847 nich beferd hin und hergangen
258 1800 1460 1994 Ime ob der britschard, da so nach dieb
378 1914 1436 2093 gegangnen sie züli gesagt habe.
401 2027 1433 2210 alßhanderen geschafft legen mit
398 2162 991 2315 ihme gethan wolle.
249 2245 1303 2439 D Erbüßden nichsts hiarvon
187 2372 325 2580 h
382 2413 1427 2552 ob der Adlerrich und siel beysein
381 2524 1401 2695 jngi und dess bitsthhards ankünften
387 2622 1445 2797 bey ihme er mist gefragt habe, ob die
369 2740 1414 2907 mit gebrachte stampel eingestelttind
388 2837 1419 3029 gewartit sigen mit beysungen, so er der
375 2946 1459 3156 hrist sygen, vnnd sye solcher schon machenndt
201 3056 338 3223 G.
358 3086 1420 3280 Ia der wiett habe gesagt, die Stampfel
376 3200 1402 3367 sigen nit krafft außgefallen und
366 3292 1409 3469 gnerg so gehartet, mit anbietenn
351 3393 1269 3566 eybelle sin schon zurecht machenn
172 3473 1452 3675 s über nicht unnd nach ihrer an in flei
1612 3217 1793 3434 B
2836 167 2984 267 27.
1906 161 2617 336 Daniel Frathli
1867 279 2951 461 Giel dem Sadlerkenth proponiert
1847 388 2969 546 naben, die stampfel zuo probieren.
1875 493 2962 662 er könnta vohl kind, alß er zu deß dar
1685 489 1822 640 4.
1871 595 2918 776 Ion geredt habe, erummers sich aber nicht
1857 704 2943 880 prelibl ob er oder ein anderer mars
1861 795 2489 936 darvon geredt habe.
1696 906 2943 1124 h. Marsusannt sind eind abgad wegen dem
1825 1052 2857 1224 Gelffebriereren genommen haben.
1664 1164 2918 1356 z getristend den Hanssman so haber
1859 1303 2920 1464 derselbe ihme tag angebotten, dann er
1862 1397 2889 1560 die stampfel machen laßen, so wolle der
1823 1500 2869 1690 Raufmann ihnd Lehren Küntzen
1841 1614 2863 1802 sige aber nichts daran worden
1865 1722 2864 1914 machen by den kauff mann nichts
1853 1842 2862 2034 geschen arbeiten sund über diß sin
1853 1958 2868 2133 Bansch seines ersten examinio min
1848 2059 2850 2239 eines gebordenn, so waß er seg¬
1842 2181 2871 2373 den kauß man sitthal mitt mehr
1830 2298 2837 2477 gesächen habe der Radlerbieth
1854 2401 2843 2580 aber habe ihme Lugi verfprochen
1844 2513 2783 2700 daß derselben ten über bringung
1846 2601 2834 2777 des anderen stampflen ihme zugi
1838 2735 2787 2923 die besteren zuo ruck geben, und
1827 2818 2872 3032 Schurergleich das meist staden lehrenn
1849 2931 2858 3106 vollen mit dem Rist Clard aber
1846 3027 2840 3202 habe er keine sonder dahre abe
1859 3129 2356 3305 eid gehabt.
1848 3222 2859 3396 Ob er Jug Sahrand seinem ankente
1830 3324 2842 3519 halt bey dem Gitt silb ard dem selben
1844 3428 2853 3621 nicht gprossennt habe, das der lie
