3024 4032
59 175 207 274 156
272 189 1307 365 Christen Sufman
95 300 224 465 3.
326 301 1392 510 kils nach diesen der Grafsli ihme
330 412 1387 566 die sampfel so er anderst stethan Ja dan
328 500 1391 656 vieder zuogebracht, und sun iel ihmmen
316 582 1358 735 die behallendt für seine deßhetingen,
259 664 1375 824 Bauff ind kösten geforderet, ob er
320 767 1293 922 des ehegen nichst mit dem stattschi
315 849 1057 992 in strütts gebachsen.
88 935 1328 1129 Z Blein der Grats halb kein geben
297 1057 1337 1215 iuhabt, und habe ihme Stag etwas
271 1154 1330 1316 geforderet, er habe aber selbigen a
292 1230 1300 1396 den anderbüthen gelürst, deß leye
277 1325 1334 1468 seye der bratshounbillig worden allen
284 1406 1261 1575 fohng habe dem Bratsche richts huo
287 1497 1350 1669 hassen gehalt, sonsten derselben ihnne
260 1598 1257 1749 Wormalle nicht wurde den dahin
284 1676 1286 1831 gegeben haben übrigenn habe es
281 1778 1377 1947 fith demme beid Vempsel, dem Satsching
280 1875 1370 2033 übergeben, so sche nit mehr in sime händen
265 1965 1373 2146 bchommen, und das seye alles und erkhieren
250 2106 697 2223 von weisen
164 2199 1369 2400 Gad genach sonder an sinert
249 2330 1363 2496 gefürset und khingenen heruor gebrochen
246 2439 1279 2634 Holanes Raffenacht
556 2538 1316 2704 Der aller stieth Von Bel
63 2713 1286 2892 ge der land man habe bekannt
258 2830 1334 3002 jnngehtey stempfel, so er dem schiden
192 2911 1325 3135 ossen zuo Biel bezan Krüntz geber acht, seinen
194 3029 1340 3232 Inne seli gehallt zu halben ob das basen
219 3149 1079 3317 und vord geselbige gehabten.
7 3277 172 3371 e
206 3267 1331 3445 Jo sy sin vahr, er juli habe sölcher löd sin
211 3378 1347 3540 in ersten examiner gestraf von einem
195 3462 1333 3644 hott schined bekommen, und als der kuchen
147 3574 1325 3736 n manken ihme gesthan, habe er ihme
196 3643 1286 3834 selbige abgeforderet, mit versprichen
2745 265 2851 368 1
1770 237 2680 427 Sohanes Grustina l
1813 371 2826 538 daß so er sie nicht wieder zue band
1798 452 2837 608 sellen huthenn hat hin gantthall
1783 547 2839 654 darher bezalten wolle, und luft
1810 617 2801 776 das habe er solche dem lutzelan
1807 716 2839 851 vterabfolgen werden, der sie darnach
1804 789 2551 949 dem Beatschen gebracht.
1547 873 2797 1060 0 ber bachdem haber darauf de
1796 980 2850 1152 Satsli gesagte samptel zuo Hilterbung
1804 1080 2837 1217 mit dem melen er batzen früg steren
1798 1174 2834 1297 laßen und darnach vieder auf iell
1689 1251 2843 1408 unnd schwar nich ein tag sins zum adler gebracht
1782 1343 2836 1494 by tag und der Beatzen auch morn¬
1801 1428 2817 1587 derst dieche sampfel probiertt, ob da
1755 1495 1794 1557 4.
1760 1519 2839 1678 massen der landtman mit auch daru
1787 1627 2198 1798 bey arbehandt
1824 1706 2838 1876 ia Kreglich seye aber kauhemannen
1518 1679 1802 1855 richts
1812 1800 2834 1944 auch hat bey gebesen bekeisen
1748 1881 2710 2055 wessen, dass er damachtes dem
1744 1980 2809 2168 Graths der bezallung für diese keine
1766 2090 2833 2278 uffel gefragt, so ihnne geantwurtel
1763 2174 2840 2371 gsess gewohl lass sin nichter kutz sigen
1788 2328 2788 2511 obnitt noch anders verschnen mit
1526 2337 1638 2510 f
1782 2450 2803 2620 diesen sichen ningegangen als sie der
1751 2540 2791 2696 Manns der Mand mannckt stalt schand sy sich
1570 2702 1705 2802 ge
1800 2638 2797 2850 vein sonste diennens er betring, der
1790 2767 2803 2952 auff senn gebunden, der laudemann sy
1770 2886 2800 3063 de lytzige Vrsach, daß die anderen dar¬
2333 3045 2393 3109 2
1754 2981 2339 3138 zu verhatet wordenn
1759 3155 2804 3304 Dach diesein breden auch darvor¬
1756 3245 2788 3423 behenden Daniel Gratschi und Christen
1761 3401 2087 3524 warsman.
1418 3449 1738 3643 stian Buchsten
1775 3465 2703 3654 Als der Gruch den zu Wieb beynn
1770 3574 2766 3746 Grutz Tschen die sperg empfel, so be
2453 3677 2616 3837 ynn
