3024 4032
48 199 148 288 g.
389 232 1272 390 Brinina Brocedier
624 372 888 517 Wngan
423 448 674 624 Gsselb
800 459 1183 634 Zweygart
566 573 1099 722 aus dem Kranchthal
621 669 951 827 Sosia
314 793 1381 945 schreiben von Benlohs land vogt auf
597 889 901 1031 Thorberg.
323 1043 700 1203 hochgeachte
715 1193 1337 1347 gnädige Herren
310 1391 1426 1540 Als diesen blachmidtag umb 4 ihren allhier
329 1484 1415 1637 im Borss Kränchthal mich befande lodre mir
335 1573 1419 1702 angezeigt worden, dass sich ein Rengebohrnes
326 1647 1442 1788 Wdnes Kindinemas geloussen Ruckhers Peter¬
318 1733 1425 1876 Maurhofers Hanss gefunden loorauf mich
334 1822 1424 1967 Also bald derthin begäben und das kind sond
337 1919 1411 2041 seiner bliber in der stuten angetroffen,
331 1998 1428 2139 auch gesehen, daß das kindloht auß getragen
341 2073 1417 2222 gelonsen, benebens von seiner miner sehr
342 2171 1417 2317 übel mißhandlet worden, in denne als nit eir
321 2270 1387 2401 gantz brann undenterschossnes dlüt an
324 2334 1408 2488 seinem leib gehabt, sondren ein loch ob dem
327 2425 1405 2592 winten ang und die käbelschnür völlig
331 2521 1426 2676 abgerissen, so daß alle merckmahl eines
327 2612 1410 2772 gevalthutigen todes verhanden, worüber
312 2702 1443 2867 Ich dieses mensch Elsbels Zweygarl Niclaus
320 2805 1416 2955 Blorggarts eines grichtsassen tochter von
306 2895 1416 3032 hier befragt, obind lonnes dieses kind zur
317 2964 1425 3143 valt gebohren welches mir dan vardontet,
308 3047 1417 3223 es seye etwan gegen t Ahren von Burgdorff
324 3136 1394 3305 ab dem märit, alller es etliche hr. T. dchleinli
309 3241 1417 3412 verkauff, kommen, und habe nit leisters alsin
323 3318 1410 3478 dieses Hans gehen konnen, so seren hus die
305 3413 1411 3553 kindslehe vor dem Hanss überfallen, und
303 3505 1429 3663 das kind auch ein bloch gefallen, dahar komme
1269 3613 1367 3716 2
2738 265 2818 350 gd.
1764 339 2808 519 es, daß es also übel auscheche habe vein hand
1771 439 2810 620 enselbiges geleget; Nach dieser Bußaug sich
1768 513 2842 695 obgedencken Kueter Moschosters Watt, so mintzig
1772 609 2819 771 damahls bey Hanss loure quadlionieret, welche
1774 708 2838 847 mir dann angezeiget, die habe diese Elsbeltz Zumgarte
1777 770 2851 925 gegen  Ahren von der Burgdorf straß gegen
1767 835 2776 995 ihr Hanss zu kommen gesehen, welches sich dan
1788 921 2855 1084 auch darvor niedergesecht und gar geklagt, ein
1774 1002 2853 1171 Heinthin ihme seerloche mit ditt sin sölle ihnne
1787 1068 2836 1214 doch etwas im Wirtshanss holen, bonouw sie die
1777 1170 2864 1291 manehoßterin laahr genommen, daß es etwas anders
1787 1244 2837 1371 sern müße, und habe sie gedunckt, sie horn ein
1775 1317 2843 1461 kind beinen, dahero sie alsbaldins wirtshauss,
1781 1393 2834 1540 so nach darbegist geloßen und solches der
1792 1472 2840 1625 Wirthin angezeigt mit gitt sie solle auch mit
1784 1575 2828 1701 ihräkommen und beschen las diss bare, die
1793 1661 2858 1802 Wirthin aber habe jr der Bloergart Glindtar
1792 1749 2845 1871 gerüffen, mid als sie zu ihra rommen so habind
1793 1817 2848 1973 sin das kindtodin einem sech angetroffen,
1792 1918 2861 2044 helites sin harvorgenommen ind also mißhand¬
1793 1991 2875 2129 ghat gesehen, leie die ehr halbe füber Gudt hieben
1801 2081 2862 2229 vor zubedanten; Abrigens hat dieses lensch
1805 2163 2867 2297 ohngeacht es im verdacht hare, schwanger zu
1806 2257 2878 2393 seyn, eine schlangerschafft niemahls ange¬
1803 2335 2846 2477 zeigt, sonderen selbige immer abgelaugnet
1794 2418 2847 2548 gibt dermahlen als vatter deß kindts deß
1800 2503 2880 2631 Silandibauren knechten einer an: sie blüten
1797 2591 2883 2722 habe ich in gefencklichen hass sehen das kind¬
1798 2668 2902 2805 aber in bedenteten meurfolders Hauss verbahren,
1806 2765 2907 2893 lassen dessen füler hochen hunden gehorsamster
1817 2843 2898 2970 massen berichten und von hoch Bemnnhalten,
1810 2916 2883 3059 erbarten sollen, bourch diese zweygerlin
1819 3001 2910 3150 nach Bern schicken sölle, da inzenschen füber
1810 3081 2898 3235 Guden Herißals ohn den befelchen einen kel
1810 3183 2911 3313 Wedienn und Steigenrgum berdan ergeben,
1824 3253 2896 3413 lassen, das todten Louperli dieses kindt, vor
1821 3361 2904 3502 dessen verdigung gelohnter hormnach Pierre
1809 3430 2920 3575 wan zuo lassen in erbartung dero hochen befelchen
2679 3537 2894 3661 die ehr
