3024 4032
130 3768 179 3843 1.
181 251 335 337 302.
520 244 1342 387 Christen nanstmann
540 371 649 433 2
175 390 1373 574 Satortatio ad Gerilatem ad
559 523 982 646 do mann zu
1409 493 1492 604 6
362 557 482 654 e
419 586 1371 779 Christen Gaufmann
201 648 343 862 sich
410 706 1440 927 datrind des rats Hern zuo Lungeli
436 846 1469 1001 mitt einander bekandtschafft gemacht und
376 944 1461 1128 demahlen grad anlaß gegäben, daß sine
393 1050 1446 1244 kalschen gelt machens halber siglich mit
389 1170 1439 1359 einander asenbartzig garndat ob nit
405 1285 1457 1454 schon vorther sie dess halber mit einan
414 1408 1063 1548 derten Chrrespondiert
186 1500 386 1595 Lanto
422 1495 1453 1658 und le habe vorherchen Grath geherdin
417 1588 1451 1759 Haßhen gebennet, noch mit ihme versten
411 1703 1452 1874 reuspondiert demisse überingens darüber
386 1828 1431 1974 dar nichts anders zuo Knden, als habe
389 1915 1201 2093 hin gesten examind gesagt.
73 2037 246 2212 N
366 2033 1419 2231 Oberdamahls dem Beatlli mitt mi
393 2162 1412 2333 lasstrickenlichen worten gesagt
380 2252 1406 2413 er könne Glschad gelt machen, auch sich
381 2358 1368 2533 angebolden ihne Beatschi sölches
351 2450 805 2582 Zuo Lehrnen 2
213 2500 282 2601 2
356 2561 1429 2733 er könne sich nitt heimeren, dass ze sölchen
94 2579 259 2684 d
345 2666 1387 2837 darndt und dann sye gethan, so habe
330 2768 1436 2953 lenbar sein bichten und gebüßen gnedet,
309 2879 1393 3065 habe einmahl sein lebtag niemand bein
302 2982 1375 3178 gäller falsches gelt geben, noch gemacht.
179 3082 296 3274 sc
321 3088 1383 3276 ob sy hierens des Beatschichlit von Giel
304 3227 1367 3385 sunn freüth bescheidenen Alldorten ales
278 3322 1412 3526 Gychwere mit selbigen haber dan zu kommen:
144 3458 1385 3661 Wlt sige base, daß sie da zu sommen gekommen, aber
302 3560 1360 3757 der Satsch habe ihnn dorthin besserden
283 3698 1403 3905 diss er und der Grats mit einander in den
1632 984 1702 1062 s
1643 1090 1827 1261 A
1679 1922 1826 2125 G.
1822 352 2640 525 Christen Kaufmann
2717 420 2850 494 168.
2605 485 2673 574 E
1856 462 2839 663 sigin Geits gebesin, ob er damahl
1869 594 2846 762 nicht zum Adler genenn Senpfel abzu
1877 682 2817 863 kohlen, welche us dem krätschen gebracht.
1872 774 2837 931 mit verdenten so er sägen übel gestochen,
1852 870 2769 1047 hen sölle sich ausschleichen unnd beser
1876 987 2407 1143 sachen lassen
1869 1092 2828 1266 Ward seye, daß er nun dickhuldigen
1870 1209 2850 1353 Hard von Bürütz hinverg zum adler gebenn
1869 1301 2816 1435 gen gesagte stempfel abzuo Hoffen, demnach
2805 1352 2859 1449 7
1869 1373 2810 1525 habe er sölches sin keinem abschen verricht
1876 1464 2804 1615 Wthalb um versprochenen lohn habe
1859 1558 2828 1740 buch jederheit sinen den stätschi erklächet,
1858 1658 2834 1823 daß er mit damit zu Thun haben wolle
1868 1763 2805 1931 unnd habe ouch darmit heiters nitt hut hun
1878 1896 2083 2025 gehabt.
1879 1944 2772 2117 er eineße allso bekantlich sin obig er
1875 2032 2813 2185 sempfel beyn adler abgefahlt, und von
1887 2140 2806 2295 var zum Kruntz dem Beatschli zuge¬
1843 2232 2812 2390 bracht zuo haben sun dollen by noch mit
1866 2329 2798 2498 Bebanen dem Sratschei Broluiet zu
1847 2445 2821 2615 haben diest sampfel beser Sathan
1861 2529 2836 2711 zu Losein sie es gan kommen lassen nechen
1867 2614 2813 2780 deme der brattschin solches im weck ge¬
1859 2704 2773 2885 stellet, Er solche sunst also bald ihme
1858 2798 2802 2999 auft loube in seyen Hanß gebracht.
1873 2880 2818 3046 darauf dan er dem Bealtschi ver¬
1834 2983 2774 3174 wütet, bevolle schind zum adler
1872 3099 2825 3271 wirth nach biel zusenn welcher alle
1917 3221 1983 3276 N
1861 3192 2813 3368 kömmlich kentz habe, diesen solchen abzuo
1843 3321 2127 3475 Marchen.
1783 3447 2770 3612 Tunst er habe dem Braths des halber
1869 3527 2793 3679 mists vorgeschrieben, und in anghan, deß
1876 3613 2794 3763 Adler wirthen habe er auch mit mehrers
2415 3700 2505 3756 nber
1882 3714 2802 3887 gesagt, als desto konne gilberen, oder
