3024 4032
85 302 193 397 119.
565 265 992 415 Hans Thuri
416 389 1422 563 Nün begehen sine hoche Obrigkeit
399 500 1422 652 von ihme zu vernemmen, das ihne
400 603 1470 765 hierzuo veranlasset habe zwolegen
405 679 1431 889 sölle er in aller anfrichtigkeit eine
400 811 1392 1001 bahre erschlung von der ganzen
408 924 1402 1101 hergangenheit, dieser tröüwigen
411 1049 1423 1229 geschicht, von sich gebenn, und ansagen
399 1162 1431 1347 das ihme diesorths in bissen seye
242 1348 363 1513 a
401 1374 1437 1564 darer, habe mit grosser zetrübmiß
403 1505 1423 1657 vernommen, daß der Bendicht zucher
402 1617 1416 1801 an seinen sunden gestorben säyen
402 1728 1453 1913 er seye auch bereit in aller auchrichtign
394 1865 1454 2046 keit, von Gott und einer gnädigen
392 1974 1493 2182 übrigkeit, sein harz ouch schandten, in
409 2131 1482 2304 mit aller wahrheit, die hergangen,
385 2264 1503 2443 rheit, dieser wanrigen geschicht ang¬
369 2391 1442 2572 anzuosagen: er seye verlichenen sommer
406 2506 1512 2690 an sinem vontag abendt gegen tilthenn
28 2610 1491 2801 inn das wirthin finzigund allein, auch dichtsament gegenn
64 2745 231 2858 haus
400 2733 1529 2930 sigen, bißend, daß man sich darvon lustig
395 2825 1505 3067 machen werden alldorten habe er viel¬
389 2963 1494 3169 junges volk, Mart schuni und houwen
403 3103 1479 3285 Kaels von denen nechs müligen
392 3216 1502 3438 dden orthen angetraden, so getruben
394 3344 1513 3579 unnd getanget haben, sy habe auch eines
378 3502 1463 3722 zu trinken geforiert, und mit dem
2825 196 2935 305 177
1809 169 2483 371 gebli Hanns Süni
1802 299 2900 466 Ueli Spring, dess Schmind tochter zuo
1794 404 2885 597 schüpffen gutanzit nachbarts selbiges
1794 513 2951 732 zuo seinem tisch gefächet, und mit selbigenn
1809 632 2890 821 emfrieden gebsen in getrunkenn
1814 728 2910 936 nach etlers zeits, söne, unnder der fürschi
1796 865 2868 1036 insonderheit aber zlischan Hans heinen
1802 984 2862 1163 von Khömgarten im dem furleiben
1793 1115 2937 1313 Bendicht zunhar, bägen denen martschennen
1814 1235 2950 1417 Mürist entstanden so daß selbige einanderen
1820 1352 2914 1538 schon zu sto den angefangen; er aber, habe
1838 1469 2904 1636 mit niemand keine Anfinigkeit noch
1817 1588 2948 1760 streit gehabt um allher nach Nider¬
2697 1676 2831 1774 kleidi
1848 1706 2813 1888 nacht, seye erdnquiert, das zerbek
1827 1790 2939 2035 Shringen dassen lasen, der Niclaus Schenn
1847 1942 2943 2138 vier Hans Zuri unnd Hans Jeni mit
1853 2066 2901 2268 einanderen auß dem Mirths Hauss
1869 2204 2918 2412 auf schurffen zuogegangenn, alß die
1863 2327 2944 2514 oben zum torff schüpffen gekommen
2144 2440 2314 2559 Pelys
1869 2453 2943 2647 seye deß bottelis lassen der Niclaus
1868 2538 2985 2779 Schanner, Hans Jurs und Hans Jani
1890 2689 2947 2866 von ihnen nach hanss gegangen, all
2741 2763 2859 2863 lesent
1881 2805 2901 2995 er ingen nun mit dem gokett
1887 2882 2973 3132 Spring, das hoch hinab nacher Housen
1895 3027 2922 3233 und bey dem wirtshauss verbeig
1907 3143 2939 3371 gehen wöllen, habe er sory gsellen
1906 3248 3006 3482 selche naden dem wirthshause gestann
2685 3364 2831 3462 heb
1922 3415 2923 3629 ddem auf ihr und was abli inen
