3024 4032
123 235 226 315 11.
95 500 307 623 Antwort
98 714 245 831 221.]
40 1020 284 1136 Antwor
123 2239 238 2325 13.
11 2877 260 2995 antwo
497 170 1088 300 Babriel Benner
310 293 1414 472 Bronastens in dem abschen daron
290 392 1412 519 zuo arbeiten und darfür anzuhalten
369 485 1381 627 Jo. dise trag bezahn er gezeüg
309 576 1153 745 urchand von wort zu wort
310 662 1412 820 das der Verstorbenn etwan fürnemmen
301 797 1381 912 zur entladins dess einers möchte
507 875 608 955 hen
294 884 1406 1051 gesagt oders ihme gezung beloußt seye.
322 1012 1279 1122 als der hiechen droben in
291 1103 1419 1243 bithal kranck gelegen, habe selbiger
294 1185 1303 1341 allezeit nus gelomnschet dorten
297 1296 1351 1428 long gehen zuo können im sich mit
302 1389 1360 1519 orm Hennes zuo versohnnd und¬
286 1483 1389 1645 sinn hohr obrigkeit zuo belahend, dass
286 1581 1359 1725 sie ihme grunnd gnad lönder
265 1679 1411 1811 fahrenn lassen wölle, anbey habe, des
382 1762 518 1845 Gicton
297 1765 1414 1929 zischen offtmalen lander holend gesagt
285 1885 1254 2026 dar Gumer seye nicht einzig
304 1965 1292 2099 und allem an diesen nüglück
280 2063 649 2198 die schulde.
315 2223 1336 2403 obseines lässens, der Henner
291 2328 1288 2461 und Giclon Worhes in anher
286 2418 1329 2557 kind seligkeit gestanden, oder etwas
250 2516 1300 2656 streits gehemahls mit einender
260 2608 1387 2767 gehabt, so zuo Binsum nüglük anlas
865 2720 965 2852 2
240 2727 867 2885 hotte geben können
273 2869 1335 3028 Mum hr Brunns und sition
251 2963 1371 3116 heynnd seines lestens alle zich mit
252 3065 1400 3211 einander herund mid bekant geben.
235 3185 1413 3411 anbey hügte der deponent anoch bege
261 3352 1394 3517 daß mann er Grunns nicht entflohn
243 3438 1408 3599 wärn, sin die keßlern nis gesant
237 3545 1294 3717 bey einne hohnn obrigkeit im
249 3647 1435 3825 deßen begnadigung sich hallen bedeckte
658 3751 1390 3903 act d. 6. Aug. 1142.
239 3783 486 3874 vollen.
2724 276 2827 374 85.
1780 265 2826 447 Cirsan Sebandstehende Kabniel Gruman
1790 381 2859 558 ist hab er. Augrier von Magli Kundtzu
1786 470 2789 618 absoleret, und in hatter zum geben St
1791 548 2825 736 zum tod aber nur 4. stummen, nach
1794 650 2774 804 diesem ist er noch für 3 jahr auß
2781 731 2818 774 n
1780 742 2794 891 ihr geden statt unnd landen Bammiet
2783 828 2831 897 2
1792 840 2786 1004 worden mitt zusfruch der costen
2061 1005 2423 1167 kantnuss
1819 1135 2804 1306 Wie der landtag wider den Gabninle
1873 1269 2675 1423 runen soll verführt werden
1804 1443 2810 1630 aln disem landtag sollin meghe
1813 1582 2768 1731 und oberen neblicher massen bey
1806 1684 2875 1836 eyden versamlet werden und in schwartzer
1783 1796 2794 1934 kleidung erkheinen, zum zeichen auch
1797 1909 2830 2048 dässen über einen ttodtschlager gebrtheilet
1811 2002 2852 2175 der richterstähl an der Crentzgassen ge¬
1784 2094 2831 2256 Gössnet, daselbsten aber kein schranken
1813 2214 2878 2358 beygesetzet werden und weilen bey ossener
1812 2335 2880 2472 Tthur in der grossen stuben auf dem recht¬
1783 2444 2877 2586 hauss das blutgricht versamlet verden
1816 2553 2852 2680 soll, vernüchtlich, daren ein zimliche zahl
1813 2644 2821 2783 von allerhand persohnen entreffen und
1805 2761 2889 2919 bey dem Rochthaußi so soll die erforderliche
1802 2894 2849 3015 anzahl mannschafft aus allhiesiger stalb
1795 2963 2901 3107 acht beorderetnwerden, beydes gute ordnung
1810 3086 2897 3215 ob, und auf dem rahthaus zuhallen, und
1805 3204 2909 3345 ouch zubesogen, daß der Balingnen zuuer
1792 3311 2847 3464 sich nicht antlüsteren können, doch bleibel
1813 3429 2903 3571 deß grüners wib und kinden erlaubt
1815 3534 2889 3677 auf der stigen des rahthauss mughe and
