3024 4032
79 261 213 353 136.
333 468 402 567 1
559 265 1175 402 Elsbelli vermull.
404 451 1379 609 Es habe in so beit nicht gelougnet.
421 562 1459 716 man habe inns auch niematentigen
409 641 1403 769 vich darüber befragt, sondern nur
403 727 1381 866 gesagt die lauthu sagend es seye.
407 813 1429 968 Schlanger, horauf es geantwortet:
404 905 1414 1049 die söllend doch der zeit erbarten.
419 1007 1396 1156 des habe im übrigen keinen nuf¬
411 1103 864 1244 enthalt gelousst.
350 1282 1417 1468 Herrn Wie gemeldet, ds seye schon zuvor
420 1421 1416 1563 3. machten Schlanges gelesen habe.
416 1508 1429 1640 also alles bissen und anzeigen söllen.
342 1735 1344 1884 Ails seye ihme ehemalen mitt also
406 1815 1392 1972 gelesen, und habe es nicht geloufft,
410 1951 649 2043 so anß.
332 2063 1414 2237 Hrn was es in dem Suldenbach in der¬
406 2189 1389 2334 beiten für mittel gebraucht habe.
346 2410 1386 2559 si von dem Hosts Joserth im Gässli von
401 2496 1429 2659 dem Boller bar der welschen kirchen
380 2599 1423 2752 von dem in Cappelid, war und von
396 2708 1401 2855 damn Richer von Thorberg, belchen
399 2802 1408 2971 es allwegen des waßer getragen,
304 2976 1457 3166 h. Waßenbegen es seinen veiter Benthen
399 3076 1411 3237 ouch ihr abforderen, sein weßer
378 3191 994 3342 nitt gäben sollen.
312 3320 1263 3526 Millier habends nicht gefordert.
1215 3590 1408 3748 so de
1889 279 2480 428 Elssbeltz Wermull
2736 333 2862 438 157
1690 441 2855 607 h. Obas in der recht, da es das kind bekenn
1778 544 2785 720 zummen nicht zuvor kindsloche gehabten.
1720 715 2855 887 Z. ein es seye nur geüchleche gelesen.
1708 900 2871 1049 hrn Weßenborgen es das kind nach der Bemissli
1803 995 2855 1152 nicht in die stuben getragen sondern
1783 1088 2125 1237 verborgen.
1733 1279 2845 1427 Nils habe keinen henn gehabt, das kind¬
1781 1368 2402 1536 habe sich nicht gerüchet.
1727 1605 2849 1764 K. Ob es nicht ouch das hochen Origkeitliche
1791 1727 2883 1866 Mandal gehört verlesen, da danenchbelche
2677 1804 2879 1900 verlangnen,
1798 1829 2872 1977 ihre schlangerschafft verschleigen, heim
1807 1913 2880 2051 lich Riederkommen mid rachberts vor¬
1813 2002 2868 2140 gebend das kind seye tod auch die bhalt
1816 2108 2770 2245 gekommen ihr artheil gemacht ist¬
1722 2298 2899 2441 n. wohl es husse solches vohl, es habe aber
1810 2401 2386 2547 keinen sinn gehabt.
1749 2597 2911 2752 Hindt es das kind nicht verborgen minschas
1812 2702 2906 2852 zu vergraben, damit alles heimlich kleibe¬
1757 2879 2703 3043 K. Reint es habe an nichts gesennet.
1755 3053 2929 3219 o Obes nicht beprefoe die rätelschnus abge¬
1820 3147 2689 3293 hanen, damit das kind sterbe¬
1762 3320 2090 3435 K Rein
2580 3473 2952 3640 ?. Wasen
