3024 4032
91 248 236 336 119.
447 254 1368 461 Jehanns Rülschald
513 429 1445 653 Weiler die bekannt sy sich begen¬
353 493 1419 688 Haltschmüntzens angename probier
348 619 1419 806 Gtigkeitt schillig gemacht, und aber
303 728 1425 918 Aaran gelegen, daß die völlige bahr
384 835 1427 1024 hitt im Stag kommen, damit daß die
382 941 1407 1134 llebeber und die rechtlassen die sorts
380 1044 1399 1215 eedtickt und zu gebuhrender Gechs
286 1153 958 1325 gezogen barden.
307 1263 1373 1419 s werde er hiemit lynstlich er
367 1357 1418 1533 wohar ders ihme darvon in büssen
380 1446 1402 1618 librinn und das herr selbsten darzu
384 1553 1377 1731 pnhabint Thund zu bekennen
388 1660 1372 1818 und so zuo reden dass er allenfallen
403 1762 1405 1937 darzu schafen und confrontiert
377 1859 878 2021 batten worffe
128 1922 348 2133 fing
392 1959 1363 2142 sölle also vergehlen und reden Bas
390 2056 1339 2235 anlasanenen, das er sich zu dem
359 2166 1369 2358 Bratsli der gselschaftet, böse ouch
377 2276 1432 2446 was er gältschan gelt machens halbed gesen
366 2376 1414 2560 than und selbsten verenstet oder ge¬
260 2495 925 2643 zeholffen machens
144 2582 1418 2766 ai paendtigen Galts Raht ein kerst habe
370 2699 1442 2881 Eheide daniel Statthi bekhen ds huß zigen
340 2796 1431 2970 macht, der zuo Anfarsilinorihar massen
344 2899 1426 3080 zu ihmein sim virthshauss gekommen,
369 3000 1437 3166 gaben aber damahlen dess gelt mechenn
366 3078 1448 3264 kalber noch niel so mithinaner geredt
273 3199 1398 3379 Gbas heit darnach aber seye der
378 3321 1404 3468 Beatschi bieder zu ihme gekommen,
380 3391 1435 3584 e habe ihme gefragt, ob er mich den
384 3502 1430 3663 tinserschmid Müller im Hobanlege
370 3598 1438 3745 kenne, er bratsischi habe vermission
387 3682 1438 3859 vonn Adlerrenth zuo Biel aus hern
2602 398 2775 538 2.
1713 339 2568 542 Te Hanns Richard
1826 484 2833 674 beysich anhalter Stampfel ein täg
1809 575 2841 757 fur Walliglatten Stachen zu lösen
1827 702 2816 879 auff belche gedachter ab leckhieth schon
1812 785 2815 971 mit Eldaß er zuo Lernomen probicke
1791 893 2780 1048 selbige aber nit zu Stand bringen
1827 1006 2811 1153 kömmen, er buße, daß dieser Buchen
1780 1108 2815 1256 senschmied solches verruss er können,
1816 1198 2806 1371 habe auch dess gegenspon asshers mit
1802 1303 2804 1456 selbigenn getes, unnd ihme dess begenn
1815 1398 2818 1565 zu Vreinberg ankaucht, der zwar aber solches
1826 1491 2830 1668 Abeseils versprochen und zechinen alls be¬
1831 1606 2768 1782 berkselliget, darauf der Gratzili
1821 1718 2731 1864 ihne enquell ersucht, daß doch er
1830 1802 2814 1945 dem ouch sanschmeed darsur anhalten
1839 1907 2812 2052 machten, hoffenda ze burde es ihnen
1820 2008 2793 2177 shonder zu gefallen thun,  wrüberhin
1828 2087 2788 2278 er Jugi geantbortet, bekenne
1839 2221 2808 2382 den Guchsenschmind vohl er ler¬
1816 2313 2771 2475 de auch die klächsten tag zuo
1817 2424 2774 2611 ine kommend in gebehr abe
1834 2516 2794 2706 hohtem da können er Gratschi nach¬
1831 2619 2767 2805 mahls mit ihme betzen und so be
1820 2745 2800 2942 sich wann noch ferners lonigers, solches
1818 2861 2756 3029 zu Thun, so baller by ihme dann auch
1829 2962 2734 3132 varfür anhalten belches er
1836 3065 2671 3216 auch leyder mit folgenden
1837 3161 2833 3334 vorten gethandt namli er habe
1826 3252 2843 3439 dem büchsen schmid gesagt, da derselben
1842 3368 2788 3534 er dem Bratschi nit machen söllen
1769 3444 2870 3631 bauff dieses strag lachen kommen, so sollen
1823 3548 2827 3733 by solches nur machen, darann danne
1841 3643 2857 3809 we duch senschmied er liederet, er söllte
