<?xml version="1.0" encoding="UTF-8" standalone="yes"?>
<PcGts xmlns="http://schema.primaresearch.org/PAGE/gts/pagecontent/2013-07-15" xmlns:xsi="http://www.w3.org/2001/XMLSchema-instance" xsi:schemaLocation="http://schema.primaresearch.org/PAGE/gts/pagecontent/2013-07-15 http://schema.primaresearch.org/PAGE/gts/pagecontent/2013-07-15/pagecontent.xsd">
    <Metadata>
        <Creator>prov=University of Rostock/Institute of Mathematics/CITlab|PLANET AI GmbH/Gundram Leifert/gundram.leifert@planet-ai.de:name=Turmbücher 1(htr_id=38546)::::v=2.6.7
prov=University of Rostock/Institute of Mathematics/CITlab|PLANET AI GmbH/Tobias Gruening/tobias.gruening@planet-ai.de:name=de.uros.citlab.module.baseline2polygon.B2PSeamMultiOriented:v=2.6.7
prov=University of Rostock/Institute of Mathematics/CITlab|PLANET AI GmbH/Gundram Leifert/gundram.leifert@planet-ai.de:name=German_Kurrent_XVI-XVIII_M1(htr_id=19584)::::v=2.6.7
prov=University of Rostock/Institute of Mathematics/CITlab|PLANET AI GmbH/Tobias Gruening/tobias.gruening@planet-ai.de:name=de.uros.citlab.module.baseline2polygon.B2PSeamMultiOriented:v=2.6.7
prov=University of Rostock/Institute of Mathematics/CITlab|PLANET AI GmbH/Tobias Gruening/tobias.gruening@planet-ai.de:name=/net_tf/LA73_249_0mod360.pb:de.uros.citlab.segmentation.CITlab_LA_ML:v=2.6.6
prov=University of Rostock/Institute of Mathematics/CITlab|PLANET AI GmbH/Tobias Gruening/tobias.gruening@planet-ai.de:name=/net_tf/LA73_249_0mod360.pb:de.uros.citlab.segmentation.CITlab_LA_ML:v=2.6.6
Transkribus</Creator>
        <Created>2020-11-29T17:15:35.477+01:00</Created>
        <LastChange>2022-09-09T14:44:10.632+02:00</LastChange>
        <TranskribusMetadata docId="1334848" pageId="52362946" pageNr="94" tsid="114644837" status="IN_PROGRESS" userId="9570" imgUrl="https://files.transkribus.eu/Get?id=FHCMQSCMHCMHKQVUXHZLBMPR&amp;fileType=view" xmlUrl="https://files.transkribus.eu/Get?id=UGGLBBAERDIXZDPHGTOVTIEF" imageId="17819509"/>
    </Metadata>
    <Page imageFilename="IMG_4646.jpg" imageWidth="3024" imageHeight="4032">
        <ReadingOrder>
            <OrderedGroup id="ro_1687513644282" caption="Regions reading order">
                <RegionRefIndexed index="0" regionRef="r1"/>
                <RegionRefIndexed index="1" regionRef="r2"/>
                <RegionRefIndexed index="2" regionRef="r3"/>
                <RegionRefIndexed index="3" regionRef="r4"/>
                <RegionRefIndexed index="4" regionRef="r5"/>
            </OrderedGroup>
        </ReadingOrder>
        <TextRegion orientation="0.0" id="r1" custom="readingOrder {index:0;}">
            <Coords points="47,197 47,379 203,379 203,197"/>
            <TextLine id="r1l1" custom="readingOrder {index:0;}">
                <Coords points="41,340 51,340 62,328 76,335 110,322 129,332 147,314 163,323 180,305 209,293 200,238 181,241 165,258 150,252 134,256 115,246 82,280 63,272 43,297 34,299"/>
                <Baseline points="47,329 73,313 99,305 125,302 151,300 177,299 203,297"/>
                <TextEquiv>
                    <Unicode>119.</Unicode>
                </TextEquiv>
            </TextLine>
            <TextEquiv>
                <Unicode>119.</Unicode>
            </TextEquiv>
        </TextRegion>
        <TextRegion orientation="0.0" id="r2" custom="readingOrder {index:1;}">
            <Coords points="252,329 252,482 354,482 354,329"/>
            <TextLine id="r2l1" custom="readingOrder {index:0;}">
                <Coords points="246,450 275,440 297,442 308,435 327,445 334,441 362,447 360,323 345,320 321,337 310,332 303,339 265,321 261,325 244,321"/>
                <Baseline points="252,432 277,431 303,432 328,432 354,429"/>
                <TextEquiv>
                    <Unicode>1. </Unicode>
                </TextEquiv>
            </TextLine>
            <TextEquiv>
                <Unicode>1. </Unicode>
            </TextEquiv>
        </TextRegion>
        <TextRegion orientation="0.0" id="r3" custom="readingOrder {index:2;}">
            <Coords points="395,264 395,3609 1517,3609 1517,264"/>
            <TextLine id="r3l1" custom="readingOrder {index:0;} person {offset:0; length:11;}">
                <Coords points="612,363 643,382 701,342 827,328 882,379 954,341 1074,407 1147,398 1151,310 1054,297 968,226 872,273 833,259 792,274 714,213 616,273"/>
                <Baseline points="620,320 646,321 672,322 698,323 724,324 750,325 776,326 802,327 828,329 854,329 881,330 907,331 933,332 959,334 985,335 1011,336 1037,338 1063,339 1089,341 1115,343 1142,345"/>
                <TextEquiv>
                    <Unicode>Hans Thüren</Unicode>
                </TextEquiv>
            </TextLine>
            <TextLine id="r3l2" custom="readingOrder {index:1;} person {offset:26; length:7;}">
                <Coords points="429,446 875,457 996,533 1081,479 1343,495 1392,545 1491,505 1494,459 1401,408 1283,403 1232,443 1014,369 847,396 745,350 671,385 434,370"/>
                <Baseline points="437,438 489,438 541,440 594,441 646,443 698,446 751,447 803,450 855,452 908,456 960,459 1012,463 1065,466 1117,470 1169,475 1222,479 1274,484 1326,488 1379,494 1431,499 1484,504"/>
                <TextEquiv>
                    <Unicode>daß der verbundt gelesenn Rudolli</Unicode>
                </TextEquiv>
            </TextLine>
            <TextLine id="r3l3" custom="readingOrder {index:2;} person {offset:31; length:8; continued:true;}">
                <Coords points="401,584 493,597 549,552 650,597 730,552 1008,606 1180,581 1277,623 1491,621 1496,544 1422,520 1371,551 1251,491 1177,518 1108,487 994,535 944,477 852,465 753,517 663,456 589,506 492,443 411,446"/>
                <Baseline points="411,537 464,537 518,539 572,540 625,542 679,545 733,548 786,551 840,554 894,557 948,560 1001,564 1055,568 1109,573 1162,578 1216,582 1270,587 1323,592 1377,598 1431,604 1485,609"/>
                <TextEquiv>
                    <Unicode>zücher beharret, der entlaebte Bendicht</Unicode>
                </TextEquiv>
            </TextLine>
            <TextLine id="r3l4" custom="readingOrder {index:3;} person {offset:0; length:6; continued:true;} person {offset:25; length:12; continued:true;}">
                <Coords points="402,704 557,659 620,692 682,655 766,709 901,664 1124,687 1171,735 1262,694 1373,751 1451,744 1459,637 1237,593 1160,653 981,577 880,618 814,572 607,605 411,581"/>
                <Baseline points="414,644 465,644 517,645 568,647 620,648 672,650 723,651 775,654 826,656 878,659 930,662 981,666 1033,671 1084,675 1136,680 1188,684 1239,691 1291,698 1342,705 1394,712 1446,720"/>
                <TextEquiv>
                    <Unicode>zücher habe ihne und den Hans Schiff¬</Unicode>
                </TextEquiv>
            </TextLine>
            <TextLine id="r3l5" custom="readingOrder {index:4;} person {offset:0; length:4; continued:true;}">
                <Coords points="408,765 611,756 653,800 732,760 937,771 1172,801 1206,838 1408,817 1411,773 1316,726 1155,756 1028,693 933,750 810,688 751,724 698,687 604,732 553,702 412,711"/>
                <Baseline points="417,747 466,747 515,749 564,751 613,752 663,754 712,757 761,759 810,762 859,764 909,767 958,772 1007,774 1056,779 1105,783 1155,787 1204,792 1253,796 1302,802 1351,806 1401,812"/>
                <TextEquiv>
                    <Unicode>mman, als ira an dem beloussten</Unicode>
                </TextEquiv>
            </TextLine>
            <TextLine id="r3l6" custom="readingOrder {index:5;} place {offset:28; length:6;}">
                <Coords points="406,880 487,865 561,921 639,874 718,907 826,876 868,906 1000,892 1090,929 1256,904 1324,957 1473,945 1476,903 1366,832 1263,863 1167,803 1095,836 954,781 735,833 604,823 537,761 412,787"/>
                <Baseline points="414,857 466,857 519,858 571,858 624,860 677,862 729,864 782,866 835,870 887,872 940,876 993,879 1045,884 1098,888 1151,892 1203,898 1256,902 1309,907 1361,913 1414,918 1467,924"/>
                <TextEquiv>
                    <Unicode>Sontag nach middernacht von Schlan</Unicode>
                </TextEquiv>
            </TextLine>
            <TextLine id="r3l7" custom="readingOrder {index:6;}">
                <Coords points="406,986 692,1034 759,986 885,1051 955,1005 998,1046 1126,1006 1285,1021 1341,1067 1403,1031 1494,1052 1497,1007 1412,947 1289,967 1180,913 788,959 566,943 486,885 410,927"/>
                <Baseline points="414,968 467,969 521,969 575,971 628,973 682,975 736,978 789,980 843,983 897,987 951,991 1004,994 1058,999 1112,1004 1165,1007 1219,1013 1273,1017 1326,1022 1380,1026 1434,1031 1488,1037"/>
                <TextEquiv>
                    <Unicode>dan gegangen, angestittet die außern</Unicode>
                </TextEquiv>
            </TextLine>
            <TextLine id="r3l8" custom="readingOrder {index:7;}">
                <Coords points="398,1143 500,1091 548,1137 712,1099 771,1145 838,1099 1085,1168 1160,1116 1289,1121 1350,1175 1492,1191 1498,1087 1458,1102 1386,1037 1228,1073 1165,1022 1122,1057 999,1045 954,1004 880,1055 781,1022 660,1055 493,984 404,1026"/>
                <Baseline points="408,1077 462,1079 516,1082 570,1083 624,1086 678,1088 732,1089 786,1092 840,1094 894,1096 948,1099 1002,1102 1056,1105 1110,1108 1164,1110 1218,1114 1272,1119 1326,1123 1380,1127 1434,1131 1488,1137"/>
                <TextEquiv>
                    <Unicode>fürsche, welche die schüpfen Meitscheni</Unicode>
                </TextEquiv>
            </TextLine>
            <TextLine id="r3l9" custom="readingOrder {index:8;} person {offset:29; length:5;}">
                <Coords points="404,1261 528,1254 574,1212 630,1253 836,1207 895,1268 1058,1220 1410,1275 1412,1220 1316,1210 1254,1151 1196,1179 1133,1137 968,1162 801,1121 752,1157 624,1103 409,1156"/>
                <Baseline points="414,1200 463,1202 513,1202 562,1203 612,1203 661,1205 711,1206 760,1207 810,1208 859,1209 909,1212 958,1214 1008,1217 1057,1219 1107,1223 1156,1226 1206,1229 1255,1233 1305,1238 1354,1244 1404,1248"/>
                <TextEquiv>
                    <Unicode>geführt, sonderlich aber den zurri</Unicode>
                </TextEquiv>
            </TextLine>
            <TextLine id="r3l10" custom="readingOrder {index:9;}">
                <Coords points="393,1368 672,1332 753,1372 938,1345 992,1392 1106,1353 1254,1383 1300,1355 1396,1399 1430,1388 1434,1293 1346,1318 1234,1254 1169,1281 1093,1246 990,1283 946,1245 853,1299 773,1246 665,1284 610,1237 397,1264"/>
                <Baseline points="402,1323 453,1323 504,1322 555,1322 606,1322 657,1323 708,1323 760,1326 811,1328 862,1329 913,1331 964,1334 1015,1337 1066,1338 1118,1341 1169,1345 1220,1348 1271,1350 1322,1353 1373,1356 1425,1359"/>
                <TextEquiv>
                    <Unicode>silieder welchen der enstlribten, leid zuo¬</Unicode>
                </TextEquiv>
            </TextLine>
            <TextLine id="r3l11" custom="readingOrder {index:10;}">
                <Coords points="413,1453 477,1493 641,1452 804,1503 912,1465 1077,1526 1170,1480 1380,1518 1385,1398 1359,1391 1233,1453 1020,1437 891,1369 816,1412 769,1371 687,1363 610,1403 417,1370"/>
                <Baseline points="420,1442 467,1443 515,1445 563,1445 610,1446 658,1449 706,1450 753,1452 801,1454 849,1455 897,1458 944,1460 992,1463 1040,1464 1087,1467 1135,1470 1183,1473 1230,1475 1278,1477 1326,1481 1374,1482"/>
                <TextEquiv>
                    <Unicode>Deponent demselben angemerket,</Unicode>
                </TextEquiv>
            </TextLine>
            <TextLine id="r3l12" custom="readingOrder {index:11;} place {offset:25; length:7;}">
                <Coords points="420,1594 541,1619 625,1588 795,1663 923,1580 1009,1624 1089,1585 1213,1630 1312,1596 1469,1625 1501,1537 1425,1579 1309,1501 1108,1535 1007,1484 842,1540 757,1472 652,1539 602,1494 423,1534"/>
                <Baseline points="429,1562 482,1563 535,1565 588,1566 641,1568 694,1569 747,1571 800,1572 853,1574 906,1575 960,1578 1013,1580 1066,1583 1119,1586 1172,1587 1225,1591 1278,1593 1331,1597 1384,1601 1437,1603 1491,1608"/>
                <TextEquiv>
                    <Unicode>einichem hass gehabt zuo Rauffen, mit</Unicode>
                </TextEquiv>
            </TextLine>
            <TextLine id="r3l13" custom="readingOrder {index:12;}">
                <Coords points="408,1718 1221,1714 1294,1770 1492,1731 1401,1647 1251,1633 1202,1672 1147,1626 1104,1656 990,1635 927,1582 791,1668 706,1617 598,1651 481,1603 411,1648"/>
                <Baseline points="416,1683 469,1685 522,1686 576,1688 629,1689 683,1690 736,1692 790,1692 843,1695 897,1697 950,1698 1003,1700 1057,1702 1110,1704 1164,1707 1217,1709 1271,1712 1324,1715 1378,1718 1431,1720 1485,1724"/>
                <TextEquiv>
                    <Unicode>diecher Abren seyend sie alle drey biß</Unicode>
                </TextEquiv>
            </TextLine>
            <TextLine id="r3l14" custom="readingOrder {index:13;} place {offset:23; length:9;}">
                <Coords points="411,1840 573,1812 733,1828 780,1870 1055,1827 1160,1879 1342,1824 1343,1785 1263,1742 924,1762 865,1721 786,1742 746,1711 633,1747 560,1716 506,1766 464,1741 413,1769"/>
                <Baseline points="420,1802 465,1803 511,1805 557,1806 602,1808 648,1809 694,1811 739,1812 785,1813 831,1814 877,1815 922,1817 968,1818 1014,1818 1059,1820 1105,1821 1151,1823 1196,1824 1242,1825 1288,1827 1334,1829"/>
                <TextEquiv>
                    <Unicode>zu dem Wirthshauss zuo Schüpffen</Unicode>
                </TextEquiv>
            </TextLine>
            <TextLine id="r3l15" custom="readingOrder {index:14;}">
                <Coords points="412,1975 659,1925 1112,1936 1147,1969 1192,1943 1298,1989 1385,1941 1473,1950 1475,1875 1343,1915 1211,1857 1121,1890 974,1835 902,1885 816,1860 708,1908 527,1841 414,1894"/>
                <Baseline points="420,1919 472,1920 524,1920 576,1920 629,1922 681,1922 733,1923 786,1925 838,1925 890,1926 943,1928 995,1929 1047,1931 1099,1932 1152,1934 1204,1935 1256,1937 1309,1938 1361,1940 1413,1941 1466,1943"/>
                <TextEquiv>
                    <Unicode>gekommen, alllso sie den hurrn, mit</Unicode>
                </TextEquiv>
            </TextLine>
            <TextLine id="r3l16" custom="readingOrder {index:15;} person {offset:10; length:6;}">
                <Coords points="413,2054 519,2051 584,2102 645,2065 745,2110 811,2073 886,2112 952,2067 1010,2110 1053,2080 1143,2102 1205,2057 1262,2083 1419,2061 1420,1979 1377,1960 1291,2027 1183,1949 1019,2021 858,1936 785,1978 414,1974"/>
                <Baseline points="420,2036 469,2039 519,2040 568,2040 618,2042 668,2043 717,2043 767,2044 816,2045 866,2045 916,2045 965,2045 1015,2046 1064,2046 1114,2046 1164,2048 1213,2049 1263,2049 1312,2052 1362,2054 1412,2057"/>
                <TextEquiv>
                    <Unicode>dem Eseli Spring angetroffenn der</Unicode>
                </TextEquiv>
            </TextLine>
            <TextLine id="r3l17" custom="readingOrder {index:16;}">
                <Coords points="399,2202 605,2166 698,2213 770,2183 900,2213 978,2165 1096,2176 1169,2228 1242,2172 1344,2216 1444,2167 1444,2087 1253,2143 1112,2083 955,2101 900,2145 828,2087 656,2137 545,2077 400,2106"/>
                <Baseline points="407,2165 458,2163 510,2163 561,2163 613,2163 664,2162 716,2162 767,2162 819,2162 870,2162 922,2162 973,2162 1025,2162 1076,2163 1128,2164 1179,2165 1231,2166 1282,2169 1334,2171 1385,2174 1437,2177"/>
                <TextEquiv>
                    <Unicode>Schiffman habe sich darvon gemacht</Unicode>
                </TextEquiv>
            </TextLine>
            <TextLine id="r3l18" custom="readingOrder {index:17;}">
                <Coords points="413,2304 474,2290 552,2328 787,2287 931,2336 981,2305 1063,2333 1108,2289 1181,2314 1230,2291 1288,2337 1359,2316 1358,2215 1252,2175 1171,2230 1135,2198 1086,2229 1016,2195 858,2225 784,2192 718,2234 644,2192 412,2217"/>
                <Baseline points="420,2286 466,2286 513,2286 559,2286 606,2286 653,2286 699,2286 746,2285 792,2285 839,2285 886,2283 932,2283 979,2283 1025,2283 1072,2283 1119,2282 1165,2282 1212,2283 1258,2283 1305,2283 1352,2283"/>
                <TextEquiv>
                    <Unicode>der zetleibte aber zu erst und er¬</Unicode>
                </TextEquiv>
            </TextLine>
            <TextLine id="r3l19" custom="readingOrder {index:18;}">
                <Coords points="1361,2281 1368,2281 1372,2284 1391,2284 1391,2244 1379,2244 1374,2250 1361,2250"/>
                <Baseline points="1368,2285 1383,2285"/>
                <TextEquiv>
                    <Unicode>2.</Unicode>
                </TextEquiv>
            </TextLine>
            <TextLine id="r3l20" custom="readingOrder {index:19;}">
                <Coords points="402,2423 477,2463 635,2426 686,2471 818,2427 893,2471 1103,2431 1193,2468 1343,2416 1453,2453 1452,2368 1316,2335 1258,2375 1109,2289 1028,2359 893,2383 698,2328 595,2378 487,2325 401,2331"/>
                <Baseline points="408,2415 459,2417 511,2417 563,2418 615,2418 667,2418 719,2417 771,2417 823,2417 875,2415 927,2415 978,2414 1030,2413 1082,2412 1134,2411 1186,2411 1238,2409 1290,2409 1342,2409 1394,2409 1446,2409"/>
                <TextEquiv>
                    <Unicode>Depenen hernach habind den hurri</Unicode>
                </TextEquiv>
            </TextLine>
            <TextLine id="r3l21" custom="readingOrder {index:20;}">
                <Coords points="410,2596 559,2559 674,2613 732,2562 891,2547 1000,2549 1043,2588 1122,2538 1322,2594 1443,2539 1442,2480 1323,2508 1249,2437 1065,2502 985,2444 888,2508 819,2477 637,2519 408,2490"/>
                <Baseline points="416,2547 467,2547 518,2547 569,2547 620,2547 671,2547 722,2546 773,2544 824,2544 875,2543 926,2541 977,2540 1028,2538 1079,2537 1130,2537 1181,2535 1232,2535 1283,2535 1334,2535 1385,2537 1436,2538"/>
                <TextEquiv>
                    <Unicode>ohne einiche anred noch bortlegel,</Unicode>
                </TextEquiv>
            </TextLine>
            <TextLine id="r3l22" custom="readingOrder {index:21;}">
                <Coords points="404,2698 496,2756 853,2675 965,2719 1080,2671 1224,2707 1292,2666 1479,2668 1478,2587 1426,2562 1252,2604 1201,2567 1125,2615 1025,2577 957,2612 895,2570 814,2635 722,2582 563,2641 403,2636"/>
                <Baseline points="410,2672 463,2672 516,2672 569,2673 622,2672 675,2672 728,2672 781,2670 834,2670 887,2669 941,2667 994,2667 1047,2665 1100,2664 1153,2663 1206,2661 1259,2661 1312,2660 1365,2658 1418,2658 1472,2658"/>
                <TextEquiv>
                    <Unicode>angegrieffenn der entleibte habe den</Unicode>
                </TextEquiv>
            </TextLine>
            <TextLine id="r3l23" custom="readingOrder {index:22;} person {offset:0; length:5;}">
                <Coords points="395,2854 484,2814 567,2855 985,2798 1156,2858 1343,2777 1418,2829 1511,2785 1509,2702 1345,2691 1205,2758 1075,2685 976,2756 895,2691 776,2756 672,2704 558,2758 393,2740"/>
                <Baseline points="402,2811 457,2808 512,2805 567,2803 622,2801 677,2799 732,2798 787,2796 842,2795 897,2793 952,2793 1007,2792 1062,2791 1117,2790 1172,2790 1227,2789 1282,2787 1337,2787 1392,2786 1447,2784 1503,2784"/>
                <TextEquiv>
                    <Unicode>Jurri vast ouch dem boden gehabt, die er</Unicode>
                </TextEquiv>
            </TextLine>
            <TextLine id="r3l24" custom="readingOrder {index:23;}">
                <Coords points="411,2966 616,2954 738,2989 862,2929 979,2935 1031,2977 1110,2948 1266,2980 1352,2924 1477,2947 1475,2866 1404,2822 1259,2887 1182,2844 1017,2871 971,2833 896,2897 766,2855 563,2890 503,2860 410,2916"/>
                <Baseline points="417,2945 469,2943 522,2939 574,2937 627,2934 680,2933 732,2931 785,2928 837,2927 890,2925 943,2924 995,2922 1048,2920 1100,2919 1153,2918 1206,2917 1258,2916 1311,2915 1363,2915 1416,2915 1469,2915"/>
                <TextEquiv>
                    <Unicode>aber habe sich an dem flseli gehalten,</Unicode>
                </TextEquiv>
            </TextLine>
            <TextLine id="r3l25" custom="readingOrder {index:24;} person {offset:3; length:7;}">
                <Coords points="389,3112 699,3060 755,3110 865,3062 928,3102 1159,3035 1297,3098 1350,3056 1438,3088 1519,3054 1516,2961 1321,3012 1153,2970 1087,3014 879,2973 843,3009 755,2976 667,3032 530,2983 386,3022"/>
                <Baseline points="395,3074 450,3072 506,3069 562,3067 618,3063 674,3061 730,3057 785,3055 841,3051 897,3048 953,3045 1009,3043 1065,3041 1121,3039 1176,3038 1232,3038 1288,3038 1344,3038 1400,3041 1456,3044 1512,3047"/>
                <TextEquiv>
                    <Unicode>er Geponen habe einmal nur geraufft</Unicode>
                </TextEquiv>
            </TextLine>
            <TextLine id="r3l26" custom="readingOrder {index:25;}">
                <Coords points="392,3216 556,3194 615,3235 772,3184 878,3237 968,3183 1069,3220 1153,3167 1358,3168 1411,3142 1409,3101 1341,3067 1231,3127 1133,3074 999,3082 943,3131 869,3073 807,3121 723,3087 686,3119 483,3109 439,3146 387,3122"/>
                <Baseline points="398,3195 448,3192 498,3188 548,3184 599,3180 649,3177 699,3173 750,3170 800,3167 850,3164 901,3161 951,3159 1001,3157 1051,3155 1102,3153 1152,3152 1202,3150 1253,3149 1303,3149 1353,3147 1404,3147"/>
                <TextEquiv>
                    <Unicode>uob der entleibte geschlagen, oder</Unicode>
                </TextEquiv>
            </TextLine>
            <TextLine id="r3l27" custom="readingOrder {index:26;}">
                <Coords points="398,3323 863,3308 907,3337 1005,3286 1113,3349 1265,3286 1372,3319 1480,3270 1476,3185 1326,3180 1210,3241 970,3184 880,3264 763,3199 682,3259 493,3201 396,3277"/>
                <Baseline points="405,3312 458,3308 511,3305 565,3300 618,3297 672,3294 725,3292 778,3290 832,3287 885,3284 939,3282 992,3281 1045,3279 1099,3276 1152,3275 1206,3273 1259,3270 1312,3269 1366,3266 1419,3264 1473,3261"/>
                <TextEquiv>
                    <Unicode>ethas in denen händen gehabt, bösen</Unicode>
                </TextEquiv>
            </TextLine>
            <TextLine id="r3l28" custom="readingOrder {index:27;}">
                <Coords points="403,3495 538,3490 599,3447 697,3493 779,3438 888,3431 942,3469 1000,3433 1109,3460 1296,3405 1488,3407 1487,3314 1280,3366 1217,3323 1038,3326 809,3396 635,3353 539,3412 395,3362"/>
                <Baseline points="407,3452 460,3449 514,3446 568,3444 622,3441 676,3437 730,3435 783,3432 837,3429 891,3426 945,3423 999,3419 1053,3416 1107,3412 1160,3408 1214,3405 1268,3402 1322,3399 1376,3395 1430,3391 1484,3387"/>
                <TextEquiv>
                    <Unicode>errichti einmal habe er deponent</Unicode>
                </TextEquiv>
            </TextLine>
            <TextLine id="r3l29" custom="readingOrder {index:28;}">
                <Coords points="398,3590 589,3632 723,3571 1249,3589 1323,3538 1492,3541 1521,3472 1449,3426 1367,3475 1267,3439 1187,3487 1116,3454 962,3503 779,3462 714,3514 581,3460 473,3555 395,3542"/>
                <Baseline points="404,3581 459,3579 515,3578 570,3574 626,3572 682,3567 737,3564 793,3560 849,3557 904,3552 960,3549 1016,3545 1071,3540 1127,3538 1183,3534 1238,3531 1294,3529 1350,3527 1405,3525 1461,3524 1517,3524"/>
                <TextEquiv>
                    <Unicode>nichts gehabt, daß er aber seit hero dem</Unicode>
                </TextEquiv>
            </TextLine>
            <TextEquiv>
                <Unicode>Hans Thüren
daß der verbundt gelesenn Rudolli
zücher beharret, der entlaebte Bendicht
zücher habe ihne und den Hans Schiff¬
mman, als ira an dem beloussten
Sontag nach middernacht von Schlan
dan gegangen, angestittet die außern
fürsche, welche die schüpfen Meitscheni
geführt, sonderlich aber den zurri
silieder welchen der enstlribten, leid zuo¬
Deponent demselben angemerket,
einichem hass gehabt zuo Rauffen, mit
diecher Abren seyend sie alle drey biß
zu dem Wirthshauss zuo Schüpffen
gekommen, alllso sie den hurrn, mit
dem Eseli Spring angetroffenn der
Schiffman habe sich darvon gemacht
der zetleibte aber zu erst und er¬
2.
Depenen hernach habind den hurri
ohne einiche anred noch bortlegel,
angegrieffenn der entleibte habe den
Jurri vast ouch dem boden gehabt, die er
aber habe sich an dem flseli gehalten,
er Geponen habe einmal nur geraufft
uob der entleibte geschlagen, oder
ethas in denen händen gehabt, bösen
errichti einmal habe er deponent
nichts gehabt, daß er aber seit hero dem</Unicode>
            </TextEquiv>
        </TextRegion>
        <TextRegion orientation="0.0" id="r4" custom="readingOrder {index:3;}">
            <Coords points="1728,2797 1728,2951 1836,2951 1836,2797"/>
            <TextLine id="r4l1" custom="readingOrder {index:0;}">
                <Coords points="1721,2907 1736,2903 1756,2918 1781,2912 1796,2900 1844,2904 1840,2762 1807,2768 1741,2816 1719,2817"/>
                <Baseline points="1728,2901 1755,2898 1782,2898 1809,2897 1836,2898"/>
                <TextEquiv>
                    <Unicode>8.</Unicode>
                </TextEquiv>
            </TextLine>
            <TextEquiv>
                <Unicode>8.</Unicode>
            </TextEquiv>
        </TextRegion>
        <TextRegion orientation="0.0" id="r5" custom="readingOrder {index:4;}">
            <Coords points="1860,317 1860,3515 2969,3515 2969,317"/>
            <TextLine id="r5l1" custom="readingOrder {index:0;} person {offset:0; length:10;}">
                <Coords points="1984,412 2019,420 2064,390 2096,409 2165,403 2219,425 2310,409 2383,439 2443,404 2444,348 2354,340 2292,291 2210,334 2155,342 2052,275 1987,324"/>
                <Baseline points="1992,371 2018,373 2044,374 2070,376 2096,377 2122,378 2148,379 2174,380 2200,381 2227,381 2253,381 2279,383 2305,383 2331,383 2357,383 2383,383 2409,383 2436,383"/>
                <TextEquiv>
                    <Unicode>Hans Bürri</Unicode>
                </TextEquiv>
            </TextLine>
            <TextLine id="r5l2" custom="readingOrder {index:1;}">
                <Coords points="2807,445 2822,442 2838,449 2845,446 2862,449 2883,438 2896,440 2900,354 2886,353 2873,362 2862,353 2856,359 2841,352 2812,355"/>
                <Baseline points="2816,399 2841,398 2866,400 2891,402"/>
                <TextEquiv>
                    <Unicode>119.</Unicode>
                </TextEquiv>
            </TextLine>
            <TextLine id="r5l3" custom="readingOrder {index:2;} person {offset:0; length:5;}">
                <Coords points="1857,546 1940,520 2023,565 2128,511 2178,547 2225,517 2309,580 2363,535 2471,580 2571,543 2660,615 2738,550 2832,554 2837,457 2802,449 2677,511 2473,429 2321,473 2163,419 2079,474 1864,413"/>
                <Baseline points="1866,503 1914,503 1962,503 2010,504 2058,506 2106,506 2154,508 2202,510 2250,512 2298,514 2346,517 2394,520 2442,522 2490,525 2538,528 2586,531 2634,533 2682,537 2730,540 2778,542 2826,545"/>
                <TextEquiv>
                    <Unicode>Burri gesagt, die habend kheiner gehabt.</Unicode>
                </TextEquiv>
            </TextLine>
            <TextLine id="r5l4" custom="readingOrder {index:3;}">
                <Coords points="1857,646 2276,622 2391,664 2508,615 2679,659 2813,651 2816,567 2664,608 2595,569 2521,601 2453,565 2323,590 2254,529 2179,570 2118,513 2013,573 1923,529 1861,547"/>
                <Baseline points="1866,605 1913,603 1960,603 2007,603 2054,605 2101,605 2148,606 2195,608 2242,610 2289,612 2336,614 2383,617 2430,618 2477,621 2524,623 2571,624 2618,626 2665,627 2712,629 2759,629 2807,630"/>
                <TextEquiv>
                    <Unicode>seye nichts anders gelesen, als daß er</Unicode>
                </TextEquiv>
            </TextLine>
            <TextLine id="r5l5" custom="readingOrder {index:4;}">
                <Coords points="1871,715 1968,767 2036,714 2117,741 2213,712 2370,766 2425,734 2576,765 2730,729 2807,761 2836,752 2838,675 2785,639 2610,663 2509,615 2306,695 2085,626 1872,670"/>
                <Baseline points="1878,710 1925,708 1973,707 2020,707 2068,707 2115,707 2163,708 2210,709 2258,711 2305,713 2353,714 2401,716 2448,719 2496,720 2543,723 2591,725 2638,727 2686,729 2733,731 2781,732 2829,734"/>
                <TextEquiv>
                    <Unicode>die habenn in der hand verstanden,</Unicode>
                </TextEquiv>
            </TextLine>
            <TextLine id="r5l6" custom="readingOrder {index:5;}">
                <Coords points="1864,843 1926,811 2021,856 2159,821 2196,860 2341,833 2426,882 2531,842 2665,878 2888,821 2801,768 2602,744 2507,787 2203,739 2151,775 2063,774 2023,734 1866,759"/>
                <Baseline points="1871,818 1921,816 1971,815 2022,815 2072,815 2123,815 2173,815 2224,815 2274,816 2325,817 2375,819 2425,821 2476,822 2526,824 2577,827 2627,829 2678,831 2728,833 2779,837 2829,839 2880,842"/>
                <TextEquiv>
                    <Unicode>hr dessonent habe bohl gehört, daß der</Unicode>
                </TextEquiv>
            </TextLine>
            <TextLine id="r5l7" custom="readingOrder {index:6;} person {offset:0; length:5;}">
                <Coords points="1852,966 1924,928 1997,971 2060,920 2163,964 2268,940 2316,986 2460,932 2592,946 2657,998 2728,945 2821,957 2822,923 2688,911 2633,856 2570,884 2519,852 2436,910 2339,902 2269,853 2198,867 2153,825 1991,875 1927,811 1856,822"/>
                <Baseline points="1860,921 1907,921 1955,921 2003,920 2050,921 2098,921 2146,921 2193,923 2241,923 2289,924 2337,926 2384,927 2432,929 2480,930 2527,932 2575,933 2623,935 2670,938 2718,939 2766,941 2814,944"/>
                <TextEquiv>
                    <Unicode>Fürri gnad zu zlorgen oder drogen</Unicode>
                </TextEquiv>
            </TextLine>
            <TextLine id="r5l8" custom="readingOrder {index:7;}">
                <Coords points="1870,1041 1964,1061 2082,1020 2209,1075 2242,1051 2339,1114 2439,1053 2605,1039 2753,1123 2854,1089 2857,996 2745,952 2675,1008 2591,950 2469,1002 2370,949 2317,984 2267,945 2202,998 2115,961 1997,1010 1872,973"/>
                <Baseline points="1877,1026 1925,1025 1974,1023 2022,1023 2071,1023 2120,1023 2168,1023 2217,1025 2265,1026 2314,1028 2363,1029 2411,1031 2460,1034 2508,1035 2557,1037 2606,1039 2654,1041 2703,1042 2751,1043 2800,1044 2849,1044"/>
                <TextEquiv>
                    <Unicode>manen imm hullso geruthenn es seche</Unicode>
                </TextEquiv>
            </TextLine>
            <TextLine id="r5l9" custom="readingOrder {index:8;}">
                <Coords points="1883,1163 2315,1152 2354,1186 2462,1144 2520,1190 2621,1145 2815,1148 2816,1046 2694,1116 2526,1046 2342,1111 2158,1044 2079,1105 1933,1054 1884,1072"/>
                <Baseline points="1890,1131 1935,1130 1981,1128 2027,1128 2073,1127 2119,1127 2165,1127 2211,1127 2257,1128 2303,1128 2349,1130 2394,1130 2440,1131 2486,1133 2532,1133 2578,1134 2624,1136 2670,1136 2716,1137 2762,1137 2808,1137"/>
                <TextEquiv>
                    <Unicode>aber nicht, daß derselbe ihnen das</Unicode>
                </TextEquiv>
            </TextLine>
            <TextLine id="r5l10" custom="readingOrder {index:9;}">
                <Coords points="1865,1255 1954,1287 2026,1255 2151,1311 2218,1272 2289,1304 2397,1251 2507,1307 2561,1271 2871,1260 2872,1188 2750,1218 2625,1158 2547,1205 2457,1144 2381,1208 2020,1150 1866,1183"/>
                <Baseline points="1872,1241 1921,1239 1971,1239 2020,1238 2070,1238 2120,1238 2169,1238 2219,1238 2268,1238 2318,1238 2368,1238 2417,1238 2467,1239 2516,1239 2566,1241 2616,1242 2665,1244 2715,1244 2764,1246 2814,1247 2864,1248"/>
                <TextEquiv>
                    <Unicode>recht dargeschlagen, ins gesagt, er sölle,</Unicode>
                </TextEquiv>
            </TextLine>
            <TextLine id="r5l11" custom="readingOrder {index:10;}">
                <Coords points="1876,1426 2017,1412 2085,1367 2198,1368 2274,1427 2381,1369 2538,1407 2657,1359 2779,1428 2875,1373 2874,1321 2760,1290 2701,1331 2568,1341 2439,1264 2382,1310 2213,1276 2134,1338 1941,1280 1875,1303"/>
                <Baseline points="1883,1364 1932,1363 1981,1362 2030,1361 2079,1360 2129,1359 2178,1359 2227,1358 2276,1358 2325,1358 2375,1358 2424,1358 2473,1356 2522,1356 2571,1356 2621,1358 2670,1358 2719,1358 2768,1358 2817,1358 2867,1358"/>
                <TextEquiv>
                    <Unicode>sich lehrem bie er konnen im übrigen</Unicode>
                </TextEquiv>
            </TextLine>
            <TextLine id="r5l12" custom="readingOrder {index:11;}">
                <Coords points="1883,1543 2026,1477 2221,1535 2383,1522 2447,1476 2607,1468 2671,1511 2723,1468 2856,1477 2855,1427 2729,1398 2650,1440 2549,1403 2351,1443 2238,1433 2134,1373 2005,1446 1940,1403 1881,1426"/>
                <Baseline points="1889,1476 1937,1475 1985,1475 2033,1473 2081,1472 2129,1472 2177,1470 2225,1469 2273,1469 2321,1467 2369,1466 2417,1466 2465,1464 2513,1464 2561,1464 2609,1463 2657,1463 2705,1463 2753,1463 2801,1464 2849,1464"/>
                <TextEquiv>
                    <Unicode>seye alles hergegangen, die in seiner</Unicode>
                </TextEquiv>
            </TextLine>
            <TextLine id="r5l13" custom="readingOrder {index:12;}">
                <Coords points="1883,1607 2229,1619 2273,1662 2351,1586 2619,1645 2658,1608 2731,1645 2834,1591 2914,1618 2912,1527 2729,1499 2659,1526 2616,1492 2319,1564 2251,1517 2049,1571 1993,1527 1883,1560"/>
                <Baseline points="1890,1602 1940,1600 1991,1596 2042,1595 2093,1592 2144,1590 2194,1590 2245,1589 2296,1587 2347,1587 2398,1587 2448,1586 2499,1586 2550,1586 2601,1586 2652,1586 2702,1586 2753,1586 2804,1586 2855,1586 2906,1586"/>
                <TextEquiv>
                    <Unicode>ersten aussarge leitlaussig beschrieben,</Unicode>
                </TextEquiv>
            </TextLine>
            <TextLine id="r5l14" custom="readingOrder {index:13;}">
                <Coords points="1879,1744 2144,1715 2195,1754 2242,1729 2315,1761 2464,1701 2582,1718 2648,1768 2857,1694 2856,1642 2803,1618 2719,1674 2643,1624 2488,1666 2312,1631 2265,1664 2155,1622 2113,1645 2074,1608 2028,1646 1933,1616 1877,1651"/>
                <Baseline points="1886,1718 1934,1716 1982,1715 2030,1713 2078,1711 2126,1710 2174,1709 2223,1707 2271,1706 2319,1706 2367,1704 2415,1703 2463,1703 2511,1703 2560,1701 2608,1701 2656,1701 2704,1700 2752,1700 2800,1700 2849,1700"/>
                <TextEquiv>
                    <Unicode>und könte er sich herren langen, der</Unicode>
                </TextEquiv>
            </TextLine>
            <TextLine id="r5l15" custom="readingOrder {index:14;}">
                <Coords points="1887,1854 2003,1829 2171,1861 2528,1809 2823,1869 2906,1831 2904,1774 2829,1778 2755,1728 2663,1778 2462,1703 2292,1776 2244,1731 2174,1795 2065,1785 2000,1728 1885,1769"/>
                <Baseline points="1893,1827 1943,1826 1993,1824 2043,1823 2094,1821 2144,1820 2194,1820 2244,1818 2295,1817 2345,1815 2395,1815 2445,1814 2496,1812 2546,1811 2596,1811 2646,1809 2697,1808 2747,1806 2797,1805 2847,1803 2898,1800"/>
                <TextEquiv>
                    <Unicode>zeit, ond nichts leiters besinen bezange</Unicode>
                </TextEquiv>
            </TextLine>
            <TextLine id="r5l16" custom="readingOrder {index:15;} person {offset:13; length:6;}">
                <Coords points="1898,1977 1951,2002 2043,1940 2251,1983 2434,1920 2576,1958 2648,1930 2715,1981 2812,1920 2867,1954 2940,1936 2913,1857 2745,1891 2533,1803 2471,1863 2395,1838 2319,1874 2230,1846 1897,1879"/>
                <Baseline points="1904,1929 1955,1929 2006,1928 2058,1928 2109,1926 2161,1926 2212,1925 2264,1925 2315,1923 2367,1923 2418,1922 2469,1920 2521,1920 2572,1919 2624,1919 2675,1917 2727,1916 2778,1916 2830,1914 2881,1914 2933,1913"/>
                <TextEquiv>
                    <Unicode>ouch dass er lönder den hurren, welcher</Unicode>
                </TextEquiv>
            </TextLine>
            <TextLine id="r5l17" custom="readingOrder {index:16;}">
                <Coords points="1882,2069 2914,2044 2912,1973 2815,1919 2725,1999 2621,1933 2493,1987 2420,1948 2364,1988 2156,1964 2103,2005 2042,1964 1975,2011 1880,1977"/>
                <Baseline points="1889,2051 1939,2048 1990,2046 2041,2043 2092,2042 2143,2040 2194,2039 2244,2037 2295,2036 2346,2034 2397,2033 2448,2031 2499,2030 2550,2030 2600,2028 2651,2027 2702,2025 2753,2025 2804,2024 2855,2022 2906,2021"/>
                <TextEquiv>
                    <Unicode>die damalen nicht vohl kommen können,</Unicode>
                </TextEquiv>
            </TextLine>
            <TextLine id="r5l18" custom="readingOrder {index:17;}">
                <Coords points="1895,2195 2020,2199 2186,2149 2322,2214 2449,2148 2523,2200 2688,2141 2872,2177 2870,2103 2753,2064 2680,2109 2578,2050 2531,2088 2429,2071 2363,2107 2256,2070 2112,2126 2003,2075 1893,2104"/>
                <Baseline points="1901,2159 1949,2156 1997,2154 2045,2151 2093,2150 2141,2148 2189,2146 2238,2145 2286,2144 2334,2142 2382,2141 2430,2139 2478,2139 2526,2138 2575,2136 2623,2136 2671,2135 2719,2133 2767,2133 2815,2132 2864,2130"/>
                <TextEquiv>
                    <Unicode>obschon ein lenig mandtschein baren</Unicode>
                </TextEquiv>
            </TextLine>
            <TextLine id="r5l19" custom="readingOrder {index:18;}">
                <Coords points="1904,2289 2046,2274 2124,2314 2182,2275 2257,2270 2340,2322 2451,2255 2488,2282 2559,2279 2558,2217 2490,2190 2457,2219 2426,2197 2381,2233 2251,2183 2194,2227 2143,2234 2092,2195 2028,2226 1951,2168 1901,2198"/>
                <Baseline points="1910,2271 1942,2268 1974,2267 2006,2265 2038,2265 2070,2264 2102,2262 2134,2261 2166,2261 2198,2261 2231,2259 2263,2259 2295,2259 2327,2258 2359,2258 2391,2256 2423,2255 2455,2255 2487,2253 2519,2252 2552,2250"/>
                <TextEquiv>
                    <Unicode>keinen gwöllen gehabt</Unicode>
                </TextEquiv>
            </TextLine>
            <TextLine id="r5l20" custom="readingOrder {index:19;}">
                <Coords points="1961,2405 2194,2403 2305,2440 2483,2388 2956,2391 2955,2345 2769,2279 2712,2313 2607,2285 2411,2333 2378,2306 2317,2329 2263,2284 2138,2322 2055,2277 1960,2350"/>
                <Baseline points="1967,2396 2016,2394 2065,2393 2114,2393 2163,2391 2212,2391 2261,2390 2310,2388 2359,2388 2408,2387 2457,2387 2506,2385 2555,2385 2604,2384 2653,2382 2702,2382 2751,2381 2800,2379 2849,2378 2898,2376 2948,2375"/>
                <TextEquiv>
                    <Unicode>N. das lachse mandts viertel, deren</Unicode>
                </TextEquiv>
            </TextLine>
            <TextLine id="r5l21" custom="readingOrder {index:20;}">
                <Coords points="1913,2555 2055,2514 2193,2550 2248,2508 2339,2506 2444,2550 2545,2501 2856,2509 2854,2448 2759,2419 2578,2467 2455,2404 2313,2479 2188,2465 2120,2416 2081,2449 1911,2442"/>
                <Baseline points="1920,2510 1966,2510 2012,2509 2059,2508 2105,2507 2152,2505 2198,2504 2245,2502 2291,2502 2338,2499 2384,2498 2430,2498 2477,2496 2523,2495 2570,2493 2616,2493 2663,2492 2709,2492 2756,2492 2802,2492 2849,2492"/>
                <TextEquiv>
                    <Unicode>di 18. junis im 8. Ahren 10. mie¬</Unicode>
                </TextEquiv>
            </TextLine>
            <TextLine id="r5l22" custom="readingOrder {index:21;}">
                <Coords points="1915,2667 1952,2640 2036,2637 2074,2656 2130,2646 2193,2689 2214,2682 2258,2645 2302,2639 2301,2519 2260,2513 2209,2552 2170,2530 2126,2569 2038,2570 1984,2530 1943,2556 1914,2555"/>
                <Baseline points="1922,2636 1948,2633 1975,2633 2001,2631 2028,2630 2054,2628 2081,2628 2108,2628 2134,2628 2161,2628 2187,2629 2214,2630 2240,2631 2267,2631 2294,2633"/>
                <TextEquiv>
                    <Unicode>vor Midogs.</Unicode>
                </TextEquiv>
            </TextLine>
            <TextLine id="r5l23" custom="readingOrder {index:22;} person {offset:6; length:6;}">
                <Coords points="1913,2961 2006,2907 2062,2946 2178,2913 2243,2960 2333,2923 2385,2955 2460,2902 2554,2936 2845,2906 2865,2723 2718,2786 2613,2732 2532,2804 2400,2799 2313,2843 2214,2794 2152,2825 2021,2773 1912,2817"/>
                <Baseline points="1920,2898 1969,2898 2018,2898 2068,2898 2117,2898 2167,2898 2216,2897 2265,2897 2315,2897 2364,2895 2414,2895 2463,2894 2513,2894 2562,2894 2611,2894 2661,2894 2710,2894 2760,2894 2809,2894 2859,2894"/>
                <TextEquiv>
                    <Unicode>Wbeth Spring anget nichts hinders</Unicode>
                </TextEquiv>
            </TextLine>
            <TextLine id="r5l24" custom="readingOrder {index:23;}">
                <Coords points="2873,3003 2884,3007 2901,3008 2912,2956 2904,2956 2899,2948 2895,2945 2887,2943"/>
                <Baseline points="2880,3003 2894,3006"/>
                <TextEquiv>
                    <Unicode>m</Unicode>
                </TextEquiv>
            </TextLine>
            <TextLine id="r5l25" custom="readingOrder {index:24;}">
                <Coords points="1924,3025 2134,3025 2196,3072 2257,3019 2362,3018 2429,3070 2584,3017 2761,3095 2870,3019 2870,2962 2692,2930 2586,2983 2459,2935 2367,2982 2306,2938 2219,2982 2129,2924 2065,2949 2008,2906 1924,2967"/>
                <Baseline points="1931,3020 1977,3017 2024,3016 2070,3015 2117,3014 2164,3014 2210,3014 2257,3012 2304,3012 2350,3012 2397,3013 2444,3012 2490,3012 2537,3012 2584,3012 2630,3011 2677,3010 2724,3009 2770,3008 2817,3004 2864,3002"/>
                <TextEquiv>
                    <Unicode>als las in seiner ersten aussaage</Unicode>
                </TextEquiv>
            </TextLine>
            <TextLine id="r5l26" custom="readingOrder {index:25;}">
                <Coords points="1918,3147 2278,3125 2535,3189 2684,3127 2808,3127 2861,3165 2958,3138 2957,3050 2879,3034 2753,3101 2531,3028 2271,3097 2023,3029 1918,3092"/>
                <Baseline points="1925,3120 1976,3119 2027,3117 2078,3117 2130,3117 2181,3116 2232,3116 2284,3117 2335,3117 2386,3117 2438,3119 2489,3119 2540,3119 2591,3119 2643,3119 2694,3119 2745,3119 2797,3117 2848,3117 2899,3115 2951,3113"/>
                <TextEquiv>
                    <Unicode>enthalten nur noch beyfügenne, dass</Unicode>
                </TextEquiv>
            </TextLine>
            <TextLine id="r5l27" custom="readingOrder {index:26;}">
                <Coords points="1925,3280 2158,3253 2340,3288 2457,3252 2517,3285 2656,3241 2816,3292 2910,3252 2910,3166 2844,3204 2759,3139 2619,3206 2495,3171 2365,3211 2226,3133 2059,3201 1971,3134 1925,3151"/>
                <Baseline points="1931,3237 1979,3236 2028,3235 2076,3234 2125,3234 2174,3234 2222,3234 2271,3234 2319,3235 2368,3236 2417,3236 2465,3237 2514,3237 2562,3237 2611,3237 2660,3237 2708,3236 2757,3236 2805,3234 2854,3233 2903,3230"/>
                <TextEquiv>
                    <Unicode>keine ared noch einicher loortlerpel</Unicode>
                </TextEquiv>
            </TextLine>
            <TextLine id="r5l28" custom="readingOrder {index:27;}">
                <Coords points="1928,3416 2017,3379 2206,3372 2260,3405 2309,3366 2435,3361 2643,3427 2721,3379 2965,3367 2965,3328 2888,3282 2661,3330 2590,3290 2541,3326 2406,3263 2297,3312 2237,3259 2162,3312 1928,3278"/>
                <Baseline points="1934,3357 1985,3356 2036,3356 2087,3354 2138,3354 2190,3353 2241,3353 2292,3353 2343,3353 2394,3353 2446,3353 2497,3353 2548,3353 2599,3354 2650,3354 2702,3354 2753,3356 2804,3356 2855,3356 2906,3356 2958,3357"/>
                <TextEquiv>
                    <Unicode>bey dem Anglich vorgegangen sondern</Unicode>
                </TextEquiv>
            </TextLine>
            <TextLine id="r5l29" custom="readingOrder {index:28;} person {offset:24; length:5;}">
                <Coords points="1931,3497 2143,3548 2196,3504 2319,3525 2432,3489 2530,3539 2597,3493 2656,3542 2728,3502 2840,3524 2977,3489 2976,3452 2879,3401 2744,3455 2587,3402 2537,3429 2461,3383 2312,3422 2143,3394 2096,3426 1931,3416"/>
                <Baseline points="1938,3486 1989,3488 2041,3488 2092,3486 2144,3486 2195,3486 2247,3486 2298,3485 2350,3485 2401,3485 2453,3483 2505,3483 2556,3482 2608,3482 2659,3480 2711,3480 2762,3480 2814,3479 2865,3479 2917,3479 2969,3479"/>
                <TextEquiv>
                    <Unicode>der entleibten habe den hurri, belcher</Unicode>
                </TextEquiv>
            </TextLine>
            <TextEquiv>
                <Unicode>Hans Bürri
119.
Burri gesagt, die habend kheiner gehabt.
seye nichts anders gelesen, als daß er
die habenn in der hand verstanden,
hr dessonent habe bohl gehört, daß der
Fürri gnad zu zlorgen oder drogen
manen imm hullso geruthenn es seche
aber nicht, daß derselbe ihnen das
recht dargeschlagen, ins gesagt, er sölle,
sich lehrem bie er konnen im übrigen
seye alles hergegangen, die in seiner
ersten aussarge leitlaussig beschrieben,
und könte er sich herren langen, der
zeit, ond nichts leiters besinen bezange
ouch dass er lönder den hurren, welcher
die damalen nicht vohl kommen können,
obschon ein lenig mandtschein baren
keinen gwöllen gehabt
N. das lachse mandts viertel, deren
di 18. junis im 8. Ahren 10. mie¬
vor Midogs.
Wbeth Spring anget nichts hinders
m
als las in seiner ersten aussaage
enthalten nur noch beyfügenne, dass
keine ared noch einicher loortlerpel
bey dem Anglich vorgegangen sondern
der entleibten habe den hurri, belcher</Unicode>
            </TextEquiv>
        </TextRegion>
    </Page>
</PcGts>
