3024 4032
180 329 347 412 Sib
514 320 1520 478 Jos Riffenacht dan Brachtli geyst
441 374 1388 523 Nufingen und Joh Ritschand
496 434 1477 609 vnd ve Bratdli stäen darbey ge¬
461 522 1505 670 ebessenn ob aber der kandtman
469 623 1481 789 Auch beyge schut, lüsse er sich gent lig
489 693 829 856 mitt mehr
436 791 1427 946 Der Bratschi kömmer sich ouch
454 877 1361 1022 nit eygenthen verrsönnen, ob der
477 972 1316 1137 abnemann darbey gelesen
453 1068 1467 1264 Der Hauß mann aber vernembe
340 1205 1361 1370 Ersolches gandtlich, vorauch diese
438 1294 1381 1458 Atster Breittie B übrige e
427 1393 1434 1509 Eeunquett aber noch vernerde
412 1462 1445 1612 nheit gegeneinander perprouliert
430 1563 799 1658 worden.
135 1589 463 1740 fragen Rüßler
184 1684 348 1813 auss
432 1652 1442 1853 Ettigkeit dem 15. jartisch das si silber
430 1784 1452 1952 ihme fuo die erstern stempfel gebracht.
430 1868 1349 2029 geheissen nach glons zits lieder
420 1986 1448 2116 zu kommen, mit vermelden, soloss
400 2064 1277 2224 Sühlonschen Berch anschafften
183 2119 405 2295 Cen
440 2177 1445 2356 der Grathssi Habegser Jurgi Ero¬
361 2301 1401 2449 poniert, es solle Glech anschaffen
256 2370 1418 2567 Der stat di Thingegegen ballte be¬
379 2504 1382 2690 halbten das der keisenacht
331 2596 1145 2792 dhen sölches gesagt habe.
62 2701 1286 2892 trag anden hochen ward sin darneben destragen
352 2829 1222 2986 mit einander abgeredt habens
47 2932 343 3070 Antl
358 2934 1396 3112 Er habe dem bratssli gesagt, dise
342 3039 1433 3196 stampfel schan nit loohs außgefalen
349 3140 1374 3306 und das Wallidgelt seye zuo gält
346 3246 1308 3422 gangiger, darauuft habe der
310 3345 1392 3537 Grattschi Schner Jugi offeriert s
207 3485 320 3582 wölle.
318 3499 1421 3626 ein mallesbatten us träg stechen lassenn
345 3579 1399 3743 hofnenne er sin denselben vollelichen
330 3679 1406 3838 Geisse reden, welches by dem Bratschin ouch
291 3770 809 3923 zugestagt habe.
1722 293 2942 490 Uo Bürtenachts gan Bratschidig
1867 369 2640 528 und schardt Alschardi
1805 498 2936 664 vor Bratschi berichtte solches jedoch mit
1849 582 2942 766 din san zusaltz, der wirth habe annach von
1849 688 2893 873 sprochen, ihme grats die gestern
1840 811 2921 943 stempfel bey überbringung der an deren
1854 902 2347 1039 dieder zugeben.
1754 995 2938 1194 Gelches aber der sittmacht micht
1854 1125 2528 1281 eingestehen vollten.
1579 1183 1892 1354 gan keff
1828 1252 2926 1445 Gr biel bethen nach vertlobig
1576 1301 1777 1424 nach.
1826 1369 2926 1545 ihrer zuosammen kunst zuo zuo siel von
1841 1458 2922 1596 unnen luiernermeind balliste batzen
1791 1563 2681 1751 sheig gemacht vorden.
1713 1676 2932 1860 die er diese die Eygents anhallt derselbig
1843 1763 2941 1961 nicht zu bestimen glaube aber
1826 1900 2824 2075 eysellen (dan 10. stul gebenden
1972 2058 2928 2227 errigen matte der Ritsilad
1754 2151 2939 2359 Elitz und 20. tag nasen haltz gemachten
1840 2283 2931 2472 angeselen ze sie bey dem bielichen den
1809 2398 2957 2582 Gratschi und riffen aufst vorgefalle
1781 2516 2885 2670 nman streill in aller eyl ab einem
1821 2609 2915 2785 brifft genommen, erloubde auch gand
1825 2704 2891 2886 vohl dass der Richgenach steinicher arben
1836 2815 2298 2986 genthabt habe.
1822 2915 2903 3128 Habt hatter vor der Buchmachte
1705 3018 2897 3226 Bin so beriteins abgelaugnet, sonderen
1827 3176 2914 3338 nier gesagt, da sy damm er sy deren genommen.
1833 3280 2918 3416 Es sliche anß Bietraction bäsennd
1846 3366 2926 3534 denn, mit dem Bratschi gehabten so mit
1847 3461 2922 3610 genommen, er büße aber nit bohn er damit
1846 3543 2915 3717 gekommen, doch habe er nachberths noch einem auf
1828 3647 2477 3816 einem käs gefunden.
