3024 4032
136 269 220 351 48.
304 290 1372 454 Keßler anß haten, sich versamlet.
336 384 1388 534 da dann dess entlichten Khnider auch
320 469 1414 589 hin ein gebracht und volgends durch
329 564 1436 705 münghen ants schultheissen den ersachen
330 648 1386 784 dinser hohnn versanung angezeigt
330 713 1396 864 Nachdoeres durch den grichtschrubnen
339 797 1394 933 naben dem ehren stehend vor beschein¬
326 885 1384 1014 ibene auffgenommenn anformalion
319 963 1378 1089 abgelesen worden, da dann auß ihr
332 1043 1442 1188 gnaden befehl das hure gross vmb d
323 1136 1390 1252 dins Große stuben thür auf gethan
340 1218 1356 1322 unnd daselbsten mit lantes sinni
309 1284 1404 1443 zum zu mahl gerufsten hat 2 ist
320 1373 1394 1523 Zumand zuo gägen so lörndes Gabriel
342 1463 1390 1620 Grunne, lougen an manniel Bielon
333 1552 1362 1697 begangenen todt schlags zuo klagen
315 1647 1270 1808 begehet zetratte har vor. als
332 1720 1338 1874 nun niemand sich hur von gethan.
327 1796 1368 1960 und solchem nach geringegen er verier
320 1916 1358 2029 von Luterman, als der jüngste
307 1998 1345 2143 hurt Annnnd dieser Stattzern
318 2093 1405 2225 in die Muttnen der Gott der Stuben
315 2187 1373 2315 getretten mid lönner den tähter
328 2266 1385 2419 das recht begehrt ist darüber hin die
305 2347 1338 2488 thür geössung und durch Christossel
320 2437 1372 2560 Rosenbald 2. Sikelm. Sambel mit
317 2529 1357 2662 urhabenn sinn ansenhar oben an
302 2594 1399 2737 ine rathshanss stegen dem thater
309 2689 1321 2832 Gabend Grumme auf hernach
307 2778 1363 2931 beschrinbenn lone geruffen und
308 2851 1380 3014 nach beschehenen offentlichem
291 2942 1399 3089 musenn, und zwar drey für dan
307 3021 1365 3200 ersten, und wegmahl für den
300 3128 1411 3270 anderen landtag und also der costen
303 3206 1411 3348 und er landtag condertige Soll¬
296 3303 1396 3464 führt und lougen nicht erscheinung
306 3383 1393 3533 ens gethaten Gabenil Genners
307 3463 1391 3645 sonder dess erst noch andnenn landen
288 3553 1384 3750 Mags darüberhin von Muoghel und
1088 3706 1297 3796 oberen
2826 85 2911 184 19.
1754 169 2926 314 obnenn Räth und burgeren erkent, und
1783 256 2901 397 durch gesagten weibel an obigen ort
1758 345 2929 497 tichend nachgedachter erkentlich procla¬
1755 413 2784 574 mmet imm außgeruffen worden.
1863 562 2914 734 Ienn dess Ruchs zum d. landtag
1765 706 2939 870 ds Babriel Brunns brurger dieder
1758 808 2881 970 Gatt Bern mirgends hus betretten.
1767 896 2937 1051 hur vor und stelle sich allhier vor recht
1768 975 2925 1098 zur Ruraufloortung löngen des an
1794 1012 2972 1185 Nausne Hiction einer gelonsenen
1767 1154 2947 1284 keßler von Tr. Saglaus ans Savore
1785 1232 2879 1387 begangenen todt schlags deßen
1784 1323 2907 1474 Jänrige lahrzeichen gegenwärtig
2391 1455 2440 1507 2
2071 1409 2384 1540 stall sind.
1775 1422 2040 1574 bey aber
2017 1499 2958 1677 zum erstenn ruff zum ersten mahl
1994 1621 2962 1754 zum testen ruff zum anderen nachl
1990 1703 2951 1867 zum ersten bruff zum dritten mahl
1779 1844 2864 2000 zum zinsten landtag ist gleiches
1781 1934 2924 2107 inhalt, auf obige beise außgerussten
1815 2046 2510 2188 nid gesprochen worden.
1925 2143 2958 2314 Zum zongten ruff zum 4. mahl
1921 2253 2951 2398 zum zweyten kuff zum anderen mahl
1904 2350 2974 2501 zum zweyten ruff zum dritten mahl.
1940 2479 2954 2631 Torm den Broclamictan mithill
1809 2617 2940 2773 ung den thater Gabriel Grunne
1804 2704 2997 2857 sehen und anbeestan bord in bätten
1818 2785 3024 2955 oden werderen ein holzernn oder haldarg
1834 2885 3001 3017 in Waßer oder zu land, oder loos
1836 2940 3029 3103 immer seye, die soll ihme verkunden
1826 3049 3001 3208 laß ire lesrund anderen landtag
1824 3148 2893 3281 ann den tödtschlagen, den er an
1832 3224 2995 3366 Mnacieren Biction begangen, auf
1823 3324 3022 3465 haute hormlich gehalten worden und
1845 3413 3028 3535 der Britte landtag ob 2t. tag und
2681 3531 2741 3582 da
1852 3499 2964 3672 wider dreyen bochen zuhalten
2637 3646 2944 3783 angeste
