3024 4032
93 205 222 305 168.
655 203 1143 356 Hans Züri
629 321 1189 482 Bendicht Buri
420 416 1469 639 beyder grichten Lientzi imm wirtsh
414 539 852 691 zuo Schüpffen
1213 582 1375 716 sagt.
400 647 1441 846 er seye langen vielen bey ihme über¬
400 785 1406 943 mnachtenden Recronten fossun
401 893 1480 1089 in ihren nach nidernacht, schlafen
395 1065 1416 1207 gegangen, habe leder im hülfhe¬
382 1183 1445 1354 Ruffen noch sonsten von allein vor¬
385 1306 1475 1485 ogegangenen nicht das lönigste londer
388 1425 979 1595 gehört noch gebusst.
588 1634 1242 1809 Barbara Bucher
362 1782 1403 1976 Peter Springs daß Schmiads Ehebreib
367 1902 1417 2086 von 43. jahren allers zeüget
376 2037 1422 2203 der bespiete Bucher seye ohngefahr
365 2146 1393 2311 non zu ihren zu der schmiden
364 2279 1444 2457 gekommen, schreyens man sölle kommen,
353 2399 1342 2554 und ihnen das blut gestellen, der
335 2520 1324 2684 Rudolff Thucher seye die beigen
331 2645 1315 2815 hinaus gegangen, seyend alle sehr
341 2777 1351 2919 erschroben, die habe ihme einen biz
330 2891 1415 3053 schloum gegeben, welchen er auf seine
323 3001 1450 3175 wunden gelegt, und das bleit gestillent,
330 3138 1428 3305 der entleibte aber habe gesagt, er seye
324 3272 1388 3434 in die linken briten gestochenn lorauf be¬
299 3406 1346 3606 gesunken, da dann ihr sohn denselben
289 3508 1458 3729 hinaufgetragen, so habe aber nichts mehr
1574 330 1665 460 V
2110 266 2523 427 Hans Thüri
2811 333 2919 431 167.
1843 360 2920 547 geredt, sondern seye etwas in einer guten
1848 481 2883 639 halb sunnd gharnach gestorben, heisters
1859 589 2662 741 beße sie nichts zu zeügen
2029 773 2573 965 Alybels Reing
1860 947 2881 1108 deß Schmieds tochter von 16. Jahren
1839 1066 2022 1210 sagt.
1843 1196 2858 1395 Es seye gestern mit dreyen anderen
1858 1363 2849 1527 meitschenen nach schwanden gegangen
1861 1461 2857 1618 inne habe dorten mit seinen Gessighlon
1849 1563 2864 1745 getrunken, nachlarts, habe der zuri
1863 1699 2911 1849 mit ihme getrunkenst getanzet, und
1867 1813 2857 1965 seige mit ihme hann gegangen, als die
1853 1921 2937 2085 vor dem Blüngelhorfs oder wirthshausen
1870 2039 2884 2190 gekommen, seye der verstorbene nit
1874 2154 2929 2308 blehsierte thucher gekommen und habe der
1876 2270 2889 2433 entleibte den huri grad angegriffen
1881 2415 2921 2545 unnd der blehinte habe denselben auch betzen
1872 2502 2929 2671 danan Haaren genommen, es seye zbuschen
1874 2622 2936 2777 ihnen gelesen, habe sich aber loos gemacht
1886 2745 2911 2911 und seye auf die seiten gegen den bach
1882 2843 2908 3021 gegangen, so habe nichts gesthan, las
1880 2966 2914 3141 vorgegangen, die seyend also bald lieder
1869 3115 2856 3266 von Einander gelochen, da dann der
1869 3222 2901 3383 Buri seinen hut auf gehoben und zu
1866 3355 2913 3531 ihme gekommen, seyend mit finander
1866 3482 2923 3655 gegen der schmidten gegangem als aber
2601 3614 2887 3736 dar Bari
