3024 4032
75 244 154 325 50.
430 205 1031 324 Gabent Gruner
276 288 1335 413 Louo en Geirwal er Charin en von dar¬
265 365 1348 449 riculier de supplier apce Loure Gnolania
260 441 1257 535 loute Chrumilche pohsiblte er d
260 490 1283 608 Unuo prohond Rcoserr 1. De de
263 546 1298 682 Herne depoulor Oreres d Liaand
268 624 1353 744 Dudit Gabriel Gronner Leur Neminne
267 697 1347 799 zue aur 26. si ordinane et delin jäwe
260 754 1337 895 Grale dil 20 monen 2. 6. jane den
249 836 1334 964 pent, eesu engagere, do foupigner
271 908 1351 1004 ia Sacothor entieren. d sintereher de pund
265 988 1331 1072 euplus vonr ia eruoerpaliom ra propl
259 1051 1240 1133 rocke de Lenns Ditas Excellenen et a
265 1120 1342 1196 redoubler veur dinpettenr hrieren Gien
252 1185 1275 1305 vour guit Gitlonsour Volgen anguoten
257 1250 1351 1370 Corps ob stat ertier in der samie Harde
246 1325 1345 1438 d procetion, anod pahse ad Shramelan
265 1388 1297 1505 Desuo 10. Deiriemen de Vuillet 112. er
251 1462 1336 1564 Car ordonnamen de tu Pidlien er du denra
249 1547 667 1639 pote londistore.
245 1616 431 1743 sigere
253 1693 982 1799 Hierren Ehliennen notsiel
253 1768 937 1874 marre de Beranieland
544 1847 1354 2021 . Copard noth et rechsier
234 2021 1356 2174 desonhöigne certitie anhuen mon parteen¬
241 2096 1324 2210 iier, guode piro Lidiren vord Annels que-
234 2157 1316 2277 ze dessers eeglise de Shramilan Aque da
236 2212 1321 2332 connochsanee, de habriel Gronner delapille
245 2276 1347 2387 Seberne amot pomt absolument pardenn
235 2340 1336 2439 Unia connohoaner guil nit lynnio auennl
236 2381 1288 2507 action gi püchse sonner alleinte ala
228 2439 1333 2580 qualite phonere hiomme er zu tadt gueso
233 2524 1304 2640 komo in gantant slus poloutiers menceld
225 2582 1331 2694 Kumblen etlreo rcospulungen poniered Aceleid
231 2661 1358 2792 Buloepo sula ductie, des meinbren in denen
227 2708 1278 2838 uble Loundlorre eten Genwal de loucte
211 2792 1315 2899 pronorabli Barochie de Gframetlan sone
235 2848 1336 2967 Demander grace. do nideruorde en tadene
214 2913 1390 3072 Sndet Habent Gronner Stadt a Threuerielen
197 3017 879 3151 Cann et zous gur Schous.
281 3130 477 3267 Digere
590 3169 1224 3342 D. Ahurilg Ballein
1947 194 2534 339 Bapriel Grüner
2700 250 2768 316 5
1715 339 2794 520 Demnach moche schultheiss Tschar
1720 423 2769 580 nne als erbittnung hursprach uß
1720 510 2742 642 unglüthafftigen Babeiel Grüners
1714 604 2774 733 ihr Gudin vortragen lassen, sin dass
1711 692 2774 829 ber verlange dass der deßmalen
1720 786 2744 925 hinder anlonfride Betni haßler
1729 876 2747 1027 über din von ihme dem herren
1719 974 2785 1118 kierstouch auf gesetzte, adi Fragsticke
1720 1067 2816 1190 fürnommen und obgehört worden möchte
1715 1171 2817 1309 als habend ihn Budi, auch dieß begehen
1712 1256 2826 1397 zu muchiner Raths herren Tschannes
1715 1357 2795 1470 zeüte thenndlich anftragen sollen
1720 1436 2846 1582 diesen Peter Haßler vor sich zu bescheiden
1721 1525 2798 1627 und denselbigen nur übes inn
1727 1606 2846 1730 nach gesechten Fragstk zuo fürnemmen
1719 1685 2743 1810 hulthür dann nach zuo vor an Thun
1731 1782 2844 1920 gethanen eernstlichennd kräfftigen
1714 1867 2808 2005 burmahnung, dess orths nichts als
1742 1965 2800 2095 die guren pahrheit memanden zuo
1719 2060 2851 2204 lieb noch zu Leid, außzuosagen in
1729 2143 2857 2281 gegenwarth milcher schultheiss Thar
1726 2227 2788 2337 annss nur deß grichte Schembers
1725 2308 2873 2443 von Honsteten, volgendes außgesagt
1732 2396 2869 2545 nnd alsbald mit hinund sollnischen
1738 2482 2857 2643 handglübt an syens statt bestättiget.
1486 2566 1738 2700 Brag stuck
1516 2681 1732 2769 Das ist
1757 2631 2863 2812 ob der Bruner nach deß Hichions
1737 2774 2868 2904 Bürlundenig, nicht anoch von ihma
1743 2861 2878 3016 hicken, samt dem tisch mehrmalen
1715 2956 2619 3115 zuo boden geborsten worden.
1781 3073 2869 3236 das habe er nicht gesehen, allein
1482 3079 1760 3207 Antloort.
1743 3170 2801 3338 des sichion habe ihme gesagt
1735 3269 2832 3443 Es habe sich braf gedacht und den
1739 3392 2872 3530 biss und die bühl aber sinen
1722 3498 2376 3646 hauffen gelouffen.
2652 3620 2724 3701 in
2555 3663 2728 3762 13.
