3024 4032
43 3184 227 3418 silbe
83 3535 257 3692 l
445 273 1012 399 Johan Rit dard
147 297 355 414 8.
460 333 1421 527 worden er Gratsili habe selbige
437 441 1506 646 dem Solerthieth genommes küße nachten
435 537 1051 680 nachen Gert gefragen.
258 642 1447 852 Gerig Bele letschard diesen büchsen hend
414 755 1472 923 Giler nicht sy ihme und hanen so be¬
398 850 1457 1026 schiden und lugemuthat, die sin mechter
444 955 875 1043 zu Machen.
190 996 476 1151 aub
391 1050 1414 1220 o dem habe ihne nit bescheiden sonder
421 1140 1441 1303 söge kommen ein sich sannach Hilterf zogenn
422 1229 1457 1384 Zu Bringen nun alle diedsenn hanenngen
410 1304 1397 1476 da habe der Gratsili ihme Guiller
1397 1393 1444 1426 R
417 1405 1443 1565 etliche mass genthat, sölle ihme
393 1489 1453 1659 stampfel machen und gar basernn und
423 1589 1431 1747 völle sin dem allermiethann biel
403 1692 1430 1872 Heingen, Woraus Rotschard sins Müller
412 1793 1429 1956 gesagt, wann ersadem Bratschi könne
394 1906 1351 2064 Sathan sölle ihme ihme solche in anher
391 2005 1443 2178 vidters haben zu Richt hard mittellage
387 2095 643 2254 gesten.
201 2152 1414 2383 Ihren, da er Herr Khars des rats hinist
393 2303 1444 2475 zum bietler vieth nacher biel begseitt
178 2384 1383 2575 Dadle der Stat shli syn des erste mahl
370 2511 1405 2677 mitlenen sonter Stampfien an signahar
346 2610 1410 2784 diel gangen, umb selbige demlidter Wil
350 2711 1316 2871 Zu überbringen, harnach dann, dan des
339 2811 1412 3003 Gratschi vider kommen, seyd erbitschard
349 2928 1385 3098 mit ihnne auf diel zum Adler vielt
340 3028 1412 3188 gangen, er habe oher das in Biel d
312 3143 1021 3330 bas zu Thun behalt.
307 3259 1392 3439 d sin dem die si Sampfal sin u
327 3391 1324 3551 milt gebraucht, unnd ussellicher batzen
327 3474 784 3620 habeiciett haben
315 3560 1398 3741 jn der Adler wiett habe selbsten ein
300 3678 1383 3847 Schmittli, ein Glaßsalig und ein Lembold
2754 301 2934 386 26.
1796 289 2619 457 Johanns Ritschard
1822 365 2905 531 und die und lappiet habe selbsten by Worge
1805 447 2910 618 und wergsig oder dry und weysein Suob
1795 538 2917 731 beschlagen, gerlich schy ard aber habennd er¬
1801 646 2052 824 gabent
1808 725 2908 899 Ob sin den so niel er wißdommitt ander nit
1610 794 1770 936 Wabs
1802 824 2810 979 mehrers gelt als hie vor an gegeben
1785 928 2347 1123 habneiedt haben d
1825 1099 1919 1191 b
2682 1064 2791 1172 2
1844 1081 2665 1254 denn, gad mitt aldhoufft angäben
1586 1032 1829 1229 Ansy
1622 1202 2846 1399 H. Ahnd alles in des prielat oder mit ge¬
1771 1310 2896 1487 stanen in der habelgi arbesin sige sölle
1787 1434 2137 1575 sie angeben d
1785 1503 2917 1694 Daniel Gratsch und der Hallersiertt ge¬
1600 1528 1727 1674 G
1794 1624 2848 1785 jemacht, aber habe mit dem wirt gar
1779 1725 2830 1901 keine hemeinschaffs Hatzabt sund der
1760 1846 2358 2025 Zuchstens mind grüller
1602 1941 1719 2146 I
1779 1975 2896 2130 Aber dan nit wüssen ob unand anders
1786 2078 2885 2254 mit dem Brentschi in dem halten zum iren
1785 2184 2254 2337 vingangen säge.
1585 2274 1750 2401 Anfe
1798 2246 2801 2436 nem buch dan sonst kein anderen das
1758 2399 2903 2551 Gratsli habe ihne Ritschard Linder ver¬
1758 2495 2856 2635 fichet und seye desswegen mit Buchser
1755 2572 2878 2737 andern, deß garnnd, Vuilan der Statsli Ehme
1753 2677 2876 2819 vast eine halbe wöss entlendet und in
1762 2753 2560 2919 gangnen so verkauflen habe.
1563 2853 1679 3014 s
1810 2877 2903 3044 Über dann nichtn. ahrard von dem hab er eierten
1747 2991 2844 3147 Zelleingenommen und auß gebende als er
1762 3094 2225 3231 vietod angeben
1582 3141 1696 3269 d.
1748 3173 2888 3340 Klein, dan Richts, habe die anfriestige wahrheit
1767 3284 2878 3443 gesagt, sye ihme gantzlich leyb und bätte eine
1762 3374 2879 3526 hoge Landes obrigenerumb verzeichung ennd umb
1766 3467 2330 3581 eine gnädige artheil
1688 3525 2482 3697 Gete hiemit daß saamen.
1764 3638 2876 3793 zi hie vorgemeldt angegebene dicht kheit statt gelt
2150 3745 2204 3814 der
1770 3736 2857 3872 darunder 1. Thun undt Ralienische keht sind in
