3024 4032
61 196 214 311 146.
465 238 1261 395 Elsbett Wermülli
243 431 1450 626 n. Er habe jr den zun gehabt, den khofen
333 585 1430 728 zuo nemmen und äschen auf den huss
338 683 734 817 zu stronen.
274 848 362 954 N.
382 854 1332 1036 damit man den fhuss nicht sehe
328 1021 1389 1210 puoliert: hiemit habe es in die seche
336 1139 917 1317 verborgen wollen.
274 1345 1430 1504 Als habe nur den thuß vollen daben
260 1532 1425 1685 eidt es dann noch langnen konne, daß er
335 1635 1414 1782 richt seine Geriss verborgen wollen.
260 1801 1245 1994 ails habe nicht daran gedenket.
249 2010 1385 2157 h. Ob den richt bahr, daß es das kind
319 2128 1398 2282 in den stall getragen und muoter das
317 2216 1391 2350 strohn gethan, damit es verborgen
309 2309 1419 2485 bribe und es solches heimlich vergraben
316 2441 476 2558 foren.
203 2586 1410 2761 A. Er habe bohl geghandt, daß man das kind
311 2705 1411 2857 bohl finden berde, Es seye bahr berichen
307 2785 1411 2937 es kein leben an demselben geschühren
301 2891 1447 3048 daß es solches heimlich vergrabenlolten,
259 3089 1397 3242 Jnolirt, Es solle doch in sich selbsten gehanen
263 3154 1398 3358 seiner Seeten verschonen und die war¬
277 3284 1424 3481 theit gestehen, ob es nit die schlangerschafften
282 3373 1372 3537 verfangnet, heimlich Riederkommen, die
270 3462 1375 3621 Rätelschnur nicht gebunden, das kind
1241 3626 1360 3690 221
1917 239 2626 428 Elsbett Wermülli
2786 278 2908 378 191
1833 441 2897 637 in den stall getragen verborgen
1826 545 2899 727 und alles verschlingen, ob es das
1834 642 2909 810 alles nicht mit versetz gethan, das kind
1825 735 2539 897 ab der walt zu schalden
1747 925 2923 1111 N. kein, es habe daran Riemalen gedenbeden
1749 1119 2887 1288 H. Wo er die nachgeburth hingethan habe.
1757 1342 2880 1499 Ndin einem fürtuoch sunter den trog,
1813 1445 2346 1586 auf dem Laubli.
1845 1658 2763 1799 wessenbegen es solche verborgen:
1724 1658 1824 1778 s
1758 1855 2904 2036 bils habe gefürchtet die kunde möchten
1809 1984 2272 2127 selbige fressen.
1770 2173 2887 2326 hrn wessenbegen es dan nicht geforchtet,
1829 2264 2922 2423 daß die hunde das kindfrasen möchtennd
1749 2471 2926 2628 N. Sieseyend nur auch das läübli gekommen,
1825 2586 2718 2734 Des habe drünten keine gesehen.
1745 2773 2922 2935 ? Ober seine schwangerschafft, dem vatter
1835 2880 2917 3029 dess kinds nicht angezeiget, der sonsten
1827 2989 2082 3088 gemand.
1766 3138 2873 3267 K. Raini as bisen nicht so der vatter
1809 3259 2893 3403 säye, es habe denselben nicht mehr
1818 3354 2359 3489 erfragen können.
2718 3493 2938 3637 * gassen
