3024 4032
92 201 222 302 182.
641 206 1129 400 Hans Kurri
434 339 1493 529 geredt, dass sie ihne ohne einiche an¬
423 440 1494 681 und angegrieffen, auch ihne geschlagen,
427 547 1451 737 unnd ihne so gehalten, daß leie berne
413 682 1459 854 er gehöllt, er doch nicht handte ent¬
421 769 1454 970 glichen können, dahero er ihnen
423 905 1498 1095 angehalten, ihne doch gehan zu lassen
424 1021 1471 1191 auch dreymalen landt im hulfher
417 1124 1482 1320 geruffen und ihnen recht dargeschlagen
411 1237 1447 1411 zigen sagend, er sölle sich lehren, die
424 1352 1464 1523 er konne, weilen er aber nicht hulfen
428 1472 1430 1631 erschreren, noch loos werden können,
418 1603 1478 1763 habe er in dem zorn kein hocher Marsdor
411 1715 1481 1896 ergrietten und sich gelehrt, auß forcht
410 1837 1380 1996 sie möchtind ihne selbstan zu Tod
400 1965 1451 2124 gschloronni dahero das grosse ingliche
413 2046 1414 2238 entstanden, welches ihme herzlichen
402 2189 1435 2356 Leid seye er gredt hochen müthigst
404 2323 1453 2482 bidtende zu behertzigenn, daß er beren
405 2449 1410 2607 finsterer nacht von Zlorgen, ihme
404 2572 1392 2693 dommachen inbekanten maneren
400 2680 1395 2843 Hartangeoriessen, und zuo einer
399 2776 1465 2968 sölchen rothloehr gezloungen worden,
387 2912 1445 3111 söin sigen leben zu garten diesen
391 3059 1395 3214 und das linladen der jeinigen
386 3150 1473 3329 habe ihne veranlasset, sein Vatter
402 3303 1465 3452 land leider zuo suchem sich selbsten
396 3416 1475 3608 in er gerden bande zuo Condiluwen
2107 304 2551 464 Hans Kuerri
2804 378 2912 461 183.
1883 435 2915 595 sich durchauß dero Molt gehrichenn
1891 542 2924 705 gnad und barmhertzigkeit getrosenden
1896 655 2820 829 Actum den 14. january 1541.
2057 890 2466 1077 Artheil
1897 1069 2892 1260 Wir Schuldtheiss raht und
1905 1196 2930 1342 burgere der statt Bern erkunden
1903 1275 2938 1401 himnit. Demnach und von missenn
1908 1341 2918 1470 Ambtsman zu Feimmisburgen die be:
1902 1428 2886 1547 trubte nachricht eingekommen, sie
1908 1498 2907 1647 daß in der nacht Geuschen dem 16.
1913 1575 2830 1692 und H Juny gan. der Bendichte
1907 1633 2932 1753 Bucher von Hanst Bürri von Sulge
1901 1693 2881 1832 hart verbundet, und bald darauf
1912 1787 2893 1944 purstorben, der Rodolff Bucher
1903 1867 2859 2002 aber an sinem ampfangennn
1903 1922 2881 2081 sünden gefährlich darminder
1908 2000 2914 2164 linge, worauf wir der sachen
1904 2081 2906 2231 hergangen hint halber also bald
1916 2176 2940 2321 die nötige information habenn
1923 2247 2961 2388 aufminin laßen, ouch niren
1915 2332 2956 2468 ambtlenthuon befohlen, dem fluch¬
1916 2408 2905 2567 tigen thater auf betrubten zuo
1917 2498 2885 2638 behändigen, da sich nun der
1910 2567 2933 2753 todschlager Hanß Bürri fery
1919 2673 2933 2798 billiget in nine gefangen¬
1908 2730 2905 2906 schaft anngestellt, mit ihme
1922 2818 2888 2988 goun Samina gehalten, und
1919 2898 2952 3048 diesmüge personen, hosen diesen
1917 2981 2925 3136 sach minnge sinschaft gehabt,
1918 3056 2960 3214 anhare berufnn, ihre aussagnn
1917 3137 2908 3286 fürnommen, sie mit dem an¬
1914 3233 2972 3393 thater confrontiert mid bey denn
1917 3310 2906 3466 darauf gehaltennnn landtag,
1942 3390 2977 3544 so bohl obignsaiminal procedier
1931 3473 2959 3626 als daß ingmeiten durch zunfür
1923 3570 2923 3709 schuld heiss Tharuer beschahnne
1928 3648 2833 3777 verantwortung, angehört:
