<?xml version="1.0" encoding="UTF-8" standalone="yes"?>
<PcGts xmlns="http://schema.primaresearch.org/PAGE/gts/pagecontent/2013-07-15" xmlns:xsi="http://www.w3.org/2001/XMLSchema-instance" xsi:schemaLocation="http://schema.primaresearch.org/PAGE/gts/pagecontent/2013-07-15 http://schema.primaresearch.org/PAGE/gts/pagecontent/2013-07-15/pagecontent.xsd">
    <Metadata>
        <Creator>prov=University of Rostock/Institute of Mathematics/CITlab|PLANET AI GmbH/Gundram Leifert/gundram.leifert@planet-ai.de:name=Turmbücher 1(htr_id=38546)::::v=2.6.7
prov=University of Rostock/Institute of Mathematics/CITlab|PLANET AI GmbH/Tobias Gruening/tobias.gruening@planet-ai.de:name=de.uros.citlab.module.baseline2polygon.B2PSeamMultiOriented:v=2.6.7
prov=University of Rostock/Institute of Mathematics/CITlab|PLANET AI GmbH/Gundram Leifert/gundram.leifert@planet-ai.de:name=German_Kurrent_XVI-XVIII_M1(htr_id=19584)::::v=2.6.7
prov=University of Rostock/Institute of Mathematics/CITlab|PLANET AI GmbH/Tobias Gruening/tobias.gruening@planet-ai.de:name=de.uros.citlab.module.baseline2polygon.B2PSeamMultiOriented:v=2.6.7
prov=University of Rostock/Institute of Mathematics/CITlab|PLANET AI GmbH/Tobias Gruening/tobias.gruening@planet-ai.de:name=/net_tf/LA73_249_0mod360.pb:de.uros.citlab.segmentation.CITlab_LA_ML:v=2.6.6
prov=University of Rostock/Institute of Mathematics/CITlab|PLANET AI GmbH/Tobias Gruening/tobias.gruening@planet-ai.de:name=/net_tf/LA73_249_0mod360.pb:de.uros.citlab.segmentation.CITlab_LA_ML:v=2.6.6
Transkribus</Creator>
        <Created>2020-11-29T17:15:38.856+01:00</Created>
        <LastChange>2022-09-09T14:46:15.777+02:00</LastChange>
        <TranskribusMetadata docId="1334848" pageId="52363411" pageNr="172" tsid="114645399" status="IN_PROGRESS" userId="9570" imgUrl="https://files.transkribus.eu/Get?id=GYCGQVVCMWETDAERLBABSJUT&amp;fileType=view" xmlUrl="https://files.transkribus.eu/Get?id=IINGIBFBHHYPXTHPUAJKJSYU" imageId="17819592"/>
    </Metadata>
    <Page imageFilename="IMG_4724.jpg" imageWidth="3024" imageHeight="4032">
        <ReadingOrder>
            <OrderedGroup id="ro_1687513646705" caption="Regions reading order">
                <RegionRefIndexed index="0" regionRef="r1"/>
                <RegionRefIndexed index="1" regionRef="r2"/>
                <RegionRefIndexed index="2" regionRef="r3"/>
                <RegionRefIndexed index="3" regionRef="r4"/>
            </OrderedGroup>
        </ReadingOrder>
        <TextRegion orientation="0.0" id="r1" custom="readingOrder {index:0;}">
            <Coords points="39,3443 39,3599 236,3599 236,3443"/>
            <TextLine id="r1l1" custom="readingOrder {index:0;}">
                <Coords points="31,3556 64,3572 106,3554 152,3597 167,3599 186,3599 218,3577 243,3580 246,3458 204,3471 194,3460 163,3463 86,3406 34,3407"/>
                <Baseline points="39,3549 67,3545 95,3543 123,3545 151,3546 179,3548 207,3549 236,3548"/>
                <TextEquiv>
                    <Unicode>ban by</Unicode>
                </TextEquiv>
            </TextLine>
            <TextEquiv>
                <Unicode>ban by</Unicode>
            </TextEquiv>
        </TextRegion>
        <TextRegion orientation="0.0" id="r2" custom="readingOrder {index:1;}">
            <Coords points="275,3532 275,3591 311,3591 311,3532"/>
            <TextLine id="r2l1" custom="readingOrder {index:0;}">
                <Coords points="267,3558 278,3556 283,3558 304,3551 319,3553 319,3472 305,3472 302,3469 299,3471 294,3466 290,3467 280,3457 267,3457"/>
                <Baseline points="275,3552 311,3552"/>
                <TextEquiv>
                    <Unicode>sin</Unicode>
                </TextEquiv>
            </TextLine>
            <TextLine id="r2l2" custom="readingOrder {index:1;}">
                <Coords points="267,3603 275,3606 275,3608 288,3608 298,3614 324,3552 316,3549 309,3552 306,3550 295,3553 288,3550"/>
                <Baseline points="288,3575 303,3581"/>
                <TextEquiv>
                    <Unicode>2</Unicode>
                </TextEquiv>
            </TextLine>
            <TextEquiv>
                <Unicode>sin
2</Unicode>
            </TextEquiv>
        </TextRegion>
        <TextRegion orientation="0.0" id="r3" custom="readingOrder {index:2;}">
            <Coords points="90,0 90,3714 1497,3714 1497,0"/>
            <TextLine id="r3l1" custom="readingOrder {index:0;}">
                <Coords points="135,81 164,87 188,65 201,74 221,65 255,69 282,48 306,55 307,-9 282,-9 265,7 234,-19 164,33 137,30"/>
                <Baseline points="144,44 169,46 195,47 220,47 246,47 271,48 297,50"/>
                <TextEquiv>
                    <Unicode>68</Unicode>
                </TextEquiv>
            </TextLine>
            <TextLine id="r3l2" custom="readingOrder {index:1;} person {offset:0; length:13; continued:true;}">
                <Coords points="610,151 796,180 914,160 971,211 1005,195 1096,234 1206,166 1233,171 1236,132 1184,134 1153,99 1082,122 996,68 861,108 752,100 695,135 611,135"/>
                <Baseline points="618,152 648,151 678,150 708,151 738,152 768,153 798,155 829,157 859,159 889,162 919,165 949,167 979,171 1009,175 1040,178 1070,182 1100,186 1130,190 1160,194 1190,198 1221,203"/>
                <TextEquiv>
                    <Unicode>Daniel Gratle</Unicode>
                </TextEquiv>
            </TextLine>
            <TextLine id="r3l3" custom="readingOrder {index:2;} person {offset:0; length:6; continued:true;} person {offset:12; length:4;}">
                <Coords points="401,310 494,258 639,245 668,274 787,257 894,341 1053,287 1507,376 1418,268 1310,254 1211,169 1072,263 924,176 832,213 572,131 416,192"/>
                <Baseline points="420,231 473,234 527,237 581,240 635,242 689,246 743,249 796,254 850,257 904,263 958,269 1012,274 1066,282 1120,290 1173,300 1227,310 1281,323 1335,336 1389,351 1443,368 1497,386"/>
                <TextEquiv>
                    <Unicode>schard ihnn Jagi in siner hren</Unicode>
                </TextEquiv>
            </TextLine>
            <TextLine id="r3l4" custom="readingOrder {index:3;} place {offset:8; length:7;}">
                <Coords points="417,345 474,387 553,353 582,388 674,332 961,471 1094,417 1189,498 1297,446 1405,461 1410,414 1253,321 1091,361 982,297 894,341 698,253 644,281 495,260 422,298"/>
                <Baseline points="426,338 474,340 523,343 571,347 620,349 669,353 717,357 766,361 814,366 863,371 912,377 960,383 1009,389 1057,395 1106,402 1155,410 1203,418 1252,427 1300,436 1349,445 1398,453"/>
                <TextEquiv>
                    <Unicode>gung zu Müntzen pfath gebenn</Unicode>
                </TextEquiv>
            </TextLine>
            <TextLine id="r3l5" custom="readingOrder {index:4;}">
                <Coords points="432,506 471,494 495,474 525,468 557,477 574,464 639,449 641,380 580,390 567,400 522,357 478,386 434,386"/>
                <Baseline points="441,455 468,455 495,455 522,455 549,455 576,455 603,458 630,461"/>
                <TextEquiv>
                    <Unicode>soldt</Unicode>
                </TextEquiv>
            </TextLine>
            <TextLine id="r3l6" custom="readingOrder {index:5;}">
                <Coords points="284,587 1027,615 1084,658 1162,631 1439,685 1448,581 1359,541 1213,624 949,590 694,482 563,501 518,468 400,545 292,500"/>
                <Baseline points="294,570 350,573 407,576 464,579 521,581 578,585 635,587 691,591 748,595 805,599 862,603 919,608 976,613 1033,619 1089,625 1146,632 1203,641 1260,650 1317,659 1374,669 1431,681"/>
                <TextEquiv>
                    <Unicode>. Nein sindere er in genentheil</Unicode>
                </TextEquiv>
            </TextLine>
            <TextLine id="r3l7" custom="readingOrder {index:6;}">
                <Coords points="421,731 490,685 773,698 939,801 1150,724 1465,792 1473,714 1162,630 1091,651 1008,616 947,656 798,613 700,648 607,581 433,605"/>
                <Baseline points="435,675 486,678 537,681 588,686 639,688 690,692 741,695 793,699 844,702 895,705 946,709 997,713 1048,718 1099,723 1151,729 1202,735 1253,743 1304,750 1355,760 1406,770 1458,782"/>
                <TextEquiv>
                    <Unicode>haben der bithlathird und leinen</Unicode>
                </TextEquiv>
            </TextLine>
            <TextLine id="r3l8" custom="readingOrder {index:7;}">
                <Coords points="399,816 572,796 635,857 703,800 888,822 932,865 1120,831 1213,906 1375,862 1465,892 1468,848 1162,732 1015,794 892,791 765,728 666,740 563,689 405,739"/>
                <Baseline points="410,791 462,791 514,792 567,794 619,796 672,798 724,801 776,804 829,807 881,810 934,814 986,819 1038,824 1091,829 1143,834 1196,841 1248,847 1300,855 1353,862 1405,869 1458,878"/>
                <TextEquiv>
                    <Unicode>kkandt ihnne solcher zum bscheren</Unicode>
                </TextEquiv>
            </TextLine>
            <TextLine id="r3l9" custom="readingOrder {index:8;}">
                <Coords points="410,979 512,930 555,963 604,934 698,943 806,917 834,939 855,921 900,929 938,958 940,834 805,824 772,852 664,880 641,858 540,869 453,797 414,816"/>
                <Baseline points="420,909 445,908 471,908 496,908 522,908 547,908 573,908 598,908 624,908 649,908 675,909 700,909 726,911 751,912 777,912 802,914 828,915 853,915 879,917 904,918 930,918"/>
                <TextEquiv>
                    <Unicode>aproponiett.</Unicode>
                </TextEquiv>
            </TextLine>
            <TextLine id="r3l10" custom="readingOrder {index:9;} person {offset:0; length:14;}">
                <Coords points="383,1180 612,1111 746,1162 806,1110 1145,1123 1329,1204 1436,1155 1438,1064 1319,1025 1249,1062 1153,1026 944,1042 780,978 656,1024 565,967 505,1013 388,1016"/>
                <Baseline points="393,1118 444,1115 496,1113 548,1112 600,1110 651,1109 703,1109 755,1109 807,1109 858,1110 910,1110 962,1112 1014,1115 1065,1117 1117,1120 1169,1123 1221,1127 1272,1131 1324,1137 1376,1142 1428,1148"/>
                <TextEquiv>
                    <Unicode>Gieranss burde der seitsch</Unicode>
                </TextEquiv>
            </TextLine>
            <TextLine id="r3l11" custom="readingOrder {index:10;}">
                <Coords points="339,1280 508,1205 796,1226 869,1284 959,1221 1141,1297 1236,1233 1468,1268 1471,1185 1305,1219 1163,1172 1059,1198 958,1123 880,1159 784,1143 710,1195 528,1097 344,1148"/>
                <Baseline points="350,1203 405,1205 461,1208 516,1209 572,1211 627,1211 683,1212 738,1214 794,1215 849,1217 905,1218 960,1220 1016,1221 1071,1224 1127,1227 1182,1231 1238,1235 1293,1239 1349,1246 1404,1252 1460,1260"/>
                <TextEquiv>
                    <Unicode>it fraed aber hiernach gemaldte</Unicode>
                </TextEquiv>
            </TextLine>
            <TextLine id="r3l12" custom="readingOrder {index:11;} person {offset:19; length:7;}">
                <Coords points="408,1341 749,1327 811,1389 879,1345 1257,1345 1365,1416 1453,1410 1457,1281 1387,1255 1329,1290 1237,1234 1137,1303 979,1222 849,1290 608,1217 411,1244"/>
                <Baseline points="417,1307 468,1310 519,1311 571,1313 622,1315 674,1316 725,1317 777,1317 828,1319 880,1319 931,1320 982,1320 1034,1322 1085,1323 1137,1325 1188,1328 1240,1331 1291,1334 1343,1339 1394,1346 1446,1350"/>
                <TextEquiv>
                    <Unicode>Annstand gegen dem Bratsly </Unicode>
                </TextEquiv>
            </TextLine>
            <TextLine id="r3l13" custom="readingOrder {index:12;}">
                <Coords points="411,1491 491,1463 518,1491 545,1492 651,1440 683,1455 762,1441 810,1461 839,1440 852,1454 883,1445 885,1368 765,1391 731,1359 681,1386 595,1353 524,1374 479,1332 416,1343"/>
                <Baseline points="422,1428 447,1428 472,1427 497,1427 522,1427 547,1428 573,1428 598,1430 623,1431 648,1433 673,1434 698,1435 724,1436 749,1437 774,1437 799,1439 824,1439 849,1439 875,1439"/>
                <TextEquiv>
                    <Unicode>honfrontiert</Unicode>
                </TextEquiv>
            </TextLine>
            <TextLine id="r3l14" custom="readingOrder {index:13;}">
                <Coords points="80,1561 106,1555 138,1577 230,1549 262,1561 306,1609 327,1597 371,1610 381,1449 337,1463 308,1488 211,1403 147,1404 108,1432 89,1422"/>
                <Baseline points="90,1535 115,1537 140,1539 165,1540 190,1542 215,1544 240,1544 265,1546 290,1548 315,1550 340,1551 366,1553"/>
                <TextEquiv>
                    <Unicode>ir den Bruns</Unicode>
                </TextEquiv>
            </TextLine>
            <TextLine id="r3l15" custom="readingOrder {index:14;}">
                <Coords points="425,1630 504,1635 623,1560 674,1602 725,1570 951,1584 990,1627 1157,1595 1185,1626 1427,1629 1429,1594 1295,1569 1229,1514 1157,1564 1062,1495 967,1548 841,1485 722,1535 565,1489 433,1503"/>
                <Baseline points="437,1569 486,1569 535,1569 584,1569 633,1571 682,1574 731,1575 780,1578 829,1581 878,1585 928,1588 977,1592 1026,1595 1075,1599 1124,1602 1173,1607 1222,1611 1271,1614 1320,1619 1369,1621 1419,1623"/>
                <TextEquiv>
                    <Unicode>b habe in sinem bystan Decemiro</Unicode>
                </TextEquiv>
            </TextLine>
            <TextLine id="r3l16" custom="readingOrder {index:15;} person {offset:16; length:11;}">
                <Coords points="414,1649 556,1718 724,1658 846,1669 902,1719 1078,1665 1323,1708 1350,1663 1158,1596 991,1628 948,1584 915,1607 648,1580 592,1622 498,1581 452,1619 416,1600"/>
                <Baseline points="423,1640 468,1641 514,1644 560,1646 606,1648 652,1652 698,1654 744,1657 790,1659 836,1661 882,1665 927,1668 973,1670 1019,1672 1065,1676 1111,1679 1157,1682 1203,1684 1249,1686 1295,1688 1341,1691"/>
                <TextEquiv>
                    <Unicode>laußgesagt, das richtschard habe den</Unicode>
                </TextEquiv>
            </TextLine>
            <TextLine id="r3l17" custom="readingOrder {index:16;} person {offset:16; length:6;}">
                <Coords points="374,1749 453,1742 512,1790 590,1753 1156,1768 1242,1829 1308,1776 1396,1791 1399,1717 1360,1697 1238,1726 1186,1685 1085,1735 828,1678 657,1678 605,1723 498,1715 431,1664 377,1682"/>
                <Baseline points="383,1733 433,1737 483,1741 533,1744 584,1747 634,1749 684,1751 735,1754 785,1755 835,1757 886,1758 936,1760 986,1761 1036,1763 1087,1764 1137,1766 1187,1768 1238,1770 1288,1773 1338,1776 1389,1781"/>
                <TextEquiv>
                    <Unicode>ouch sin schmed müller für die ersten</Unicode>
                </TextEquiv>
            </TextLine>
            <TextLine id="r3l18" custom="readingOrder {index:17;}">
                <Coords points="362,1833 517,1870 620,1835 691,1884 786,1834 940,1850 984,1895 1080,1847 1322,1898 1465,1875 1467,1813 1310,1777 1231,1832 1167,1769 591,1753 534,1802 453,1743 364,1772"/>
                <Baseline points="371,1824 425,1828 479,1833 533,1835 588,1838 642,1839 696,1841 751,1842 805,1842 859,1844 914,1844 968,1844 1022,1845 1076,1846 1131,1847 1185,1849 1239,1851 1294,1854 1348,1857 1402,1862 1457,1866"/>
                <TextEquiv>
                    <Unicode>stempfel Weyt thaler und für die anderen vilen</Unicode>
                </TextEquiv>
            </TextLine>
            <TextLine id="r3l19" custom="readingOrder {index:18;}">
                <Coords points="387,1986 529,1924 640,1990 752,1934 810,1959 854,1933 1007,1994 1072,1944 1155,1976 1215,1938 1366,1941 1389,1870 1311,1915 1221,1868 1073,1864 1014,1913 928,1846 827,1868 785,1833 699,1885 611,1843 518,1870 389,1848"/>
                <Baseline points="396,1910 445,1916 494,1920 543,1923 592,1926 641,1928 690,1930 740,1931 789,1932 838,1932 887,1932 936,1932 985,1932 1034,1932 1084,1932 1133,1932 1182,1932 1231,1932 1280,1932 1329,1934 1379,1935"/>
                <TextEquiv>
                    <Unicode>behallt, ob er onoch dar auch beharren,</Unicode>
                </TextEquiv>
            </TextLine>
            <TextLine id="r3l20" custom="readingOrder {index:19;}">
                <Coords points="276,2059 394,2089 490,2031 629,2031 776,2076 884,2036 1039,2077 1132,2039 1290,2048 1357,2116 1456,2054 1459,1939 1241,1988 1106,1961 1007,2016 867,1937 819,1969 741,1937 658,2005 532,1942 410,1989 353,1940 278,1972"/>
                <Baseline points="285,2015 343,2019 401,2022 459,2025 517,2027 575,2030 633,2031 692,2033 750,2033 808,2034 866,2036 924,2036 982,2037 1040,2037 1099,2039 1157,2040 1215,2042 1273,2045 1331,2046 1389,2050 1448,2054"/>
                <TextEquiv>
                    <Unicode>d er könne ist sigen ob der brot schan</Unicode>
                </TextEquiv>
            </TextLine>
            <TextLine id="r3l21" custom="readingOrder {index:20;} person {offset:5; length:6;}">
                <Coords points="374,2167 477,2130 844,2141 914,2189 996,2134 1094,2182 1249,2137 1420,2152 1421,2104 1354,2111 1290,2049 1072,2106 1018,2059 965,2083 885,2041 777,2080 629,2038 569,2091 493,2035 376,2084"/>
                <Baseline points="384,2120 435,2121 486,2123 538,2124 589,2125 641,2126 692,2127 743,2128 795,2129 846,2130 898,2130 949,2132 1000,2133 1052,2134 1103,2135 1155,2136 1206,2139 1257,2139 1309,2142 1360,2145 1412,2147"/>
                <TextEquiv>
                    <Unicode>odem Müller die gebenen 3. kell an</Unicode>
                </TextEquiv>
            </TextLine>
            <TextLine id="r3l22" custom="readingOrder {index:21;}">
                <Coords points="1419,2154 1436,2154 1443,2152 1453,2161 1461,2152 1469,2152 1469,2117 1456,2117 1451,2114 1446,2114 1441,2119 1434,2117 1419,2119"/>
                <Baseline points="1428,2148 1461,2148"/>
                <TextEquiv>
                    <Unicode>E</Unicode>
                </TextEquiv>
            </TextLine>
            <TextLine id="r3l23" custom="readingOrder {index:22;}">
                <Coords points="366,2226 457,2213 598,2266 763,2233 910,2293 1022,2236 1467,2231 1402,2166 1323,2200 1248,2136 1165,2204 1060,2150 1009,2191 914,2191 844,2141 664,2188 453,2129 367,2166"/>
                <Baseline points="374,2217 428,2217 482,2219 536,2220 590,2221 645,2223 699,2225 753,2226 807,2228 861,2229 916,2231 970,2232 1024,2234 1078,2234 1132,2235 1187,2235 1241,2235 1295,2235 1349,2234 1403,2232 1458,2231"/>
                <TextEquiv>
                    <Unicode>bezahlung der stämpflen geben, oder</Unicode>
                </TextEquiv>
            </TextLine>
            <TextLine id="r3l24" custom="readingOrder {index:23;}">
                <Coords points="387,2329 473,2376 593,2303 826,2342 1070,2320 1119,2356 1284,2321 1383,2353 1454,2332 1455,2257 1322,2245 1263,2279 1024,2241 906,2291 829,2258 515,2267 452,2212 388,2235"/>
                <Baseline points="395,2307 447,2307 500,2307 552,2307 605,2307 657,2308 710,2309 762,2310 815,2310 867,2312 920,2313 972,2315 1025,2316 1077,2316 1130,2318 1182,2318 1235,2318 1287,2318 1340,2318 1392,2318 1445,2316"/>
                <TextEquiv>
                    <Unicode>über sie ihne nur angehöhet habe, wahr sich</Unicode>
                </TextEquiv>
            </TextLine>
            <TextLine id="r3l25" custom="readingOrder {index:24;} person {offset:11; length:6;}">
                <Coords points="375,2407 497,2444 583,2414 1030,2457 1207,2428 1272,2465 1363,2414 1445,2418 1340,2332 1211,2329 1137,2377 985,2319 898,2402 805,2340 682,2344 601,2303 478,2378 375,2377"/>
                <Baseline points="383,2405 435,2405 488,2407 541,2408 593,2410 646,2411 699,2412 751,2414 804,2415 857,2417 910,2417 962,2418 1015,2418 1068,2418 1120,2418 1173,2418 1226,2417 1278,2415 1331,2414 1384,2412 1437,2409"/>
                <TextEquiv>
                    <Unicode>es daß der Müller versprochen habe, so hane</Unicode>
                </TextEquiv>
            </TextLine>
            <TextLine id="r3l26" custom="readingOrder {index:25;} place {offset:9; length:9;} person {offset:23; length:4;}">
                <Coords points="353,2566 651,2504 897,2564 1164,2533 1234,2582 1316,2512 1427,2519 1428,2436 1323,2480 1107,2440 1045,2480 1008,2443 850,2453 758,2417 698,2454 354,2443"/>
                <Baseline points="362,2505 414,2504 467,2502 520,2502 573,2502 626,2502 679,2504 731,2505 784,2506 837,2508 890,2508 943,2510 996,2511 1049,2511 1101,2511 1154,2511 1207,2511 1260,2510 1313,2507 1366,2505 1419,2501"/>
                <TextEquiv>
                    <Unicode>khabe zu Kralluarn, Er Jagi habe gegeantt.</Unicode>
                </TextEquiv>
            </TextLine>
            <TextLine id="r3l27" custom="readingOrder {index:26;}">
                <Coords points="356,2653 774,2610 955,2669 1006,2625 1222,2649 1294,2602 1417,2601 1417,2550 1318,2513 1244,2579 1148,2592 1002,2535 898,2580 821,2529 747,2559 689,2532 596,2583 474,2579 422,2540 356,2564"/>
                <Baseline points="365,2607 417,2604 469,2603 521,2603 573,2603 626,2603 678,2603 730,2603 782,2604 834,2606 887,2606 939,2607 991,2608 1043,2609 1095,2609 1148,2609 1200,2607 1252,2606 1304,2604 1356,2601 1409,2597"/>
                <TextEquiv>
                    <Unicode>eysein an bezahlung geschehen, ansehend</Unicode>
                </TextEquiv>
            </TextLine>
            <TextLine id="r3l28" custom="readingOrder {index:27;}">
                <Coords points="220,2629 230,2627 240,2634 248,2627 253,2630 262,2625 275,2634 285,2625 297,2625 297,2540 289,2540 275,2548 243,2520 231,2525 220,2523"/>
                <Baseline points="228,2610 258,2609 288,2610"/>
                <TextEquiv>
                    <Unicode>1.</Unicode>
                </TextEquiv>
            </TextLine>
            <TextLine id="r3l29" custom="readingOrder {index:28;}">
                <Coords points="357,2700 538,2699 667,2755 831,2700 933,2756 1019,2703 1257,2702 1366,2752 1408,2711 1469,2728 1469,2635 1410,2613 1360,2655 1296,2601 1200,2670 1093,2621 954,2669 835,2623 535,2617 357,2677"/>
                <Baseline points="365,2696 419,2696 474,2696 529,2696 584,2697 638,2697 693,2699 748,2700 803,2700 857,2702 912,2702 967,2703 1022,2703 1076,2703 1131,2703 1186,2702 1241,2702 1295,2700 1350,2699 1405,2696 1460,2693"/>
                <TextEquiv>
                    <Unicode>aber die 3. Wißglaubehen, solche stinn ihnen</Unicode>
                </TextEquiv>
            </TextLine>
            <TextLine id="r3l30" custom="readingOrder {index:29;} person {offset:0; length:6;}">
                <Coords points="311,2815 766,2794 887,2835 970,2799 1105,2859 1182,2805 1311,2858 1448,2787 1448,2745 1307,2749 1194,2699 1023,2702 935,2756 799,2705 748,2749 701,2720 643,2776 482,2708 311,2739"/>
                <Baseline points="320,2793 376,2793 432,2793 488,2793 544,2793 600,2793 656,2793 712,2793 768,2793 824,2793 880,2793 936,2793 992,2793 1048,2793 1104,2792 1160,2792 1216,2790 1272,2789 1328,2787 1384,2786 1440,2784"/>
                <TextEquiv>
                    <Unicode>Müller an Habschlag der baten sung gegen</Unicode>
                </TextEquiv>
            </TextLine>
            <TextLine id="r3l31" custom="readingOrder {index:30;} place {offset:4; length:8;}">
                <Coords points="310,2911 370,2891 405,2905 445,2882 560,2914 614,2889 659,2910 688,2892 712,2905 740,2885 814,2887 811,2793 670,2825 619,2798 537,2828 507,2813 472,2841 400,2825 308,2864"/>
                <Baseline points="317,2894 342,2893 368,2891 394,2889 419,2889 445,2887 471,2886 497,2886 522,2885 548,2885 574,2885 600,2883 625,2883 651,2883 677,2882 703,2882 728,2880 754,2880 780,2879 806,2877"/>
                <TextEquiv>
                    <Unicode>ben Berberdt und in</Unicode>
                </TextEquiv>
            </TextLine>
            <TextLine id="r3l32" custom="readingOrder {index:31;} place {offset:0; length:11;}">
                <Coords points="301,3069 440,3019 533,3081 624,3022 739,3049 954,3000 1057,3061 1139,3003 1439,3007 1438,2923 1299,2942 1135,2860 972,2970 872,2980 784,2917 725,2945 621,2897 436,2891 299,2945"/>
                <Baseline points="308,3011 364,3012 420,3012 476,3012 532,3012 588,3012 644,3012 701,3012 757,3011 813,3011 869,3009 925,3009 981,3008 1037,3006 1094,3005 1150,3004 1206,3003 1262,3002 1318,3000 1374,2999 1431,2997"/>
                <TextEquiv>
                    <Unicode>Gelitschard iar gegen erlorent mit</Unicode>
                </TextEquiv>
            </TextLine>
            <TextLine id="r3l33" custom="readingOrder {index:32;}">
                <Coords points="316,3145 1064,3085 1145,3138 1192,3096 1432,3086 1458,3011 1139,3004 1059,3062 1005,3015 761,3056 606,3034 542,3085 408,3027 314,3080"/>
                <Baseline points="324,3114 380,3114 436,3111 493,3110 549,3108 606,3107 662,3106 718,3105 775,3104 831,3102 888,3101 944,3099 1000,3098 1057,3095 1113,3093 1170,3091 1226,3089 1282,3086 1339,3083 1395,3080 1452,3077"/>
                <TextEquiv>
                    <Unicode>syner auß ang nit be dariten er habe die inen</Unicode>
                </TextEquiv>
            </TextLine>
            <TextLine id="r3l34" custom="readingOrder {index:33;} person {offset:4; length:6;}">
                <Coords points="334,3236 506,3200 1000,3196 1048,3229 1128,3188 1167,3216 1430,3187 1441,3089 1333,3135 1193,3096 1142,3139 1063,3086 837,3175 656,3118 428,3118 332,3179"/>
                <Baseline points="342,3203 396,3200 451,3197 505,3197 560,3195 615,3195 669,3194 724,3194 778,3194 833,3194 888,3194 942,3194 997,3193 1051,3192 1106,3191 1161,3189 1215,3186 1270,3182 1324,3177 1379,3172 1434,3165"/>
                <TextEquiv>
                    <Unicode>dem Müller nur entlehrt, die kronen.</Unicode>
                </TextEquiv>
            </TextLine>
            <TextLine id="r3l35" custom="readingOrder {index:34;}">
                <Coords points="336,3337 411,3294 624,3292 765,3345 946,3300 1043,3299 1094,3340 1142,3291 1287,3303 1409,3265 1408,3225 1332,3192 1249,3253 1134,3197 1070,3247 816,3192 652,3241 526,3204 335,3243"/>
                <Baseline points="344,3293 396,3291 449,3290 502,3289 555,3288 608,3290 660,3290 713,3290 766,3291 819,3291 872,3293 924,3293 977,3293 1030,3293 1083,3291 1136,3290 1188,3287 1241,3284 1294,3280 1347,3274 1400,3269"/>
                <TextEquiv>
                    <Unicode>aber haber kesilhand demselben für</Unicode>
                </TextEquiv>
            </TextLine>
            <TextLine id="r3l36" custom="readingOrder {index:35;} person {offset:29; length:6;}">
                <Coords points="331,3414 680,3391 764,3425 824,3387 939,3446 1054,3384 1199,3421 1400,3386 1399,3337 1335,3305 1183,3339 1128,3306 1070,3342 945,3300 859,3355 801,3311 767,3345 734,3313 681,3339 590,3292 330,3349"/>
                <Baseline points="339,3398 391,3393 444,3389 496,3386 549,3383 602,3382 654,3381 707,3381 759,3381 812,3381 865,3381 917,3381 970,3383 1022,3383 1075,3383 1128,3381 1180,3380 1233,3378 1285,3376 1338,3373 1391,3368"/>
                <TextEquiv>
                    <Unicode>andere arbeit ohne, daß aber müller</Unicode>
                </TextEquiv>
            </TextLine>
            <TextLine id="r3l37" custom="readingOrder {index:36;}">
                <Coords points="328,3509 403,3483 512,3541 636,3479 774,3504 859,3554 990,3480 1098,3506 1146,3485 1144,3417 1065,3456 990,3423 890,3441 820,3392 764,3426 676,3396 563,3449 501,3400 412,3396 326,3452"/>
                <Baseline points="336,3491 376,3491 416,3489 456,3488 496,3485 536,3483 576,3480 616,3480 656,3477 696,3476 736,3473 776,3471 816,3470 856,3470 896,3470 936,3470 976,3470 1016,3471 1056,3473 1096,3476 1137,3479"/>
                <TextEquiv>
                    <Unicode>atbas geforderet, gegeben.</Unicode>
                </TextEquiv>
            </TextLine>
            <TextLine id="r3l38" custom="readingOrder {index:37;} person {offset:4; length:8;}">
                <Coords points="345,3588 545,3651 631,3614 738,3651 826,3578 1096,3643 1184,3578 1251,3600 1410,3565 1408,3510 1342,3490 1288,3531 1210,3497 1139,3546 983,3498 857,3555 666,3490 597,3492 547,3542 407,3487 343,3511"/>
                <Baseline points="354,3594 406,3591 458,3588 511,3587 563,3585 615,3584 668,3583 720,3582 772,3581 825,3580 877,3579 929,3578 982,3576 1034,3576 1086,3575 1139,3572 1191,3570 1243,3567 1296,3565 1348,3561 1401,3557"/>
                <TextEquiv>
                    <Unicode>der brathsdi habe vorgegeben, die</Unicode>
                </TextEquiv>
            </TextLine>
            <TextLine id="r3l39" custom="readingOrder {index:38;}">
                <Coords points="303,3699 481,3761 565,3726 843,3757 1061,3682 1211,3752 1413,3688 1412,3612 1144,3614 1102,3650 935,3593 881,3629 825,3579 691,3668 629,3616 502,3660 360,3598 302,3625"/>
                <Baseline points="311,3687 365,3689 420,3690 474,3692 529,3692 584,3692 638,3692 693,3690 748,3690 802,3689 857,3688 912,3687 966,3686 1021,3684 1076,3683 1130,3683 1185,3682 1240,3681 1294,3681 1349,3681 1404,3681"/>
                <TextEquiv>
                    <Unicode>nempfel sigen seche schlecht ouch gefallen</Unicode>
                </TextEquiv>
            </TextLine>
            <TextEquiv>
                <Unicode>68
Daniel Gratle
schard ihnn Jagi in siner hren
gung zu Müntzen pfath gebenn
soldt
. Nein sindere er in genentheil
haben der bithlathird und leinen
kkandt ihnne solcher zum bscheren
aproponiett.
Gieranss burde der seitsch
it fraed aber hiernach gemaldte
Annstand gegen dem Bratsly 
honfrontiert
ir den Bruns
b habe in sinem bystan Decemiro
laußgesagt, das richtschard habe den
ouch sin schmed müller für die ersten
stempfel Weyt thaler und für die anderen vilen
behallt, ob er onoch dar auch beharren,
d er könne ist sigen ob der brot schan
odem Müller die gebenen 3. kell an
E
bezahlung der stämpflen geben, oder
über sie ihne nur angehöhet habe, wahr sich
es daß der Müller versprochen habe, so hane
khabe zu Kralluarn, Er Jagi habe gegeantt.
eysein an bezahlung geschehen, ansehend
1.
aber die 3. Wißglaubehen, solche stinn ihnen
Müller an Habschlag der baten sung gegen
ben Berberdt und in
Gelitschard iar gegen erlorent mit
syner auß ang nit be dariten er habe die inen
dem Müller nur entlehrt, die kronen.
aber haber kesilhand demselben für
andere arbeit ohne, daß aber müller
atbas geforderet, gegeben.
der brathsdi habe vorgegeben, die
nempfel sigen seche schlecht ouch gefallen</Unicode>
            </TextEquiv>
        </TextRegion>
        <TextRegion orientation="0.0" id="r4" custom="readingOrder {index:3;}">
            <Coords points="1551,231 1551,3660 2960,3660 2960,231"/>
            <TextLine id="r4l1" custom="readingOrder {index:0;} person {offset:0; length:7;} person {offset:23; length:4; continued:true;}">
                <Coords points="1864,375 2032,303 2175,289 2685,318 2918,287 2917,238 2873,222 2612,239 2401,177 2279,233 2227,196 2044,184 1862,233"/>
                <Baseline points="1872,309 1923,304 1975,300 2027,296 2079,294 2131,294 2183,293 2234,293 2286,293 2338,293 2390,294 2442,294 2494,294 2546,294 2597,294 2649,293 2701,290 2753,288 2805,284 2857,277 2909,270"/>
                <TextEquiv>
                    <Unicode>Gokaneh Richsthatt und Mans</Unicode>
                </TextEquiv>
            </TextLine>
            <TextLine id="r4l2" custom="readingOrder {index:1;} person {offset:0; length:7; continued:true;}">
                <Coords points="2099,372 2149,367 2188,391 2233,381 2295,411 2334,376 2352,387 2382,360 2411,364 2411,305 2382,305 2357,290 2327,298 2307,319 2285,307 2216,337 2184,337 2127,300 2099,302"/>
                <Baseline points="2108,371 2134,373 2161,375 2188,377 2214,377 2241,377 2268,376 2295,375 2321,374 2348,374 2375,374 2402,374"/>
                <TextEquiv>
                    <Unicode>Brathli</Unicode>
                </TextEquiv>
            </TextLine>
            <TextLine id="r4l3" custom="readingOrder {index:2;}">
                <Coords points="1839,521 1949,468 2110,526 2226,471 2462,451 2634,505 2684,457 2825,531 2969,468 2969,366 2751,350 2654,426 2539,357 2382,361 2316,412 1962,351 1838,405"/>
                <Baseline points="1847,470 1902,468 1958,468 2013,467 2069,466 2125,465 2180,464 2236,463 2292,462 2347,461 2403,461 2459,459 2514,459 2570,459 2626,459 2681,461 2737,462 2793,464 2848,465 2904,468 2960,471"/>
                <TextEquiv>
                    <Unicode>Der guttschard aber habe gesagt, so sigen</Unicode>
                </TextEquiv>
            </TextLine>
            <TextLine id="r4l4" custom="readingOrder {index:3;}">
                <Coords points="1850,617 1973,564 2124,603 2288,570 2337,612 2480,557 2558,614 2634,578 2761,642 2954,578 2954,478 2823,531 2684,459 2634,504 2465,450 2357,511 2237,472 2077,529 1948,470 1851,513"/>
                <Baseline points="1859,575 1913,572 1967,570 2021,567 2076,567 2130,566 2184,566 2239,566 2293,566 2347,567 2402,567 2456,569 2510,569 2564,570 2619,570 2673,572 2727,572 2782,572 2836,572 2890,570 2945,569"/>
                <TextEquiv>
                    <Unicode>semlich gut gebesen obsie beydtes</Unicode>
                </TextEquiv>
            </TextLine>
            <TextLine id="r4l5" custom="readingOrder {index:4;}">
                <Coords points="1866,708 1918,672 2050,658 2120,708 2209,651 2260,695 2377,655 2572,691 2639,658 2758,683 2757,614 2593,583 2478,632 2265,585 2117,624 1973,564 1865,624"/>
                <Baseline points="1874,669 1917,666 1961,662 2005,660 2049,658 2093,657 2136,656 2180,654 2224,654 2268,654 2312,654 2355,654 2399,654 2443,654 2487,653 2531,653 2574,653 2618,653 2662,651 2706,650 2750,648"/>
                <TextEquiv>
                    <Unicode>sints brucht ihren aussagen befaren.</Unicode>
                </TextEquiv>
            </TextLine>
            <TextLine id="r4l6" custom="readingOrder {index:5;} person {offset:21; length:8;}">
                <Coords points="1582,803 2213,768 2325,853 2464,773 2677,816 2936,786 2880,701 2520,738 2379,655 2285,711 2203,652 2124,708 1751,672 1582,728"/>
                <Baseline points="1590,791 1656,783 1723,778 1790,773 1857,770 1924,768 1991,765 2057,764 2124,764 2191,764 2258,765 2325,765 2392,767 2459,768 2525,770 2592,771 2659,773 2726,776 2793,777 2860,779 2927,779"/>
                <TextEquiv>
                    <Unicode>id Glasselbs in, die Stempfal seyen übel geachten</Unicode>
                </TextEquiv>
            </TextLine>
            <TextLine id="r4l7" custom="readingOrder {index:6;} person {offset:7; length:7;} person {offset:19; length:13;}">
                <Coords points="1577,914 1709,963 1981,877 2156,941 2244,877 2936,899 2936,857 2786,777 2729,824 2501,804 2342,861 2219,775 2156,820 1847,773 1577,824"/>
                <Baseline points="1586,896 1653,890 1720,884 1787,880 1854,877 1921,875 1988,873 2055,873 2122,873 2189,875 2256,875 2323,876 2390,878 2457,879 2524,881 2591,882 2658,882 2725,884 2792,883 2859,882 2927,881"/>
                <TextEquiv>
                    <Unicode>Daende schardt her Stribe Thomas nun dan by siner ge¬</Unicode>
                </TextEquiv>
            </TextLine>
            <TextLine id="r4l8" custom="readingOrder {index:7;}">
                <Coords points="1861,1037 1944,981 2097,962 2800,998 2906,974 2906,939 2815,889 2712,931 2565,868 2400,906 2241,878 2163,944 2063,938 2018,895 1969,936 1863,919"/>
                <Baseline points="1871,972 1922,969 1973,968 2025,966 2076,965 2127,965 2179,965 2230,965 2281,966 2333,966 2384,968 2435,970 2487,971 2538,972 2589,975 2641,976 2692,978 2743,978 2795,980 2846,980 2898,980"/>
                <TextEquiv>
                    <Unicode>ngebenen anthort mit vermelden,</Unicode>
                </TextEquiv>
            </TextLine>
            <TextLine id="r4l9" custom="readingOrder {index:8;}">
                <Coords points="1857,1141 2162,1074 2430,1138 2514,1066 2779,1070 2837,1113 2924,1090 2922,967 2792,1025 2748,989 2610,1014 2551,978 2419,1017 2324,965 2241,1019 2160,971 2097,1008 1941,995 1856,1053"/>
                <Baseline points="1865,1085 1917,1082 1970,1080 2022,1078 2075,1076 2127,1073 2180,1071 2232,1068 2285,1067 2337,1065 2390,1064 2442,1062 2495,1062 2547,1061 2600,1061 2652,1062 2705,1062 2757,1065 2810,1067 2862,1070 2915,1073"/>
                <TextEquiv>
                    <Unicode>es verstehe sich nicht solohl daran v</Unicode>
                </TextEquiv>
            </TextLine>
            <TextLine id="r4l10" custom="readingOrder {index:9;}">
                <Coords points="1883,1187 2152,1185 2205,1230 2346,1172 2432,1210 2502,1172 2626,1166 2742,1213 2923,1182 2923,1142 2891,1160 2696,1065 2527,1073 2427,1142 2161,1072 2119,1106 2019,1101 1949,1157 1883,1142"/>
                <Baseline points="1892,1181 1943,1181 1994,1181 2045,1179 2096,1179 2147,1178 2198,1176 2250,1175 2301,1175 2352,1173 2403,1172 2454,1172 2505,1172 2556,1170 2608,1172 2659,1172 2710,1173 2761,1176 2812,1178 2863,1181 2915,1185"/>
                <TextEquiv>
                    <Unicode>unnd habe dahero geglaubt sie sigen gut</Unicode>
                </TextEquiv>
            </TextLine>
            <TextLine id="r4l11" custom="readingOrder {index:10;}">
                <Coords points="1883,1290 2259,1272 2328,1337 2473,1266 2725,1345 2794,1287 2905,1293 2906,1232 2824,1186 2738,1214 2623,1166 2436,1219 2354,1173 2258,1242 2141,1192 2112,1217 2022,1183 1885,1196"/>
                <Baseline points="1892,1266 1942,1266 1992,1266 2042,1266 2093,1266 2143,1268 2193,1268 2243,1268 2294,1268 2344,1268 2394,1268 2444,1269 2495,1269 2545,1269 2595,1271 2645,1272 2696,1272 2746,1274 2796,1275 2846,1277 2897,1278"/>
                <TextEquiv>
                    <Unicode>was davon gewägete haltst yn par</Unicode>
                </TextEquiv>
            </TextLine>
            <TextLine id="r4l12" custom="readingOrder {index:11;}">
                <Coords points="1887,1376 2057,1349 2107,1377 2278,1359 2321,1392 2491,1362 2544,1417 2652,1370 2757,1416 2810,1379 2923,1390 2925,1304 2786,1294 2718,1347 2642,1305 2601,1331 2506,1285 2387,1288 2324,1335 2261,1270 2215,1309 2005,1264 1938,1327 1888,1324"/>
                <Baseline points="1896,1356 1949,1356 2003,1356 2056,1356 2110,1357 2164,1358 2217,1359 2271,1359 2325,1361 2378,1362 2432,1362 2485,1364 2539,1365 2593,1367 2646,1368 2700,1370 2754,1371 2807,1374 2861,1375 2915,1377"/>
                <TextEquiv>
                    <Unicode>nit voll aber darfallen man dan dasselbe</Unicode>
                </TextEquiv>
            </TextLine>
            <TextLine id="r4l13" custom="readingOrder {index:12;}">
                <Coords points="1892,1461 2145,1452 2284,1508 2360,1458 2437,1524 2516,1463 2549,1493 2602,1453 2694,1484 2808,1449 2909,1468 2909,1394 2798,1434 2714,1385 2545,1417 2491,1363 2350,1405 2278,1359 2137,1393 2054,1349 1892,1402"/>
                <Baseline points="1901,1452 1953,1451 2006,1449 2058,1449 2111,1449 2163,1449 2216,1449 2269,1449 2321,1449 2374,1451 2426,1451 2479,1452 2531,1452 2584,1452 2637,1454 2689,1454 2742,1454 2794,1454 2847,1454 2900,1454"/>
                <TextEquiv>
                    <Unicode>nitt habe können ausgeben betten be</Unicode>
                </TextEquiv>
            </TextLine>
            <TextLine id="r4l14" custom="readingOrder {index:13;}">
                <Coords points="1868,1606 1984,1556 2129,1593 2205,1556 2289,1564 2381,1634 2460,1562 2587,1559 2743,1634 2888,1577 2888,1529 2656,1515 2594,1455 2433,1527 2359,1458 2250,1524 2145,1452 1868,1519"/>
                <Baseline points="1877,1565 1927,1560 1977,1557 2027,1554 2077,1553 2127,1551 2177,1550 2227,1548 2277,1548 2327,1547 2378,1547 2428,1548 2478,1548 2528,1550 2578,1550 2628,1551 2678,1553 2728,1554 2778,1557 2828,1559 2879,1562"/>
                <TextEquiv>
                    <Unicode>beschies schon in storigenn examin ge</Unicode>
                </TextEquiv>
            </TextLine>
            <TextLine id="r4l15" custom="readingOrder {index:14;}">
                <Coords points="1893,1649 1973,1635 2007,1654 2061,1637 2109,1652 2186,1631 2210,1640 2209,1563 2182,1557 2129,1593 2097,1563 2058,1580 2033,1555 2013,1576 1984,1556 1958,1580 1927,1583 1892,1607"/>
                <Baseline points="1901,1634 1926,1635 1951,1635 1976,1635 2001,1635 2026,1635 2051,1635 2076,1634 2101,1634 2126,1634 2151,1632 2176,1632 2201,1631"/>
                <TextEquiv>
                    <Unicode>sant habe.</Unicode>
                </TextEquiv>
            </TextLine>
            <TextLine id="r4l16" custom="readingOrder {index:15;}">
                <Coords points="1928,1738 2108,1721 2194,1783 2330,1719 2466,1724 2529,1765 2603,1721 2649,1750 2711,1716 2757,1752 2888,1707 2887,1668 2755,1683 2685,1633 2630,1663 2557,1616 2508,1651 2411,1630 2339,1674 2259,1625 2140,1664 2029,1643 1927,1707"/>
                <Baseline points="1935,1725 1982,1724 2029,1723 2076,1722 2123,1721 2171,1721 2218,1719 2265,1719 2312,1718 2359,1716 2407,1716 2454,1715 2501,1713 2548,1712 2595,1710 2643,1709 2690,1708 2737,1706 2784,1704 2831,1703 2879,1700"/>
                <TextEquiv>
                    <Unicode>die viel batzen von beyden wagen</Unicode>
                </TextEquiv>
            </TextLine>
            <TextLine id="r4l17" custom="readingOrder {index:16;}">
                <Coords points="1578,1722 1618,1732 1654,1717 1692,1720 1760,1775 1785,1776 1806,1758 1820,1772 1877,1728 1902,1737 1904,1633 1862,1647 1827,1622 1790,1628 1752,1599 1684,1653 1650,1618 1619,1626 1581,1615"/>
                <Baseline points="1587,1718 1612,1716 1638,1715 1663,1715 1689,1715 1714,1715 1740,1716 1765,1718 1791,1718 1816,1721 1842,1721 1867,1721 1893,1722"/>
                <TextEquiv>
                    <Unicode>kan zu schen</Unicode>
                </TextEquiv>
            </TextLine>
            <TextLine id="r4l18" custom="readingOrder {index:17;} place {offset:4; length:4;}">
                <Coords points="1875,1844 1932,1816 2079,1863 2214,1829 2280,1866 2343,1813 2387,1852 2712,1836 2839,1799 2838,1728 2778,1765 2702,1719 2661,1755 2603,1721 2525,1778 2376,1725 2315,1772 2193,1782 2138,1735 2087,1761 2017,1720 1874,1768"/>
                <Baseline points="1883,1811 1930,1809 1977,1808 2025,1806 2072,1806 2120,1805 2167,1805 2214,1804 2262,1803 2309,1803 2357,1803 2404,1802 2451,1802 2499,1800 2546,1800 2594,1799 2641,1797 2688,1796 2736,1793 2783,1790 2831,1787"/>
                <TextEquiv>
                    <Unicode>zuo Biel seyen geschlagen worden.</Unicode>
                </TextEquiv>
            </TextLine>
            <TextLine id="r4l19" custom="readingOrder {index:18;}">
                <Coords points="1700,1919 2042,1919 2086,1943 2245,1913 2322,1946 2353,1916 2427,1918 2427,1849 2385,1854 2342,1815 2249,1885 2194,1851 2103,1877 2055,1845 2016,1869 1796,1815 1701,1845"/>
                <Baseline points="1709,1910 1744,1908 1779,1908 1815,1908 1850,1908 1886,1908 1921,1908 1957,1908 1992,1909 2028,1910 2063,1910 2098,1910 2134,1911 2169,1911 2205,1911 2240,1911 2276,1911 2311,1911 2347,1911 2382,1911 2418,1911"/>
                <TextEquiv>
                    <Unicode>guts S2. oder 3. stuck</Unicode>
                </TextEquiv>
            </TextLine>
            <TextLine id="r4l20" custom="readingOrder {index:19;} person {offset:4; length:8;}">
                <Coords points="1896,2004 2869,1986 2858,1921 2749,1966 2576,1907 2442,1957 2358,1916 2301,1951 2244,1915 2105,1945 1895,1932"/>
                <Baseline points="1904,1986 1951,1989 1999,1991 2047,1992 2095,1994 2143,1994 2191,1995 2238,1995 2286,1994 2334,1994 2382,1994 2430,1992 2478,1991 2526,1989 2573,1988 2621,1988 2669,1986 2717,1985 2765,1985 2813,1983 2861,1983"/>
                <TextEquiv>
                    <Unicode>der Bratssli aber volte von nit</Unicode>
                </TextEquiv>
            </TextLine>
            <TextLine id="r4l21" custom="readingOrder {index:20;}">
                <Coords points="1887,2079 2238,2071 2454,2115 2557,2072 2605,2110 2664,2074 2763,2079 2763,2044 2668,1995 2619,2020 2572,1993 2503,2019 2428,1991 2300,1999 2231,2040 2134,2003 1956,2043 1887,2029"/>
                <Baseline points="1896,2066 1938,2067 1981,2069 2024,2070 2067,2072 2110,2073 2153,2073 2196,2075 2239,2075 2282,2075 2325,2075 2367,2075 2410,2075 2453,2075 2496,2075 2539,2073 2582,2073 2625,2072 2668,2072 2711,2070 2754,2069"/>
                <TextEquiv>
                    <Unicode>mahr als sy sucken büßer</Unicode>
                </TextEquiv>
            </TextLine>
            <TextLine id="r4l22" custom="readingOrder {index:21;}">
                <Coords points="1544,2187 1614,2154 1648,2161 1683,2145 1748,2199 1784,2212 1869,2147 1886,2147 1885,2055 1840,2069 1776,2017 1712,2068 1677,2078 1616,2030 1586,2029 1543,2051"/>
                <Baseline points="1551,2145 1576,2143 1601,2141 1626,2139 1651,2139 1676,2139 1701,2139 1726,2139 1751,2139 1776,2141 1801,2141 1826,2141 1851,2139 1877,2138"/>
                <TextEquiv>
                    <Unicode>st an lassen</Unicode>
                </TextEquiv>
            </TextLine>
            <TextLine id="r4l23" custom="readingOrder {index:22;} place {offset:12; length:4;}">
                <Coords points="1900,2195 2176,2170 2279,2242 2342,2190 2431,2241 2567,2170 2712,2240 2819,2176 2874,2186 2874,2104 2822,2144 2741,2077 2651,2128 2560,2075 2426,2136 2342,2094 2297,2129 2235,2084 2132,2112 2087,2085 1966,2148 1899,2113"/>
                <Baseline points="1907,2172 1954,2172 2002,2172 2050,2172 2098,2172 2146,2172 2194,2172 2242,2171 2290,2171 2338,2171 2386,2169 2433,2169 2481,2168 2529,2168 2577,2168 2625,2168 2673,2168 2721,2169 2769,2169 2817,2171 2865,2172"/>
                <TextEquiv>
                    <Unicode>wer das zuo Guol gezeügte gelt gehaben</Unicode>
                </TextEquiv>
            </TextLine>
            <TextLine id="r4l24" custom="readingOrder {index:23;}">
                <Coords points="1875,2279 1963,2319 1980,2319 2021,2285 2048,2298 2127,2303 2149,2283 2186,2282 2184,2195 2154,2199 2119,2177 2087,2191 2031,2184 1993,2166 1874,2222"/>
                <Baseline points="1883,2262 1909,2263 1936,2264 1963,2264 1989,2264 2016,2264 2043,2264 2070,2262 2096,2261 2123,2261 2150,2259 2177,2258"/>
                <TextEquiv>
                    <Unicode>het habe.</Unicode>
                </TextEquiv>
            </TextLine>
            <TextLine id="r4l25" custom="readingOrder {index:24;} person {offset:3; length:4;}">
                <Coords points="1873,2417 1916,2382 2033,2415 2122,2351 2206,2379 2320,2349 2369,2383 2498,2363 2546,2406 2610,2361 2815,2366 2875,2336 2697,2253 2553,2293 2346,2266 2240,2316 2177,2272 2084,2321 2018,2289 1963,2323 1871,2306"/>
                <Baseline points="1881,2376 1930,2373 1979,2372 2028,2370 2078,2367 2127,2364 2176,2363 2226,2361 2275,2359 2324,2357 2374,2355 2423,2354 2472,2354 2521,2352 2571,2352 2620,2352 2669,2352 2719,2352 2768,2353 2817,2354 2867,2355"/>
                <TextEquiv>
                    <Unicode>er Jagi habe ettlich und ist vergenommen</Unicode>
                </TextEquiv>
            </TextLine>
            <TextLine id="r4l26" custom="readingOrder {index:25;}">
                <Coords points="1677,2393 1705,2397 1734,2392 1745,2382 1784,2394 1817,2395 1838,2386 1863,2399 1864,2290 1832,2276 1809,2252 1781,2263 1767,2253 1749,2258 1725,2249 1705,2259 1678,2252"/>
                <Baseline points="1686,2369 1714,2369 1742,2369 1770,2369 1798,2369 1826,2370 1854,2372"/>
                <TextEquiv>
                    <Unicode>Giss</Unicode>
                </TextEquiv>
            </TextLine>
            <TextLine id="r4l27" custom="readingOrder {index:26;} person {offset:10; length:9;}">
                <Coords points="1879,2474 2207,2462 2262,2500 2319,2453 2459,2481 2535,2438 2658,2442 2708,2481 2861,2438 2858,2362 2763,2358 2690,2404 2629,2373 2414,2417 2321,2349 2210,2395 2115,2362 2025,2424 1936,2390 1877,2414"/>
                <Baseline points="1887,2465 1935,2465 1983,2463 2031,2462 2080,2460 2128,2459 2176,2457 2225,2456 2273,2454 2321,2452 2370,2450 2418,2448 2466,2446 2514,2444 2563,2442 2611,2441 2659,2441 2708,2439 2756,2439 2804,2439 2853,2439"/>
                <TextEquiv>
                    <Unicode>der wirth Schmnacht aber haben</Unicode>
                </TextEquiv>
            </TextLine>
            <TextLine id="r4l28" custom="readingOrder {index:27;}">
                <Coords points="1852,2591 2138,2552 2249,2582 2377,2546 2503,2582 2545,2542 2812,2537 2813,2479 2739,2507 2675,2452 2620,2474 2517,2445 2458,2481 2388,2451 2278,2492 2229,2458 2191,2488 2096,2461 2032,2492 1905,2459 1849,2508"/>
                <Baseline points="1859,2558 1906,2558 1953,2558 2001,2556 2048,2555 2096,2554 2143,2552 2190,2551 2238,2549 2285,2547 2333,2546 2380,2544 2427,2541 2475,2540 2522,2538 2570,2537 2617,2535 2664,2534 2712,2533 2759,2532 2807,2531"/>
                <TextEquiv>
                    <Unicode>dem übrigen thatt behalten.</Unicode>
                </TextEquiv>
            </TextLine>
            <TextLine id="r4l29" custom="readingOrder {index:28;} person {offset:4; length:7;}">
                <Coords points="1877,2672 2078,2677 2124,2648 2297,2685 2423,2637 2493,2670 2629,2631 2747,2631 2823,2672 2855,2657 2851,2547 2666,2538 2560,2614 2488,2566 2435,2599 2294,2554 2238,2588 2204,2559 2002,2602 1950,2565 1875,2612"/>
                <Baseline points="1884,2658 1932,2660 1980,2660 2028,2660 2076,2660 2124,2658 2172,2657 2220,2655 2268,2652 2316,2651 2365,2648 2413,2646 2461,2644 2509,2642 2557,2639 2605,2638 2653,2636 2701,2636 2749,2634 2797,2634 2846,2636"/>
                <TextEquiv>
                    <Unicode>dar Grafsli Büßte sich mitt sind besinen</Unicode>
                </TextEquiv>
            </TextLine>
            <TextLine id="r4l30" custom="readingOrder {index:29;}">
                <Coords points="1873,2768 2082,2753 2182,2780 2233,2751 2346,2810 2432,2737 2499,2780 2587,2752 2659,2793 2733,2734 2857,2730 2856,2686 2746,2631 2712,2659 2627,2633 2521,2709 2319,2660 1870,2667"/>
                <Baseline points="1881,2754 1929,2754 1977,2753 2026,2752 2074,2751 2123,2749 2171,2747 2219,2745 2268,2742 2316,2741 2365,2739 2413,2736 2461,2735 2510,2733 2558,2732 2607,2730 2655,2729 2703,2729 2752,2729 2800,2729 2849,2730"/>
                <TextEquiv>
                    <Unicode>ob der Wisch Stutzmracht von sy hannen</Unicode>
                </TextEquiv>
            </TextLine>
            <TextLine id="r4l31" custom="readingOrder {index:30;}">
                <Coords points="1867,2898 1910,2909 1979,2857 2045,2853 2092,2894 2189,2846 2394,2862 2554,2827 2663,2826 2775,2878 2838,2839 2834,2754 2758,2729 2690,2784 2566,2800 2418,2755 2343,2812 2233,2752 2171,2798 2082,2754 2017,2809 1936,2755 1862,2791"/>
                <Baseline points="1874,2864 1921,2861 1969,2858 2017,2855 2065,2851 2112,2847 2160,2844 2208,2841 2256,2838 2303,2835 2351,2834 2399,2831 2447,2829 2494,2828 2542,2826 2590,2825 2638,2823 2685,2823 2733,2822 2781,2822 2829,2823"/>
                <TextEquiv>
                    <Unicode>betem behalten habe da einemahl er</Unicode>
                </TextEquiv>
            </TextLine>
            <TextLine id="r4l32" custom="readingOrder {index:31;}">
                <Coords points="1852,2991 1925,2980 1973,3017 2051,2958 2207,2972 2357,2927 2481,2926 2517,2954 2555,2923 2649,2974 2735,2970 2727,2853 2673,2828 2620,2867 2516,2831 2418,2880 2345,2847 2266,2920 2174,2848 2091,2894 2026,2856 1930,2923 1844,2876"/>
                <Baseline points="1859,2969 1902,2965 1945,2961 1988,2957 2031,2952 2075,2948 2118,2945 2161,2941 2204,2938 2247,2934 2291,2931 2334,2928 2377,2926 2420,2924 2463,2922 2507,2920 2550,2919 2593,2918 2636,2916 2679,2916 2723,2916"/>
                <TextEquiv>
                    <Unicode>sag habe keines davon bekommen.</Unicode>
                </TextEquiv>
            </TextLine>
            <TextLine id="r4l33" custom="readingOrder {index:32;}">
                <Coords points="1606,3117 1671,3072 1745,3085 1782,3063 1855,3119 1900,3135 1898,2964 1868,2972 1839,2959 1809,2973 1753,2947 1723,2974 1693,2971 1674,2953 1649,2955 1628,2977 1604,2973"/>
                <Baseline points="1614,3069 1639,3068 1664,3066 1689,3065 1714,3063 1739,3063 1764,3062 1789,3062 1814,3063 1839,3063 1864,3065 1890,3066"/>
                <TextEquiv>
                    <Unicode>kenlichen</Unicode>
                </TextEquiv>
            </TextLine>
            <TextLine id="r4l34" custom="readingOrder {index:33;}">
                <Coords points="1917,3163 1975,3159 2036,3103 2145,3122 2262,3087 2361,3109 2393,3082 2448,3105 2582,3066 2836,3066 2832,2994 2737,3036 2633,2968 2536,3016 2444,2992 2353,3024 2063,2969 1911,3041"/>
                <Baseline points="1922,3111 1967,3107 2012,3102 2057,3099 2103,3096 2148,3092 2193,3090 2239,3087 2284,3084 2329,3081 2375,3080 2420,3077 2465,3075 2510,3074 2556,3072 2601,3070 2646,3069 2692,3067 2737,3066 2782,3065 2828,3063"/>
                <TextEquiv>
                    <Unicode>d so der Geischen ihme gmert</Unicode>
                </TextEquiv>
            </TextLine>
            <TextLine id="r4l35" custom="readingOrder {index:34;} place {offset:24; length:4;}">
                <Coords points="1872,3198 2177,3162 2233,3195 2272,3157 2449,3225 2563,3167 2601,3194 2633,3159 2861,3153 2859,3094 2623,3067 2509,3123 2402,3084 2359,3109 2261,3088 2089,3140 2027,3103 1973,3159 1871,3159"/>
                <Baseline points="1881,3185 1929,3179 1978,3176 2026,3173 2075,3169 2123,3167 2172,3165 2220,3164 2269,3162 2317,3161 2366,3159 2415,3159 2463,3158 2512,3156 2560,3155 2609,3154 2657,3152 2706,3150 2754,3149 2803,3146 2852,3141"/>
                <TextEquiv>
                    <Unicode>Ancham wirth Rechtracht thun Biel</Unicode>
                </TextEquiv>
            </TextLine>
            <TextLine id="r4l36" custom="readingOrder {index:35;}">
                <Coords points="1851,3321 1950,3317 2033,3259 2260,3237 2639,3268 2691,3228 2868,3241 2866,3185 2648,3156 2602,3194 2402,3214 2270,3158 2203,3210 1957,3175 1847,3239"/>
                <Baseline points="1856,3267 1906,3263 1956,3258 2006,3254 2056,3250 2106,3247 2156,3243 2206,3242 2256,3239 2306,3237 2357,3236 2407,3233 2457,3233 2507,3231 2557,3230 2607,3228 2657,3225 2707,3224 2757,3222 2807,3219 2858,3216"/>
                <TextEquiv>
                    <Unicode>eetstandene streit der nit des begen</Unicode>
                </TextEquiv>
            </TextLine>
            <TextLine id="r4l37" custom="readingOrder {index:36;}">
                <Coords points="1867,3430 1969,3429 2046,3351 2209,3346 2274,3393 2361,3342 2425,3397 2592,3319 2688,3372 2757,3338 2864,3363 2861,3264 2701,3229 2608,3278 2515,3241 2369,3296 2294,3244 2220,3310 1864,3319"/>
                <Baseline points="1874,3351 1923,3351 1972,3351 2021,3350 2070,3348 2119,3345 2168,3344 2217,3341 2266,3339 2315,3337 2364,3334 2413,3333 2462,3330 2511,3329 2560,3329 2609,3327 2658,3329 2707,3329 2756,3332 2805,3335 2855,3338"/>
                <TextEquiv>
                    <Unicode>angezwungen seye, daß der visthritten</Unicode>
                </TextEquiv>
            </TextLine>
            <TextLine id="r4l38" custom="readingOrder {index:37;}">
                <Coords points="1846,3502 1933,3465 2092,3524 2153,3464 2823,3435 2840,3342 2678,3375 2584,3327 2425,3396 2363,3341 2281,3400 2222,3356 2163,3383 2046,3351 1967,3433 1842,3424"/>
                <Baseline points="1853,3458 1902,3458 1951,3456 2000,3456 2049,3455 2098,3453 2147,3452 2196,3449 2245,3447 2294,3444 2343,3442 2392,3440 2441,3438 2490,3435 2539,3433 2588,3431 2637,3428 2686,3426 2735,3424 2784,3423 2834,3422"/>
                <TextEquiv>
                    <Unicode>sonricht sich gebeigen habe, der aberdter</Unicode>
                </TextEquiv>
            </TextLine>
            <TextLine id="r4l39" custom="readingOrder {index:38;}">
                <Coords points="1854,3546 1937,3575 1987,3539 2091,3543 2179,3599 2235,3550 2306,3604 2361,3556 2420,3593 2520,3539 2629,3536 2697,3582 2854,3545 2853,3438 2725,3428 2642,3476 2492,3451 2431,3499 2373,3461 2273,3502 2220,3459 2097,3520 1974,3483 1854,3506"/>
                <Baseline points="1862,3539 1911,3539 1960,3537 2009,3537 2058,3537 2108,3537 2157,3536 2206,3536 2255,3536 2304,3534 2354,3534 2403,3534 2452,3533 2501,3533 2550,3532 2600,3531 2649,3530 2698,3529 2747,3528 2796,3526 2846,3524"/>
                <TextEquiv>
                    <Unicode>massen die lesteren stampfel wieder zurub</Unicode>
                </TextEquiv>
            </TextLine>
            <TextLine id="r4l40" custom="readingOrder {index:39;}">
                <Coords points="1853,3692 1902,3658 1952,3694 2025,3644 2075,3633 2128,3644 2184,3628 2222,3650 2266,3646 2261,3546 2229,3547 2183,3598 2138,3578 2105,3588 2034,3548 1981,3590 1938,3581 1895,3541 1846,3550"/>
                <Baseline points="1859,3639 1885,3637 1911,3634 1938,3632 1964,3631 1991,3628 2017,3627 2044,3626 2070,3624 2097,3623 2123,3623 2150,3622 2176,3621 2203,3621 2229,3621 2256,3621"/>
                <TextEquiv>
                    <Unicode>zu gebenn</Unicode>
                </TextEquiv>
            </TextLine>
            <TextEquiv>
                <Unicode>Gokaneh Richsthatt und Mans
Brathli
Der guttschard aber habe gesagt, so sigen
semlich gut gebesen obsie beydtes
sints brucht ihren aussagen befaren.
id Glasselbs in, die Stempfal seyen übel geachten
Daende schardt her Stribe Thomas nun dan by siner ge¬
ngebenen anthort mit vermelden,
es verstehe sich nicht solohl daran v
unnd habe dahero geglaubt sie sigen gut
was davon gewägete haltst yn par
nit voll aber darfallen man dan dasselbe
nitt habe können ausgeben betten be
beschies schon in storigenn examin ge
sant habe.
die viel batzen von beyden wagen
kan zu schen
zuo Biel seyen geschlagen worden.
guts S2. oder 3. stuck
der Bratssli aber volte von nit
mahr als sy sucken büßer
st an lassen
wer das zuo Guol gezeügte gelt gehaben
het habe.
er Jagi habe ettlich und ist vergenommen
Giss
der wirth Schmnacht aber haben
dem übrigen thatt behalten.
dar Grafsli Büßte sich mitt sind besinen
ob der Wisch Stutzmracht von sy hannen
betem behalten habe da einemahl er
sag habe keines davon bekommen.
kenlichen
d so der Geischen ihme gmert
Ancham wirth Rechtracht thun Biel
eetstandene streit der nit des begen
angezwungen seye, daß der visthritten
sonricht sich gebeigen habe, der aberdter
massen die lesteren stampfel wieder zurub
zu gebenn</Unicode>
            </TextEquiv>
        </TextRegion>
    </Page>
</PcGts>
