3024 4032
8 211 110 300 18.
306 341 1448 528 jaren seye ihra aber gar angst gebesen heilen
319 454 1450 631 es sin herucket dass sin ein kind greinen gelordt
316 541 1422 696 welches sin der wirthin auch gesagt, darung diesen
316 633 1443 805 geantwortet, man habe schon geredt, daß es sichbane
289 722 1424 845 Jenn; Sin Gehendin habe anberg der wirthin
303 799 1446 962 angehalten dass esis bluotter zu reichen, sunder
305 894 1410 1030 sere lider heim gegangen, sine habe aber das
294 980 1409 1129 Alsi nicht mehr vor ihrem Hanss angetroßen,
305 1070 1443 1227 sondren es seye inzleischen in die stuben gegangen
316 1158 1432 1308 sie habe danoch noch nichts gefahret, sonderen haben,
298 1234 1428 1388 Ins auf dem Banck bar danen pfenster an sichendt
307 1346 1403 1478 angetroffen, dasein sawneben ihme auf dem¬
305 1427 1437 1569 danck gelegen, und als sie ihme ein benig vein
297 1522 1411 1653 zu trinken gegeben, habe es gesagt, es seye ihme
289 1601 1415 1750 geth besser, bald hierauf habe ihre die wirthin
295 1689 1445 1829 gerüsten, sie Gotendin selle hinauss kommen, und
291 1787 1440 1904 habe ihra an der thur Sibellen etwas gezeiget,
296 1856 1414 1999 da sin banderseits gesechen, daß von dem Gus ouch
290 1947 1426 2088 der sichhellen gelonsen müttler briben seye dess
289 2045 1410 2175 alsis rüber ouch zu ihnen gekommen, und mit
298 2121 1424 2271 ihnen in die stuben gegangen, da dan die munder
300 2216 1413 2352 ihns angeredt, das es machens sölle sagen, ver¬
286 2292 1443 2430 miß as iungehe es werde ein kind haben, es habe
301 2380 1425 2522 aber michts bekennen vollen, obschones damahlen
297 2464 1391 2618 das kind neben ihma auch dem danck gehabt,
280 2547 1415 2696 hernach habe die wirthin auch mit ihme geredt
270 2638 1444 2771 endlich habind sin die blütter ein lünig allein
287 2731 1435 2877 mit ihme reden laßen und als sie die bluchter
278 2814 1447 2979 lieder heimgehen wollen, habe sie den habe, belchen
276 2908 1418 3069 des beynno neben ihme auf dem danck gehabt.
280 2990 1420 3138 mit sich nemmen söllen, es habe aber solchen nicht
269 3085 1465 3256 gegäbenn sondren gesagt, es sölle ihra bald rachtennen
275 3190 1078 3325 und den das selbsten heimtragen.
240 3313 1423 3486 Ouch an sin gethane crägen sagte sie hochzungin
241 3477 1457 3629 So sie habe die zeichen auf der Hanss für schwellen
259 3568 1416 3727 velche zimlich hoch seye, erst gebahren, als die
1163 3700 1433 3847 Werthin
1714 1266 1752 1347 C
1746 2998 1838 3130 6
2738 312 2851 385 101.
1777 390 2849 586 virthin gekommen, ira hinauss gerüßen und
1786 489 2847 663 solche gezeiget, da sie solches auch damahlen beg¬
1789 614 2186 743 thüschen sollen.
1730 718 2885 932 Hn. Das Elsi seye so langen sin ihns domallen gesechen
1801 852 2700 1009 allezeit ber guoter vernünst gelesen.
1721 977 2833 1167 9. als es vor dem khauss gesessen, habe es
1798 1110 2665 1253 einmahl das kind noch nicht gehabt.
1765 1205 2883 1409 Wändendlichen habe sin sich ehemahlen in der
1805 1350 2885 1498 angst geirret, und sere es ein verschiss gelochen,
1806 1430 2893 1569 in ansechen dess satts selbiger seye einmahlen
1809 1513 2863 1663 gicht am boden sonder auch dem bank neben
1816 1602 2230 1748 dem Elsi gelasen.
1723 1799 2663 1971 6. Marig Bladle Leerich
1804 1928 2884 2087 zeüget, über das ehemahlen außgesagte die
1804 2030 2871 2177 Müber habe ihra gesagt, das li seye kindten
1834 2122 2877 2235 theren als sie detzenhin hingegangen, und
1831 2184 2847 2325 das kind besechen kellen habe die muldherin
1813 2272 2872 2402 illsbeth Pisters gesagt, es seye schongebücht und
1820 2360 2892 2487 gebaschan nach landem aber habe die müdber
1834 2432 2859 2571 solches auß dem sach, belcher zimlich hinten
1827 2526 2915 2660 miter dem danck gelegen, her vorgezogen, das
1818 2597 2889 2747 alsi habe nichts geredt noch anbehret, und könte
1821 2682 2909 2828 sie dezungin nicht setzen, dass das Elsi den huss ouch
1822 2782 2307 2930 dem bach gehabt habe.
1836 2964 2839 3128 D. Anna Rollisberger die Girthin
1822 3100 2923 3265 zeüget, deß Knasters Warb habe ihra ein vierteli
1835 3221 2944 3356 gefänschen, für dess Niggislli es seye begihrenn
1820 3308 2940 3450 Hanß, es klage sich an einem huss sie glaube abar¬
1846 3376 2911 3538 es sinerppis anders es habe sin gedunckt sie habe
1837 3470 2878 3598 opris gehört, darüber die kuderin ihra der
1852 3556 2845 3701 virthin gesagt, deß ehis muotter zu reichen
2725 3680 2896 3795 als
