3024 4032
120 276 253 365 204.
682 268 1063 450 Regtement
406 339 1475 521 Huß Gnlaß deß über diesen Christenn
418 487 1485 641 Geri gehaltenen, den den landtags ist
413 584 1451 751 von Mugheren räth und burgeren, in
424 694 1439 840 die frog kommen, daß heilen laub
411 790 1445 954 Lehten veglements de er juny ein
420 911 1397 1079 die blut Artheln nur in beyseigen
1396 998 1434 1050 i
412 1032 1514 1191 döger Mag synn der räthen mit zuothin,
418 1132 1500 1308 herren grossweibel imm deß grichtschrei
397 1244 1392 1418 übers beig dem Richter stuchl publicirt
421 1377 1483 1533 werden, ob die es auch die landttagen
422 1463 1508 1628 unnd Louumonat Artheln ansehr habend
410 1591 1478 1742 magheren darüberhin erkent, und gworden
404 1693 1517 1848 gnet, daß beilen die Landtagen nicht
411 1814 1429 1966 mehr auch der Brentzgassen bey dem
398 1920 1528 2073 richter stuchl, sondern in der grossen stubenn
400 2035 1473 2219 bey offner thür gehalten berden, als sölle
400 2149 1472 2306 die dronulganon der artheil im Landt¬
395 2266 1484 2409 ttagen, da der gethater sich nicht parsohn¬
385 2389 1506 2542 mlich einstellet, künfftig hin nur oben ouch
394 2500 1521 2661 der rath Hanss stegen abgelesen berden:
409 2599 1453 2770 belches hente gleich nach vergangener
383 2706 1480 2893 artheil durch herren großweibel und
395 2844 1472 3005 den grichtschreibern auf diese beiche ist
399 2987 937 3145 exequiert worden.
372 3195 1526 3402 Zedel zu meinen hochgeihrten harren
381 3327 1529 3511 stadtschreibern Rutlich, ihne dess obigen
379 3423 1527 3620 zuberichten, zum solches seines orts ein
359 3599 1010 3789 gschreiben zuo lassen
2736 345 2885 442 213.
