3024 4032
85 246 163 371 19
481 253 1088 435 Christen Bern
398 463 1503 665 Wahrscheimlich aber ist zu muothmassen,
414 601 1449 759 daß in der hand oder Hauss, die
414 703 1418 851 geschlagen, etwas hartet und
404 789 1415 981 schwäres müße enthalten und
419 919 1433 1057 unfasset gelesen seyn, endennen
421 1009 1454 1144 durch eine blossen gan schon stärben
406 1114 1459 1259 Hauss kaumerlich zuo vast ohnmöglichen
425 1217 1444 1339 eine fionr dem branio, besonders
430 1299 1362 1451 in einem alten subiecto könte
442 1424 1168 1574 aufgeschlagen berden.
347 1554 1471 1751 Daß aber diesetz von keinem harten
434 1703 1396 1860 und zugleich bloss gehaltennn.
413 1783 1462 1953 Indlenmant geschachen, erhälet war¬
433 1920 1434 2047 andenne darvon Benigstand die
420 2001 1443 2145 haus und andern Sutlqumenten
431 2094 1410 2260 hätten müssen verletzt, und das
402 2202 1467 2368 branium enfoncert, und dexeimiet
425 2339 682 2429 werden.
427 2411 1443 2576 Actum den sten Aprilio 142.
681 2527 1332 2680 sigmet alb martenbach
853 2608 1362 2737 v l. bedinannd
656 2677 1476 2834 Job Frantz König Ohirurgno¬
2065 303 2574 483 Christen Geri
2753 360 2881 462 199.
1843 418 2729 612 montags den 13. Aprilisatt habend
2720 447 2779 597 C
1842 550 2820 707 Megheren und oberen raths und burgeren
1858 637 2855 816 morgens zum ad. auf dem rath Hanss in
1866 762 2896 942 der grossen stuben zu haltung deß erkenten
1861 848 2722 1018 Crst und anderen Landtags lieder
1861 967 2850 1146 Christen Geni von Lobsingen, begen ver¬
1864 1069 2846 1247 gubten Jorschlags am Niclaus Thurgi von
1851 1187 2858 1351 lys sich vorsammelt, da dann deß entleib von
1867 1311 2878 1462 kleider auch hinem gebracht, und volgendt
1859 1405 2902 1563 durch ihr Gnden herren ambs schultheissen
1855 1522 2893 1692 Steiger die ursach dieser hochen versamlung
1861 1636 2892 1800 angezeigt, Nachbarts durch dem grichtschrei¬
1864 1732 2892 1903 übern naben dem ehren stohend vorbeschrie¬
1870 1866 2887 2034 wbene aufgenommene information abgelesen
1884 1978 2901 2152 borden da dann auf hochgedacht ihr gnden.
1869 2109 2875 2257 bezahl der herr grossweibel, die grosse
1870 2225 2841 2375 stuben thür aufgethan, und daselbsten
1876 2335 2892 2480 mit laufer sim zum Lin mahl geruf¬
1868 2442 2801 2603 den: ist jemand zuogegen, der bieder
1860 2555 2845 2738 Christen Geri bogen dessen Niclaus
1866 2685 2865 2842 Zürgi begangenen todschlags, zu klogen
1877 2779 2859 2952 begehrt, der todte hervorz als nun
1875 2914 2910 3062 Hiemand sich hervorgethan ist solchem nach
1871 3029 2920 3179 Mehr vorner Bersetz, als der jüngsta harr
1884 3135 2887 3312 vonner dieher stadt horn, in die meidte
1885 3255 2945 3419 der grossen stuben getradten und hat bieder
1892 3370 2902 3526 den thater das recht begehet; Darüber hin
1894 3482 2875 3658 bard die thür geoffnet und durch in stu
2756 3610 2903 3729 Jacob
2855 486 2903 558 1
