3024 4032
19 189 79 274 W
310 341 1414 524 sache getragen, er habe nichts an ihme gesprichen
321 423 1395 581 wet, biß auch die Ruhebeid, etta eine stunde
313 515 1394 665 von kranchthal, da es sich geklagt das hein
313 605 1364 741 thüe ihme behe, loorans er ihme die sächen
322 691 1382 830 grnemmen wöllen, es habe aber gesagt, es
313 778 1385 915 sölle solche schon heimtragen, es möge nicht
316 865 1388 996 lahr gegen und leilen es imme nicht folgen
317 945 1288 1076 konen habe er ins zuruw gelassen.
304 1023 970 1176 londere auch seine uss sorge
316 1187 979 1353 He Verena Bals
298 1314 1400 1470 Niclaus Boeggarts, deß grichtsessen ehefrouw
1103 1428 1355 1574 zeüget.
292 1508 1371 1655 gesternettlorumb 2. Ahren nach Michags
283 1603 1401 1747 habe man sin ab dem Beldin deß Kuchdart Khansen
285 1687 1390 1823 gehalt, ihre dochter das Elsi : Sober 10 jahren
287 1761 1395 1908 alters seche da und habe loche an einem huss¬
297 1845 1411 1992 die wirthin seye auch dahin kommen und habe ihme
292 1940 1406 2063 etlas gegeben, looranf sie gezeügin heim aber
291 2012 1396 2141 bald leider hinabgegangen, da habe deß kurtzers
270 2096 1372 2252 Erengesagt, das eli habe ein kind, welches sie
285 2203 1396 2324 uns einem sach, so ein boden gelegen gezogen,
286 2278 1390 2404 horüber sin gezeürin ihme zugesprochen, es haben
285 2353 1385 2497 aber nichts geantwortet, ouch befragen, ob sin
284 2439 1384 2570 richt geloüsst, daß es silbander gebusen sagte
257 2515 1349 2663 sie bezangin die lautze habend solches gesagt
270 2602 1414 2753 das Elsi aber habe allezeit gelaugnet, auch gesagt
270 2695 1380 2846 des habe noch seine zeiten. Endete hierach auch
256 2788 661 2933 ihre aussang.
234 2894 1378 3074 hieseristlass strich ernstlich gethanen vermale
250 2986 1407 3144 nungem die pure warheit zu reden, von samklichen
247 3077 1142 3231 obigen persohnen außgesagt worden,
239 3192 1378 3357 Actum in dem Gaschanse im Krauchthal
240 3312 743 3440 d. 6. july 1. 142.
1012 3596 1265 3760 Zu Volg
2741 112 2851 208 99.
1691 269 2850 419 Culfolg ir Guden befelches deranusnolourde
1690 365 2859 521 Elsbett Pister Maria Rodte einerichund landen
1701 460 2847 611 Röttlisberger, auß dem kranchthal beschicket,
1702 551 2844 686 unnd in irer aussaag über die dz so. papal in
1704 626 2857 757 dem kranchthal aufgenommenn, suformallen, die
1707 705 2892 846 das kinder mords verdächtige drobenin verhalt
1689 801 2891 930 schende Elsbeth Zeeggart betreffend, von münchen
1691 900 2881 1024 ratts Herrn Lentinns mit zuzeichung begehen
1706 964 2873 1121 großweibels und grichtschreibers, dess verne¬
1703 1048 2803 1204 wrem angehört, und nach ernstlich gethanen
1700 1146 2880 1303 ertorlationen, deßenalum vernommen, daden
1714 1250 2405 1381 volgendes heranss kommen.
1730 1402 2386 1557 Elsbett Pfister
1700 1534 2869 1681 zeüget Sieserse an dem bewüsten tag allein
1714 1629 2884 1783 zu Hanse gelesen, da sere das Elsi von Burgdorff
1718 1706 2869 1867 kommend, auch der gassen nidergesessen, hornu
1729 1802 2893 1941 die Betzengin hinauss gegangen demselben hulße
1725 1899 2854 2029 zuleisten, es seye gegen sie gekommen, sich an
1719 1957 2844 2095 einem huss klagend, sonsten heiben sie ihme
1728 2036 2895 2179 hollen helfen heim gehen, einer seiner brudern¬
1738 2133 2860 2267 heltter dem wirthen gearbeitet, habe sich auch
1744 2200 2891 2340 alda befunden, zu schanen das es nacheundobas
1732 2301 2899 2426 nicht heim sölle. Er seye aber drad wider an seine
1726 2376 2920 2523 derbeit gegangen, in deß an habe das Elsi gebeißen
1750 2466 2882 2603 heilen es nicht mehr geten konne, es möchte doch
1739 2549 2866 2686 eins zu irem der Bezengin Hanss sitzen
1716 2638 2890 2769 sie habe ihns hierauf über denstag zu ihrem
1728 2717 2851 2861 hanse gefüeret, und setzens alda auf ein bloch
1739 2795 2862 2938 gesessen, da es ihra umb waßer angehalten,
1746 2880 2908 3020 deß an sie auch gereichet, und habe es sich damalen
1744 2969 2905 3110 nicht nur an dem huss sind von auch geklagt, es
1736 3058 2915 3203 seye ihme so gar in dem dauch horauf sie ihme
1749 3142 2921 3281 etwas darmus mächen, es aber lieber ein gloßs¬
1743 3228 2937 3362 wein nemmen vellen belches sie ihnn gerere abge¬
1750 3304 2956 3465 tholet, es habe gesagt, es sölle darbeilen allda sitzen
1753 3398 2931 3533 mitlin habe sin Bezengin der Wirthin ein viertel
2166 3493 2238 3567 sy
1756 3480 2927 3637 gefordert, sagend für deß Riggis sy es selbige sich
2766 3609 2921 3727 ger
