3024 4032
92 222 231 317 180.
241 1615 378 1718 [3.
653 219 1150 395 Hans Burri
457 344 1506 554 sich an ihme  Alsbeth Wassenhalten
451 470 1515 678 in anfang vass auf den Boren gehabten
449 577 1449 753 horüber der hurrin im hulffe
445 672 1491 882 geruffenn, zum sin mahl lauw auch
439 779 1485 971 schreyenn, wirth B. Er habe in der
444 911 1447 1098 bügst nicht geloust las sy machen,
441 1025 1486 1197 habe aber sonderlich dem entleibten
431 1112 1462 1322 allezeit gesagt, den Bürrin gehan zu
441 1246 1391 1428 lasen ein übrigen seye alles
437 1337 1151 1534 velsbald vorberg gelesen.
442 1577 1474 1758 Hans Haler, daranman zuo Breloril
436 1704 1388 1878 der kirchhöre Rachers heil, songste
418 1836 1487 2010 seine kheerli seye zbarn anhero citie
437 1963 1463 2105 horren ob lousste selbige hann daß
415 2063 1439 2224 gefangen schanden zurris, otloas
425 2179 1444 2362 berichts zuo geben, die seye aber an
416 2324 1453 2487 schäslich nur habe dessen begen nicht
434 2425 1431 2589 kommen können, in deßen habe sie
409 2552 1456 2739 ihme angezeiget, sie biße heiters
408 2686 1384 2861 nichts von dieser sache ausers
413 2836 1396 3010 daß also an dem unglücklichen
399 2955 1426 3120 Morgenn ein keyl von Schursten
396 3085 1476 3263 gekommen, ihme damamann anzei¬
395 3204 1479 3389 ligend, das in der nacht vorgegangen,
407 3325 1465 3490 und daß er den hurri gaßen sölle.
377 3437 1433 3635 seye dieselben durch den Haussgangen
1603 1089 1920 1244 Ddarvon schon
1657 1197 1923 1361 einer gestolen
1634 1299 1768 1409 oben
1758 2434 1868 2579 4.
2122 328 2584 490 Hans Gurri
2808 372 2917 450 11
1921 451 2889 614 gegangen, und habe also balb den
1905 549 2911 728 Furri, welcher an das nachen gehen
1919 662 2800 827 lollen mit einer sonsen gesechen,
1930 770 2873 928 diesem habe sie zuogeruffen Hans
1922 872 2830 1013 lors hast zuo gestern zuo Schurtzen
1935 970 2930 1135 angestollet, du haß zuer keyl gestor
1937 1069 2878 1230 sechen man baren diehen stecken, sie
1928 1192 2897 1358 verlochenn ihne sich beg zuo machen,
1930 1285 2921 1463 hierauf habe der Bürri, geantwortet,
1925 1403 2907 1591 er seye angegrissen worden, er habe
1915 1527 2926 1670 sich looht lehren mußen, dieser habe
1928 1613 2907 1814 aber grad seine densen leggethan, und
1923 1760 2854 1903 sich darvon gemacht, die habe in
1934 1865 2902 2021 übrigen dan hurren nicht bey noche
1931 1959 2896 2120 gesehen, bußte also nicht ob derselbe
1926 2079 2913 2261 blessiel gelesoni Tiete hierauch
1939 2203 2388 2357 keine außsrag.
1932 2384 2913 2618 Und endlichen bard der beklagte.
1920 2553 2958 2712 Hans Hurri ouch hervorgelassen, diesen
1935 2666 2962 2818 beharrete nach vielen an ihne gethanen
1935 2795 2952 2964 fragen, durch auß berg seiner drib 191.
1936 2918 2938 3090 pahäli von sich gestallten vergicht
1932 3033 2946 3206 nochmalen erharten, daß er lieder
2840 3225 2887 3335 3
1942 3168 2828 3320 den entleibten und verbundten
1949 3296 2919 3467 keinen wollen gehabt, da mit dem
1933 3403 2907 3590 heslechten kein lob tag kein wort.
2757 3540 2952 3688 geredt
