3024 4032
82 223 167 318 110
565 190 995 358 Hanss Gurti
405 335 1441 545 Nün begeher siner hoche übrigkeit
409 437 1416 604 von ihme zu vernemmen, das ihne
388 548 1483 750 hierzuo veranlasset habe zwobegen
398 649 1450 818 sölle er in aller aufrichtigkeit, eine
398 768 1401 942 bahre erzahlung von der ganzen
389 896 1410 1072 hergangenheit, dieser tröuwigen
379 1004 1426 1202 geschecht, von sich gäbenn und anfagen
382 1130 1420 1338 das ihme diesorths in bissen seye
201 1324 1442 1547 4. Jache, habe mit grosser zetrübnuss
382 1486 1413 1652 vernommen, daß der Bendicht zucher
380 1603 1392 1792 an semman sunden gestorben sechen
356 1712 1434 1914 er seye auch bereit in aller angrichtig,
364 1840 1439 2043 keit, vor Gordt und einer gnädigen
357 1969 1456 2162 Grigkeit, sein hers auch schiden und
364 2121 1457 2302 mit aller wahrheit die hergangenn
346 2239 1469 2426 gheit, dieser wänrigen geschicht anzogen,
339 2393 1413 2557 inzuosagen: er seye verlichenen sommer
360 2500 1477 2665 den sinem vontag abends gegen tilthenn
362 2605 1450 2790 kinzigund allein, auch dihbemens gegangn
4 2602 363 2760 sin das wirthen
16 2721 205 2824 Hauß
359 2716 1478 2912 sigen, bissend, daß man sich derten lustig
346 2851 1441 3041 machen werden alldorben habe er viel¬
329 2955 1443 3157 gunges volk Martscheni und houwen
340 3093 1421 3254 Do Keyls von denen nechst müligen
336 3198 1441 3386 dan orthan angetroffen, so getruben,
336 3328 1470 3540 unnd getanzet haben, sy habe auch eines
327 3478 1395 3669 zuo trincken geforderet, und mit dem
1858 277 2474 453 ibli Hanns Khuri
2817 350 2904 457 177
1854 397 2872 575 Radeli Spring, daß Schmind tochter zuo
1827 498 2861 679 schüpffen gutanzet nachbarts selbiges
1830 613 2916 807 zuo einem tisch gefüchet und mit selbigen
1843 713 2859 879 emfrinden gebsen imm getrunkeni
1846 809 2872 997 nach etwas zeits, söne, in der der fürschi
1830 949 2832 1105 insonderheit aber hlöschen Hans denn
1840 1062 2808 1208 von Zommgarten im dem enrleibten
1832 1169 2911 1332 Bendicht zunhar borgen deman meitschenen
1835 1292 2936 1472 streit entstanden so daß selbige einanderen
1824 1405 2893 1582 schon zu sig dan angefangen, er aber habe
1851 1515 2885 1686 mis niemans keine Anfinigkeit noch
1834 1635 2932 1792 streit gehabt, um allchenn nach Nider¬
2680 1730 2816 1828 fhelei
1848 1760 2798 1913 macht, seye erdignidit, des Borbek
1827 1843 2920 2043 Spring dassen pasen, der Niclaus Schon¬
1853 1991 2921 2164 mer, Hans Zuri hund Hans Jeni mit
1842 2106 2857 2274 einanderen auß dem Mirths Hauss
1854 2241 2891 2429 auf schulden zuogegangenn, alß sie
1851 2354 2922 2519 oben zum dorff schüpffen gekommen,
2136 2464 2266 2567 Gelye
1847 2491 2907 2649 seye deß berelis lassen der Niclaus
1843 2578 2939 2782 Schanner, Hans Zurs in Hans Jani
1851 2721 2901 2874 von ihnen nach hanss gegangen, als
2755 2799 2823 2872 sal
2679 2798 2743 2879 *
1845 2829 2870 2989 er angewil nun, mit dem gobett
1850 2927 2907 3119 Spring, das dorff hinab nacher husen
1850 3046 2865 3223 ind bey dem wirtss Hanß vorbeig¬
2826 3210 2896 3286 D
1851 3171 2836 3353 gehen wollen, habe er Gey gsellen,
1866 3273 2956 3467 sölche graben dem wirthshause gestannen
2594 3392 2745 3517 gel
1853 3415 2842 3614 dem auf ihr und wys vabli den
