3024 4032
66 203 179 291 101.
357 315 1479 499 Als sin gehengin zu dem Hanss gekommen, habe
366 437 1471 602 sin etwas auf der thürschwallen gesehen und auch
381 534 1488 685 mnanter Belthas die küßerinbegbischenbellenn,
361 614 1467 764 sie habe den habe nicht ein boden geseten, hohl aber
358 701 1466 848 sölchen oder etwas dergleichen auch dem damie
351 783 886 915 naben dem Elsi ligend.
343 908 1479 1081 zuo diesen und fhemechtigen ausssorgen minend
363 1013 1458 1152 daß solche die pürewahrheit, eriantarter
367 1092 1458 1241 massen inhaltind habend obige d weibs ver¬
335 1194 1454 1331 sohnen büchsen rechts herrnein handglibs
345 1280 990 1412 an Eydes statt spractiert.
346 1392 1086 1562 Actum den sy die gege
496 1594 1115 1731 Nelalio Elbedica.
356 1759 714 1911 hochgeachte
847 1805 1388 1956 gnädige Herren.
340 1976 1437 2130 Es haben ends underschrinken den by july 4142.
343 2075 1433 2215 lant hoch oberkeitlichem befehl samit glichen
343 2158 1472 2294 großweibel und grichtschreiber sich ins kranch¬
333 2249 1459 2391 etal begeben aldorinn ein tedtus frisch gebahrnett
334 2326 1459 2467 Uind visiliert und bar froßnung deß Lorpers
328 2409 1121 2552 volgende Oberpalionen gemacht.
292 2534 1447 2695 1. Maren es ein kofluß getragenns Ragdtin
243 2637 1462 2827 6tnen dassen hingelond gantz gesundund die Lunge
309 2785 744 2896 hochgeschlommen.
290 2854 1465 3013 So die Rabel schamme aber barn am leibgnab¬
303 2984 611 3111 sgerissen.
282 3079 1481 3254 4. das gantza hambt auß dart dem antlicht mit
250 3148 287 3213 C
288 3159 1478 3313 starckünterloffenen Beblüth so bohl iarlich
315 3272 967 3413 als ansperlich bezeichnet,
227 3355 1491 3530 Herrn die rätstan Haub auß einander getriebenn
275 3471 1474 3655 Stuchatwelche stuk der Hanbsheineren zer¬
305 3598 584 3757 ennig that.
1134 3635 1473 3789 Ist hiemit
1695 3059 1790 3216 1
1698 3292 1802 3419 A.
2787 307 2886 387 103
1824 386 2894 555 ist hin mit zu schliessen, dass diss kind gehalt,
1850 475 2911 676 tthätiger weiss, ein leben habe enden missen,
1842 589 2907 797 diss ist nun der kurzeund warhafften dericht
1841 719 2899 885 so intichster Hannst zunvergeben haben,
2607 846 2790 938 igiert.
1834 820 2761 1014 Hochgeachte gnädige Herren.
1986 971 2491 1110 Süwer Gnaden
2394 1127 2879 1277 Anterthanig Gahor¬
2368 1226 2853 1325 sonste Bürger
2358 1299 2858 1422 Joh Muellt B. s. T.
2359 1374 2829 1490 viel gedinarind
2379 1455 2862 1550 Niclaus verner
2414 1528 2870 1659 Insul Ongrurgno
1968 1860 2605 2019 Welli Zingart
2010 1995 2560 2114 gtas Examen.
1834 2111 2947 2279 Gieser benschist den 3 July jüngsthin, begenn
1844 2222 2926 2366 verdächtigen kinder mords in ihr Gnaden
1839 2322 2945 2452 Choster Thorberg gefänglich eingesetzt noch dar¬
1860 2406 2960 2535 tags hernach aufgenommenen information abeid
1844 2490 2946 2617 Zu volg ihr Guden befelch in den hiesig an blonen
1852 2571 2926 2706 Spitahl von danen Cronstags letzthinen die
1852 2653 2937 2809 obere gefangenschafften gebracht, und auf fante
1859 2752 2944 2899 d 23. augusti 1. 42 durch ihr Gudlen Viener
1869 2833 2955 2977 für das erste mahl folgender massen examiner
1856 2916 2033 3023 worden.
1864 3071 2930 3253 Weres seye, ber seine elteren voher und lere
1852 3185 1948 3269 alt
1868 3297 2970 3448 hsseye Elsbeth Blorgdart, sein aber senne Niclaus
1856 3400 2971 3537 Bloergart deß grichts, und seine büchter vermelden
1854 3489 2957 3612 fali, auß dem kranchthal ambs Thorberg von
1865 3567 2335 3693 20 jahren alters
2778 3660 2888 3781 K.
