3024 4032
800 807 1760 1045 Alß habe sy zu vilbringen 2 rock genommen, sein
810 940 1762 1104 fingerring und ein fürtach, so man aber ihren wder
814 995 1094 1114 abgenommen.
791 1088 1746 1275 Eye brot und ein barspuch, so sy genoßen und zerbecht
811 1199 1715 1369 Verners habe ihr man ihre 5 lb zu gebracht
793 1302 1310 1449 Im buchberg 6 brott.
789 1400 1638 1558 zu Oberwyl mit hilff ihres manß in brott
818 1503 1732 1649 2 lb anckhen habe er ihr ehe man ihr zu bracht.
819 1599 1732 1718 ynlachen ein bar ermell, so er seyner mugzerg
787 1676 1523 1785 Eyn gippen habe er ihren gekaufftn.
709 1748 1738 1856 Disere soll mit rütten ußgehauwen dem b bezeichnet undt
734 1814 1739 1897 von statt und land gewißen werden. Auch daß vrozet so sy ze
729 1872 1728 1987 geschworen bestettigen. Daß ere urtheil ist den jutijerstet
932 1925 1700 2089 Galli Mullerr
948 2080 1237 2184 hinderlacken.
764 2208 1705 2342 Ward auch auff glychem tag den 5. julii ptynli
790 2306 1665 2416 examiniert worden und hat bekhendt.
744 2403 1707 2543 das er an einem unbekhandten ahrt brot genomen
792 2532 850 2597 hab
728 2550 1693 2672 Den keyeren gin und wider uff den alßen seit
770 2625 1706 2770 Nidel wott und ancke des glychen auch in eal
780 2733 1071 2830 b er genoßen
767 2727 1714 2901 alhier ein dotzet hendtschusp man uß ihre
755 2828 1705 2998 preset) gestolen seye ihme aber widerumb als
756 2967 1045 3054 lagt worden.
731 2907 1704 3148 Ist drey monat lang in daß gchallenwerck erken
752 3005 1627 3198 worden und mit ketgenen angefeßlet worden,
978 3169 1687 3380 Nichauß Mee
891 3239 1688 3450 Von Attißwyle Andmioß Ehgen Von¬
894 3305 1692 3534 deyttingen undt f gh chanz
919 3406 1682 3625 Mari habendt nichts bekhennen welle
707 3542 1672 3749 Disere drey persohnensindt jeder dech
711 3550 1676 3818 wuchen in da gthall einwerck erkhendt wrden.
726 3683 1498 3926 e lnd orrne e whl
2864 855 2956 928 167
2039 880 2886 1051 Hanß Fischer von Riudeis
1803 974 2478 1130 m lintenpirt.
1812 1230 2904 1397 Diser ist Schonheior einem jhnr als ein junger
1841 1321 2907 1467 tarcken ninessig gehender gsell, so in einem
1800 1403 2896 1534 weldt mit anderen snes glychen bösen buben
1838 1480 2903 1642 gspilt, gefergen vnd alhar gebracht nach
1821 1576 2892 1718 dem er aber mur etliche ggnge diebstal
1824 1669 2932 1801 beklert, etliche monatlang in das schallen
1815 1746 2967 1892 werch gethan, vnd volgents mit einer starcken
1832 1832 2875 1993 epsur vndtmanung, widerumb veff
1822 1929 2878 2074 tegen fußgestelt worden, so beschichen
2008 2018 2074 2077 h
1792 2018 2854 2164 Den3. rachmonats Annoi637
1792 2101 2890 2241 Wyl er aber sich hierab nicht besseret nach
1771 2186 2884 2320 bekhert, sonder müessiggangn vnd stälen
1786 2292 2894 2425 wytsers nachgehengt, vnd zu Costorff in ein
1774 2374 2835 2515 sonch brecheen wollen, ist er darob
1815 2455 2890 2627 ergeiffen, pfengetlicheshie yngebracht
1798 2541 2898 2715 Volgerts Cnster khandtnuß bnerner g. hre
1791 2642 2854 2806 pemlich examinierten vnd wl er mehr
1809 2737 2869 2871 nicht dan drey oder Eneraetiebel von
1800 2819 2875 2958 ghring importans Verrecht nit dem
1770 2892 2892 3073 Kÿdt von Stat vnd LandtKreisen Wordtn
1775 2981 2621 3133 beschach den 21. decembris 1637.
1780 3077 2817 3247 Es hatt aber auch disere verwyseng vnd
1776 3163 2904 3324 befrouwliche vermanung verruererstraff
1763 3245 2912 3430 fhals er widerumb betriffe werden solte)
1767 3329 2871 3498 ae Ihme dermassen nit gefrachtet, dan das
1790 3413 2853 3610 er glychernas em hornungs dises khars
1784 3496 2863 3662 zu Zachstetteenvnnd abermalten ob einem dieb¬
1728 3570 2888 3772 stal erdappet vnd durch den Erenwegbell
