3024 4032
359 359 1415 664 Abermalen mithilff, Hans Jacob Gasser
360 546 1343 715 der Muli zu Heißeren einhalben auc¬
1353 669 1427 753 b
379 628 1409 845 gestolen, den sy glychermessen sonsten das
370 746 1356 934 ner vmb zwo kronen verkhaufft
387 844 1412 1081 Obenthalb Feyburg vum einem Schlössi g
378 982 1411 1158 narten ihme nicht bekhandt, habent etwi
391 1080 1420 1253 entwert vnd ver khaufft, darvon Ihme
412 1183 905 1348 zutheyl worden.
366 1244 1421 1470 Den herren Prederendten zu leyl halet
386 1404 1411 1589 orch by 40 pfundt welen uß zuns
383 1489 1419 1694 gestalen vnd Kuen dicht Gingeer d
365 1595 1417 1751 vmb 4. v verkhaufft, er vermelder
373 1689 1424 1846 by auch, das vermelt vilanzogner ha
355 1792 1423 1960 d drettner vffem Groß, Ihnen anlis
388 1886 1411 2027 zu sölchen diebstälen geben ihnen auh
346 1969 1419 2137 Ir Schrotysen, fhunehng Vndein ges
390 2078 1414 2240 enthlisen khanfft uin zugstelt n
394 2169 1408 2347 instramenten sy die Spgch offen
347 2279 1402 2466 Ihre Ciebereh verrichten khönne
211 2386 1404 2575 Geerners heer auch dem Hr prediend
353 2509 1396 2701 Gurzellen Yrbracht, demselben si
357 2583 1409 2815 Carzelltork, der frouwen ein sutsih
317 2688 1389 2905 und 2 ober lerdtsche r�rk eit
371 2756 1405 3005 stifell vnnd ein bade Schuch gestalt
369 2840 1400 3107 alles Ihnen Grieß Vblins Prouwk¬
328 2938 1397 3182 Kumdenen matten alhie vor der statt
377 3032 1402 3281 nomen vnnd vmb g. B verkhauff
367 3174 1384 3405 ihme 4 lb zu sënentheyl verblibt.
350 3283 1393 3546 Pantzelrotkaber sy vermelter zu
372 3344 1312 3626 penstenhei genheldt
303 3486 1403 3790 Adem mit halffn shriten krmer s
354 3588 1393 3864 dem herren predandten zu Cappeli
2485 224 2594 296 72
1506 281 2586 614 s
1483 381 2567 722 t
1477 475 2590 794 dnder em guthuchener Itrn der Kantzel
1490 603 2558 892 reck vnd ein hechen huth entwendt, so sy alles
1486 693 2600 979 iit sampe fünff pfundtwerchn, einer gagwerende
1464 799 2568 1075 Zunbei In dem Ruetten viet veb 2 f
1447 994 1892 1204 schffsbndt.
1463 1080 2521 1299 Sendtlich habe er auch Lusser eintzig dem
1454 1177 2513 1378 M�ller zu Klüelen zwentzig kronen
1472 1314 2487 1492 beren gelts gestolen von welchem er
1477 1393 2488 1608 drey froren verbrucht, das vbrig
1484 1489 2499 1707 dr Müller Widekumb zugsteltt
1478 1638 1683 1807 e.
1500 1739 2571 1957 Nismalen einest lähr ufzogen worden.
1496 1937 2535 2100 Sste ist diser lasser schon hieuor den
1501 2026 2527 2195 3 genners diß 1636 jars wegen
1490 2129 2592 2298 trintemer Dienen Im Landt vurbher
1479 2217 2515 2400 zeen zu valekringergriffen
1482 2315 2567 2497 vrgeklich alhar bracht, vnd allein
1447 2446 2607 2628 durch den herren Großwegbell shies
1476 2536 2597 2695 Iuns vndlassens halber examadert
1473 2651 2572 2793 worden, wil er aber domalen für¬
1492 2745 2554 2913 eben das er vermelter dienen die
1468 2810 2529 3017 Everserech habe, vnd zu versprechen
1464 2937 2628 3147 Christerlich bruch nach Inn ds werck zu
1502 3035 2590 3206 Gbegere Vster dowalen vffer
1482 3149 2605 3325 mit einer gutem Consur vffergen fuß
1472 3233 2635 3412 gestelt worden. gebt für habe sich hernach
1461 3347 2598 3498 diser dienen, nicht mehrr beladen wyl
1461 3424 2591 3647 ihme fürkhomen, das si sich mit zweyen
1483 3518 2590 3732 brinderen am blukschand verriefft
1656 3679 2120 3819 haben sölle
