3024 4032
940 790 1033 898 by
779 794 1686 1030 Item  Frieriperg, habe er ein halbe
797 935 1707 1156 Sthlon Speck vnd ein deis Stadt anter
766 1038 1662 1268 Eos der kluli am stalden zu Zunngen
772 1172 1705 1336 habe er mit hilff synes gesellen, acht oder
790 1260 1689 1422 nun nnß Muligut gene entfeumbdet
725 1344 1689 1520 welches er deß Anmuns Kgerters Soh¬
789 1442 1683 1596 zd Wichthorff vmb 9. b Jedes naß
754 1548 1702 1688 Verkhaufft auch Ihne anzeigt, das es ge¬
772 1613 1180 1761 stolen gatshe.
763 1723 1688 1895 Da dannen zu gedachts Krinans Schrif
791 1833 1672 1953 Ihnen gangen vnd gholffen obenthal
752 1912 1693 2047 Kisen ueiner Meli nit wyß wne
733 2004 1671 2147 Moosees huß vier meß Nuliken
770 2091 1681 2224 nemen, syent daselbst verragt worden
681 2184 1675 2322 Und ef wälti mit sampt zuen ghalen
765 2265 1358 2432 nach Sanen greyset
765 2359 1664 2547 daselbst heigent sy beid einem Lodt¬
769 2464 1670 2643 man peter Brutschi genant Sehl
737 2554 1672 2723 Sanen Khästen entzwuckt vnd dis
770 2649 1666 2808 einem Soueer, das pfundt vmbst
727 2767 1374 2934 Krützer verkhaufft.
723 2847 1655 3048 Beernes hergentsch Im Sibenthalfir
736 2916 1662 3170 Soych vffbrahen, aber mit dem fun
711 3065 1667 3324 Deßglychem habeit sy vff Wiselbegt.
765 3184 1659 3433 ein spycher geöffnet, daruß s ein
751 3248 1666 3501 rothen Mamen Esschapen verheite
740 3326 1660 3607 e de en ase
736 3421 1655 3719 ns itene
645 3581 1668 3963 e
743 3688 1584 4067 d
2734 776 2872 842 158.
1740 850 2840 1089 Doselbst habe er synen gsellen verlassen, vnd
1758 960 2533 1149 sich widerumb nachhenmet begeben.
1770 1032 2826 1214 Iat sonst wischers nit bekhennen wellen, ist
1754 1135 2784 1317 aberste mal lahe, das andere mal mit
1757 1228 2839 1386 den kleineren stein, vnd das dritte mal mit
1776 1325 2597 1516 wegen steinen gefeckt worden
1754 1431 2813 1600 dißer soll mit ruegen ußgeschwungen mit dem
1761 1533 2805 1660 bgezeichnet und den nach von statt und landt
1764 1625 2086 1733 gewißen werden.
1849 1691 2643 1883 Anna Rieder son¬
1845 1810 2730 1987 Hannßwyl Solotharuer gebirts.
1745 1935 2803 2081 Dieselbige ist sthon hieuos gfengeklich alhie
1750 2036 2797 2165 enthalten, vnd wyl sy also munessig gehendt
1751 2125 2830 2264 In Landt vmbher Jogl den lüth beschwer¬
1736 2200 2825 2342 lich gsein, mit einer gaten Censur ledig gelassen
1751 2298 2832 2439 worden. Wyl sich aber hihers an ein jungen
1757 2373 2240 2504 sollen, nannens bind
2572 2382 2812 2502 geheuckt
1722 2474 2828 2601 war Ihrem furgeben nach die Es bersprochen,
1768 2560 2830 2713 ber schein kilchenracht gehalten) mit ihme
1744 2644 2839 2792 by Sechsweche In gof Zursrgs vmbher
1705 2726 2816 2883 ogl. vnd hiemit nochmelen grencklich alhar
1720 2808 2793 2971 gebracht, pynlich eparnniert worden.
1728 2937 2851 3039 habent mein g. Herren sich der auß gewenter
1731 2979 2807 3129 cortur ersettiget, vnd erkhendt das sy
1733 3053 2828 3237 mit sampt Ihrem Sohn Christen Jacob nach¬
1743 3149 2756 3306 gevelt, mit dem Eydt, ben Stattt vnnd
1717 3228 2788 3415 Landt gewisen auch durch den provosen
1755 3328 2823 3512 uf dr grentze beglëgtet werden solle.
1776 3441 2698 3603 e Grichtet, den 23. Junii 1638.
