3024 4032
295 434 1360 645 buuer da donnen einem buren Ist u
358 588 1374 776 hosen, die Inn der stuben ghanget zweden
363 705 850 863 batzen gestolen.
307 814 1397 1081 By iggirverg, onh ls einer stules h
304 974 1370 1179 Der den hembder zndfuffkrigen
381 1083 808 1251 ertfrönbdet.
373 1207 1398 1402 zu Ehun einem Landtmenn kan Gh
376 1339 1396 1510 Shnen hosen 2 x 17 batze entwendt
340 1439 1376 1612 Die er Ihme aber widergeben muessen
402 1579 1389 1760 Dem Junge Hanß Jung zim bergl
419 1681 1393 1846 ynem trog, an welchem er den shle
408 1777 1339 1955 fundl fünfft keonen entzuckt,
411 1916 1411 2119 zu Furnen vier himblen vnd si
382 2113 682 2212 ragen.
376 2155 1415 2344 Abermalen im Eggeuergt vß einen
399 2248 1409 2441 trag 36 ellen rysein schuh d
420 2345 1414 2560 einem hartz vnde ellp 6 fru
423 2515 838 2679 verkhaufft.
402 2565 1408 2833 Den Luthenen Im Steinmans Iic
419 2755 881 2896 maß aucken.
370 2796 1412 3065 Melcherr Reyninger daselbst ein
405 2872 1434 3205 Estd en rte
397 3013 1419 3339 Eren shren Kires gesgente
443 3137 1436 3443 en seihen eh
440 3359 1148 3559 den Cuntz entwent.
414 3381 1433 3687 den sres eefeis he
463 3490 1393 3806 ee n d nd
438 3621 1421 3925 silgehen wte
485 3817 1131 4014 astititren masser.
2483 316 2655 430 6.
1454 342 2557 647 Item vn der Langenegg druhembder
1505 481 2614 765 Dem ehman zu Reiggisperg einliff datzl.
1488 596 2683 879 und dem welcher an der halden zechen thalben
1469 784 2061 979 sis tenstendet.
1488 832 2605 1117 Im schangnuw ein barhosen, ein wanmust
1505 930 2676 1235 zeiyhender und vierellen thuhentrag.
1497 1057 2603 1316 hosen vnd warnsell vmb 24. vnd d
1497 1184 2413 1404 lich vnmb 3 batzl verkhaufft
1473 1344 2578 1547 Im weern piat einem buren ein Sulber
1494 1441 2569 1610 tronen ein reychsthaler vnd zwen
1520 1546 2144 1727 tuchli dieken gestolen.
1501 1656 2655 1825 An einemort genant Imbern, habe er ein
1519 1765 2669 1908 berSchuh vnd Sellenthuch genomen das
1526 1867 2631 2018 thuch einem krümer die ell umb zechen
1498 1977 1996 2140 fei verkhaufft.
1507 2061 2678 2280 vnd In Hanssen Suters huß vm Guggen
1510 2217 2617 2374 Joerg, habe er sechs batze entwendt.
1491 2364 2669 2537 Keythers hatt er nicht bekhennen wellen.
1484 2498 2663 2698 diser mitschtles Ist das erstmal lähe,
1483 2614 2606 2765 das andermal mit dem kleineren stein.
1475 2719 2622 2919 Vnd das Deitmal mit zweyen steinen
1494 2839 2381 3017 uffzogen und geferkt worden
