3024 4032
849 467 1151 620 Nn
611 504 1407 758 D Eich
620 688 1549 937 Coann Geisiege Im Enmthal¬
624 828 1534 1059 die zr den 20 septembbr 169
580 992 1544 1188 daen nach dem benehch en. 9. heren
570 1049 1546 1278 und Cerren dirch vhr chnd
584 1188 1544 1382 diewere Ghreyterg boll vnd zuh
565 1319 1557 1476 scheuber wortt ernstlich eemie
591 1417 1533 1607 und befragt worden, E zinsti
571 1538 1553 1718 Owaldt dem Walckeretlich
562 1652 1521 1818 ellen thuch ab zner bleiche gst
528 1746 1537 1910 habe, wegl  eben desselben thachtan
1345 1840 1504 1926 ja sur
537 1866 1525 2024 Ihrem lybtrage. Aas olches
441 1968 1535 2115 ernstlich vememet, vnd furgeben
548 2058 1527 2236 alls sy bschinen sommer leicher
513 2163 1538 2320 weger vnn der Woleg gholffen wde
490 2261 1524 2439 habe vnd sy derselbig athar Inde
499 2338 1513 2547 statt gschickt ein fläschen mit dese
526 2476 1531 2682 gehalen. Habe sy drey stärckn
529 2564 1537 2795 gfellen (die Ihren aber gaut
497 2668 1515 2854 khantkent) in einem kellerhalt
498 2764 1520 2989 dartroffen, mit sampt einer P
483 2863 1511 3110 die ohnsher von dem Oberren
504 2987 1507 3199 in einem Sommerhuß wohne Ihre
493 3089 1533 3332 aber diene by dem Junckhere
476 3204 1530 3445 Münsings die habe Ihre aused
479 3292 1516 3601 se dus 16 lb
431 3382 1515 3700 vnnd gendt, gedachte zutrage gsellen
457 3594 1516 3924 ei een tehe
2575 322 2702 405 113
1608 397 2692 734 sind set sens
1622 531 2722 875 edt nendens
1603 633 2714 962 uen zenere
1604 745 2685 1054 stll, mit Schwartz keusen larben
1593 870 2716 1193 haben im BennsBärtli trage auchbeim
1603 994 2678 1240 vesen vndem beuns Cassaggen
1575 1153 2718 1382 sndere aber zuotzythen syn klegrung
1588 1219 2699 1439 die er eil flege habe. anders hat sy
1589 1317 2640 1538 nicht wüssen noch beklenmen wollen.
1599 1401 2674 1620 Wilen aber m g kb und oberen, sy umb
1593 1537 2635 1685 aß verdochtiger gefallen, der gestalt
1594 1598 2713 1757 daß dieselbigen an disere ihre ussag neht
1610 1687 2720 1812 somme können, Alls habendt hochgeacht ihr,
1617 1776 2695 1920 ggenwürtigkheit 6 Damell Gerbers
1611 1867 2746 1971 des ghatts hrr Hartman Ether  Bürgeren
1605 1939 2755 2048 und s Grosweibells von Büren, sy den
1591 2010 2666 2152 roctober, Verner examminieren vnd feckhl.
1594 2106 2747 2247 lassen, Noch dem nun ihren fürgehalten gs
1600 2183 2713 2299 gnicht 20ell tluch in der krentz gassen
1591 2255 2740 2369 einer Er zu verkhauffen geben, bekhandte
1583 2316 2724 2474 sie solches woll, allein dasselbige seye Ihr
1580 2410 2692 2541 von der vorgemelten weibs person, zu
1593 2478 2658 2639 Sthauffen vbergeben worden, wo sin
1593 2553 2783 2698 ber mit demselbigen thueh herkomen, möge
1591 2606 2746 2788 sie necht wüssen, seye auch alls das
1598 2693 2769 2891 gelagte thueh, endtwendt gar neht beyge
1593 2760 2721 2932 wesen, vill weniger wüsse sie von wein
1598 2844 2783 3041 lehes bescheehen. mitt den 3. jungl gesellen
1602 2930 2766 3109 als dem korkhenhaußen Meyenrad und
1595 2977 2752 3205 essler Adam habe sie khein gemeinschafft
1590 3071 2770 3246 der kundtsame nie gehabt, anders alls vor
1585 3132 2804 3336 ungefahr 5 jahren damahlen sie Burdorff
1575 3214 2784 3397 der auch er der Lorkhenhauß gedienet, er
1588 3292 2792 3513 der selbiger zeit solcher leichtfertigkheit
1586 3365 2803 3565 uind böser stuekhl nit verdöchtig gwesen, seit
1582 3433 2800 3643 dero aber habe sie in nemahlen gesechen dan
1581 3487 2772 3722 eeeslich an verscheinen gehaltnem regunendt
1571 3564 2785 3817 da seye eruff mit sambt seinen zweyen ge
1585 3659 2817 3856 ambten gefellen uff dem breit veld gewesen
1567 3692 2742 3938 habe etliche kärleh zu verkhauffen fwill
1569 3781 2804 4014 gehalten und gen dem Kellerselbigen tags
