3024 4032
501 487 1499 722 vnchristenliche sachen von anderen g hurt
504 606 1501 812 reden vnnd dessentweg von dem Gaten
477 681 1489 871 der Inne zum zythen von syner angebonne
480 754 1493 963 bosihenth, thul kheyst und halbstarriche
527 872 1498 1039 Löbell gschlagen unnd trustiert) da
526 976 1489 1132 er solche behandthat wenekt sonder
520 1064 1500 1243 Darob gesechen, den nachbauren erzeltn
545 1155 1504 1320 auch Ehme Ehie mmt denen er zuthenscha
541 1238 1463 1410 haben solle, mit namen gemanget.
557 1331 1488 1481 Vnd so dan vorgedachter Elli Jorggebe
526 1422 1483 1577 wenig zuihs vor disem, deren eine von Ihrem
524 1509 1495 1670 Mannerkhaufft die gar furtreffenlich
546 1576 1467 1738 gsin sye, habe erlh Garbli dessentw
534 1667 1469 1835 zur erdrstelt und gesagt, ihr stieffsohen
541 1761 1497 1900 gebe derglycher disere oder Jeie rede
507 1839 1495 1995 deso von Iuem Vatter, vnnd das er sichen
517 1930 1486 2073 mit Ihme aberkhaufften thu vergangen
512 2027 1484 2168 habe wann er wieste das dem alsower
499 2120 1487 2253 wellte er sy abschaffen, sonse seerge
520 2193 1484 2347 sinnet dieselbegs, so lang sy gutthue
522 2300 1483 2427 zubehalten. We zum gren San¬
526 2373 1486 2515 entschuldiget, auch die anerborne vra
543 2450 1474 2608 und boßhöych ihres stiefsohns aug
514 2529 1480 2714 heige er sy glychwol vermant Cuffe
528 2609 1482 2804 man getachtung zugeben und wore
494 2711 1476 2887 wann er von dsseren ortten harbhen
520 2792 1458 2997 ob er zum erstem zim stall oder abs
513 2844 1485 3061 der hußthuren zugange, den sy das
527 2946 1478 3157 so vil gevolget, mehrmalec Caff ve
525 3015 1474 3286 grachtet aber das muntste icht
512 3132 1469 3342 mereben noch souern khönnen dan
477 3193 1471 3463 wdrigen thäls sich synen entzagen.
498 3317 1460 3540 den schndsigung gwüslich gefuchthe
515 3368 1483 3692 e ien seage d
508 3508 1470 3768 dem stiefsohn unnderangengestelt hae
513 3555 1479 3912 schtlchenge
1544 435 2622 757 t
1566 529 2618 821 i gehen vnd wen das lob geben vnd obß
1558 633 2610 904 lichrol stief muter hege sy Ihme doch mehr
1551 696 2699 995 gehrten dan der vatter erzeigt aber darby
1522 803 2614 1099 sheldet, er hinge zwar von Ihren nicht sells
1561 880 2677 1174 shört, das sy synen vetter ob einer Ceheisten
1555 1018 2604 1237 lichthat gesechen und gfundn habe, aber
1543 1079 2660 1316 guscwol synee die rrden gangen, das sy Innee
1549 1182 2634 1385 gfurden und solches dem Cellle Joogg
1558 1293 2032 1442 vegt haben sale.
1540 1351 2579 1566 Die siefunnter aber widersorach thme mit
1562 1453 2650 1634 harten wortten vnd vermelden, es sye zwar
1552 1542 2608 1723 Irman fin ruch vnd herter man, aber
1550 1636 2665 1789 Sarneben also beschaffen, dassy emchesen,
1565 1707 2610 1907 seich sach von Ihme nicht gesechen vnd er
1549 1815 2665 1981 der Soht habe eine den Vatter stäths
1557 1918 2625 2065 geschicht vnd gffochen, sie Gottlos vnnd
1559 2009 2653 2171 verricht gsin, auch neinent volgen wollen.
1531 2156 2599 2327 Eitstalßo . Ihr min herren vnd Oberren
1522 2269 2605 2406 nsfenge, so Im gehaltner examination
1564 2360 2692 2503 vnd confrenstation diser deyen personen
1544 2448 2642 2598 hgebracht und erscharen werden mögen.
