3024 4032
369 411 1424 681 Ob Ihme nicht vermeldte sein dochter Gdarben
370 551 1419 761 Inn Ederdicht diebes ehret Ermanshihli
350 647 1420 847 gfluchet und hemer gschmecht habe hatt e
368 779 1418 941 euber volgende antwort geben, Wie
379 871 1431 1057 ne e envas tagen vor letst hinge
387 950 1420 1129 nemn heyligen pfingstag, synen dochteren
341 1039 1418 1228 Fwerdicht dick heimgesuchet gan Ziegelen
369 1157 1420 1327 khomen he. Da Inne der Dochterman fui
383 1249 1414 1405 ich epfangen, auch als baldt der dachte
396 1343 1417 1498 iner frauwen beuolch, Ihme dem Bat
388 1444 1395 1600 ettwar zuessen vnd zutrincken zegeben
355 1551 1392 1699 dessens sich aber geweigeret, vser hund
370 1638 1406 1793 zug gangen vil gredt vnd brumlet
377 1733 1417 1919 nicht verstahn mögen, Inmassen sy Ime
363 1845 1418 2017 gstalten enteuffet, das er ein Pteken gu
386 1959 1411 2125 yschlachen wollen, es habe aber der Ih
304 2056 1406 2205 man Abgewert vnd Inno vermant, das
375 2172 1396 2343 er solches bleyben lassen solle, wie er
356 2260 1396 2464 gethann, er habe aber ein mmutsten nch
358 2372 1360 2573 gehört, das y ihme gfluchet heige.
350 2484 1394 2694 pittet darueber gantz flechenlich es w
378 2583 1398 2763 ein hoche gnedigk Oberktheit, Ihre wye
352 2677 1391 2866 Schwachseyt unnd zugent (dann sy nist
350 2769 1393 2959 dan ohngeerdt 18 shar alt r dbee
341 2850 1392 3079 Cundit e nicht nach errdieren widersts
355 3017 814 3187 dieren lassen.
301 3077 1394 3313 Allenen weder die dochter nach ihr s
319 3218 1373 3436 die arhezt bekhonnen wollen, sonderd
342 3261 1391 3538 so gluupfflich alls sy thonen vnd port
329 3381 1378 3681 Whiereber volgende khundthaff
327 3469 1381 3764 Vndverhart worden, welche den b
321 3547 1384 3907 erent i eehe
2575 343 2695 458 67.
1526 408 2367 664 ausend zaiget, wer sollget.
1452 512 2620 814 Iereninas Pramisperger der Zigler zue
1485 626 2660 888 girglind i grichtsgschworner zu Frie
1515 755 2583 941 upergzeüget by sinem eydtwarsein.
1493 848 2623 1058 alls bendicht dieck sein achpaur vor letst
1510 939 2585 1138 verschinen heyligem pfungstag einfassmit
1493 1040 2674 1269 eun vrleggen lassen, habe er Ihme vnd anderen
1526 1170 2641 1331 ogeholffen ein trunckgeben, darzu dann
1503 1229 2554 1420 erdt vorgedachter Görg Gyosein
1473 1318 2693 1549 Schwecher khomen, vnd von sinem Tochterman
1502 1444 2619 1604 rundtlich gewelkhomet vnd empfangenn
1507 1517 2667 1708 wordenhe. Als nun dick syner frouwen be¬
1519 1618 2650 1813 olchen Ihrem vatter ein trunck zuholen, vnd
1522 1736 2661 1889 grat zunsten zgeben, habe  sich dessen ge¬
1521 1827 2590 1964 wigert, welches Inne Zeugen erbarmet
1516 1903 2584 2059 Inmissen er by dem Wirth Gendicht
1491 2020 2621 2171 Suri solls einnas reychen wollen. Wie
1517 2108 2639 2263 im die dochter solches gsechen, habe sy
1509 2190 2639 2351 rcht Ihre die khannen vnd das gelt zu
1510 2300 2673 2450 einermaß abgenomen, dieselbe im Keller
1502 2388 2601 2549 gricht und ihrne zeügen zugstelt mit
1456 2478 2630 2660 denen worken, das es Ihnes (namlichen
1486 2566 2660 2749 dem Vatter der Shäuffel gsegne, Alle
1477 2663 2656 2848 welche wort Ir Vatter wol ghart, vnd sy
1503 2754 2648 2945 vt einem stäcken schlachen wellen, gsye
1489 2864 2590 3045 bergflochen, vnd harns habe diek Ihr
1493 2980 2572 3120 man zu Ihren gredt, hettest Inne mir
1486 3055 2575 3222 machen lassen er Welte Ihme frey geben
1472 3113 2601 3322 haben. Es heige auch Gyo, sy zuhören
1452 3262 2605 3401 deren etlich deß Thorgrichts vermant
1456 3326 2604 3530 s sollen ge dochter verklagen, oder
1465 3458 2605 3658 er welle sy die chorrichter anklagen.
1449 3524 1971 3722 nd verbegden etc.
