2448 3264
332 569 1170 730 3. Domn zu fiechten bey Zuttryl, heigereten
486 660 1164 781 etlichen tharen Caß teibdeßhungers
487 736 1162 849 in leibbrodt, aß einem bachofen ent¬
478 799 1156 933 zickt und mit wyb und khindn gessen.
461 882 1151 1018 rythers als er zu Seüren dum Hoof
454 978 1155 1096 vor ettlicher Zeych getröschen, heiteer
461 1035 1141 1153 funff meß Thorn entfraubdet nach
457 1096 1137 1218 Jegenstorff getragen, da man Ine
480 1160 1172 1290 eeylt vnd dasselbig widerumb abge¬
479 1238 708 1299 eomen habe.
444 1287 1140 1428 Ien Kurtzenberg, habe er vor zweyen
468 1377 1137 1474 tharen ein hußkäßli genomen und
480 1441 900 1534 mit den suetn gewossen
467 1505 1141 1642 Vonnothin mnthilft eines syndt gesellens so
474 1592 1086 1695 Jatz letstlich iin Ereekeich zogen.
474 1648 1157 1742 heigent s mit andergrabeuug derschwellen
464 1703 1124 1820 zu Rüpelbrind ein genden geöffinet
454 1767 1136 1869 vnd daruß funft leiben brodt gestolen.
460 1849 1147 1980 zu Tuecherswysl, auch vß einen gaden,
446 1927 1129 2048 heo mußinben vnd dre leiben
472 1992 812 2090 brodt entwendt.
466 2045 1161 2170 Item Vnneer von Ruterbach bylangen
458 2108 1147 2273 hent sy beid glychermassen ermnitlist
456 2185 1128 2332 Vndergrabung der schwellen Iin ein
454 2252 1112 2414 gaden khomen, daraß sy achtleiben
439 2336 879 2471 beer enfrindeste
447 2408 1136 2564 zu Empich uff glyche wyß uß einen
419 2470 1102 2656 gaden 10 leiben broitsentragen.
368 893 415 948 4.
361 1289 410 1380 5
340 1527 414 1606 5
347 1906 408 1974 7.
348 2123 388 2182 8
330 2523 396 2596 9.
1969 403 2034 476 18
1208 483 2034 731 en ten shahe
1297 581 1975 774 es kußlienffröubdet vnd das pfundt per
1236 683 1672 859 flit enthaff
1267 732 2001 912 Herrners mit hilff obluth, habe er Im Zielibach
1267 807 2000 1013 Vßeinem gaden zwo mußancken vnd drey
1265 921 1621 1032 libe endtgstolt.
1266 972 2001 1137 Glychermassen mit hilff zweyer anderen iner
1283 1034 1991 1207 gesellen, habe er ein Kassenthueren helffen
1256 1090 1994 1257 welches zwar zu fryburt umb 20l
1269 1163 1992 1302 broum verkhaufft aber nicht mehr alls
1281 1220 1973 1381 Sichszehnen erpfangen, wyl mun Ihnen
1288 1293 1994 1433 den rest ohne fürwysenden thyn wahar y
1298 1369 2003 1486 mit dem goss khomint nit geben wollen.
1284 1420 2003 1541 von welchem gelt Ihme mehr nicht dan wo
1285 1494 1822 1612 fronm zutheil wordenshent.
1221 1571 2005 1699 13. Zu Heinrichwyl vm Glothurner gepiet
1295 1650 2020 1753 habund er vnd setz letstgemelte her con
1242 1710 1990 1809 lorten, einen Keller gröffnet, vnd nun
1309 1784 1890 1884 maß ancken daruß entragen.
1234 1856 2006 1981 4. Itmm zu Coffwyl drey khäsen, drey
1296 1927 2007 2052 maßwyn und fünff leiben brodt.
1217 2029 2038 2158 15. zu Schnottwyl sönt sy durch unttell ander
1261 2107 2025 2236 grebung des schwellen Innein gaden
1256 2156 2052 2299 thomen, Cß welchem s. 7. leiben brodt
1282 2221 1878 2367 Gerdachtthuß keglich errewendt.
1223 2299 1987 2472 16. Zu Littemegt, habe er ohne hilff ein
1277 2380 2032 2543 hußthuchenes parhoffn gestolen vnd
1290 2447 1852 2597 Imbein kronen verkhonfft
1207 1066 1255 1136 3
