3024 4032
891 810 1666 1047 llie n geche d en
889 945 1718 1146 3 Silberne Köffell endtfrombden
870 1038 1683 1209 und die dem Heinn zstägen umb
874 1103 1680 1242 40 b ein selbernen ring von
856 1172 1687 1356 gleichem ahnt hatt vmb 10 keit
851 1268 1177 1360 verkhaūfft.
857 1329 1681 1508 Dem bentzen zu Riderrind, vharte
924 1429 1689 1582 Hun und dem wühred zum
860 1485 1688 1671 ein zmungen für ein silbernen bey
862 1595 1338 1717 letstlich endtragen.
832 1680 1682 1806 Im übrigen der vorgehalten stuek
827 1774 1669 1877 gnneten halber, daß er mit dem
844 1834 1662 1942 gaaben gottes, spyß, und tr
856 1915 1662 2019 In der gefangenschafft nicht gebuhr
844 1978 1665 2081 under massen, mit danehgbahrt
805 2067 1647 2179 handle und niessen. oder der
831 2125 1644 2231 bose kunst den marteren glei
836 2182 1649 2322 über die fyrst und Bälekhenl
824 2262 1654 2397 oder woll gahr gemeinhafft nit de
826 2332 1643 2460 bösen geist an zune ere
826 2391 1648 2564 zu haben, bescheeye eme groß
823 2481 1618 2625 reeht. Ist einmahl redig und
836 2560 1614 2700 2 mahl mit zweyen steinen
817 2666 1456 2799 uffgezogen worden
2713 814 2830 880 151
1895 846 2624 1020 Andreß 1882 vor
1876 936 2757 1121 Dätingen Solothurner gepiets
1901 1024 2743 1177 ein 7 oder 18 jariger knab.
1781 1179 2847 1341 Nach dem derselbig von Mur gefäng,
1788 1257 2877 1404 lich albero in e meiner 9 h gefangen.
1791 1339 2836 1513 schafft gebrocht, und volgendts uß ihr
1763 1451 2818 1589 gs befelch freitags den 25. maii 1634
1772 1515 2856 1679 ie gegenwertig beywohnung der hoch-
1774 1587 2855 1735 geachten, Ehren Vnsten, E. E. E. vnd wysen
1769 1681 2846 1809 herren hr eammell Haaß des kleinem
1759 1767 2839 1903 Rhatts, hr Jacob Reinhart des stiffs
1766 1841 2715 1970 schaffners hr Groß weibels von
1746 1944 2819 2048 Beren seines thuns und verhaltens halber
1757 2029 2761 2135 Im teurn zu Marzili examiniert
1762 2103 2742 2194 und befrogt worden. Hatt er
1750 2176 2754 2319 bekhendt, das der jenge diebstall, so
1749 2259 2820 2393 binder ime gefunden, allß er sambt seiner
1744 2341 2791 2458 jungen bruderli seiner schwoster und
1749 2419 2762 2525 nach einem anderen jungen meidtlen
1747 2465 2815 2619 im haltz zu Rubigen, deß willens nach
1700 2541 2792 2685 Bern zugahr, gesessen, ime ungefahr-
1741 2627 2751 2746 der sachen von seinem altischen bruder
1726 2705 2688 2835 mit namen Ulli sye ein wenig zu
1725 2768 2774 2926 verbueden, gebracht und geben worden.
1712 2865 2711 3016 und daß gemelter sein bruder Ullin
1717 2928 2737 3060 mit hulff noch zweyer anderen
1724 2995 2793 3151 gespanen, Da der eite Casper Walte
1726 3076 2698 3208 sieh nambse, den anderen khäne er
1735 3129 2713 3301 nit sy ein kurtze person habe wyß
1671 3216 2735 3353 Josenan) selbige sach zu Muri (wie
1718 3283 2760 3460 er ime fürgeben uß ein storkehli ge
1717 3367 2715 3514 nomen habendt, er aber habe sein
1714 3431 2759 3625 tag weder darzu noch ander dergleehl
1718 3504 2730 3666 Mishandlungen nit begen gangen, sonder
1708 3560 2670 3716 mit seiner mantter (die er aber an
1709 3612 2717 3776 jetzo necht wüsse) mit einem specere
1697 3669 2764 3881 Krämli im landt umb hergezogen.
1702 3741 2759 3975 habe ufff ein zeit ein entzigs brat genommen
2595 3905 2706 4013 Eß
