3024 4032
731 599 1798 949 eer nanahten
772 723 1794 1013 ein ehwertz Breyll ang sicht brandt schwerzang son
757 819 1779 1056 kurtz har einschlechten hadt schwartz sosen, jetz wes
760 915 1776 1147 trammet kaufft gneinlich barfung suspensus
701 1026 1773 1265 Diser hatt sollen Vrediant werden, vnndt it der Jeig
756 1145 1762 1323 der etliche schmechliche ders vnndt pasquillenen
729 1218 1755 1417 da Statt thor zue Bern geschriben hatt sein seih
720 1307 1648 1458 Im Willisauwer unndt Ber piett,
800 1399 1740 1612 Vecie Dien des sihilat Agnes genent Ehe
723 1490 1754 1695 gstandeß mentsch burtz hatt ein Rundt grobeßdan
681 1622 1737 1772 gesicht uber unge angen brunß e har brenen
712 1702 1764 1840 got mit seyner gmeynen pleg buren ermellunnt
733 1785 1702 1920 ein bern huetl uff zeicht uff den Merste
692 1870 1683 2010 hermmb vnndt In Prach sell walder ampt
720 1971 1738 2150 Schilet Rudi uß dem Centzberger ampt ein alte
732 2095 1721 2225 Bestandner Burtzer man, hatt en seys dik angsicht
706 2177 1739 2283 übersunig ange ein schlechter hut Weyß zwisch beke
697 2247 1704 2377 fangt tarck augrauwen, Ist vil Im Willisauwer
698 2345 1705 2457 haupt unndt Bernprtt diser rnemet sich daß e
706 2412 1663 2552 der elteste bub oder dieb seye under der klg
714 2491 1307 2628 Compagney diser lande
696 2631 1700 2774 HHanß Jaggli der Aeißwyler bet ein zeg
664 2710 1698 2853 Dater Burzer junger Carli ein Treydemnd
695 2798 1694 2926 breitß angesuht roth backen geloß har ein weng
691 2861 1682 3015 gelben bart en breytten schwartzen hat blaür
651 2920 1667 3086 Wamnist gener Josen uff oberlendig tragti
678 2987 1680 3169 uffsatz vnndt eyn kindt Ist alle zeytt hn v
657 3093 1319 3244 Landt vnndt Willkli
601 3175 1678 3389 Seyn Dien hatt er Els ein Zupsch lang rahnes
668 3270 1672 3472 gestandnen alterd, vff oberlendisch beklegdt
635 3396 1685 3685 Zürich Frem ein surtz dik bestandes ment t
665 3486 1675 3762 chwarz algsicht groß augen brauwen scho
642 3562 1653 3829 Iuppen mit vil staihen ist ein sehr böse diee
611 3707 1652 3991 richtet worden ze ucht gemeynlich ufff alle
769 3922 1030 4029 Iten umb
1921 729 2991 900 Billisanwber Elßli von Williauw zs
1912 853 3027 960 Stätt ist ein lang gstandes mentsen hatt ein
1902 920 3024 1064 dupfletes augsicht, ist teütsich kleydt ihr ehei
1920 998 3028 1137 Leheman ist gericht worden, dise girnen jucht all
1920 1108 3031 1204 merdeten nach verschlacht sich in die huser unndt
1922 1182 2934 1310 stelt sonderlich uff silber gschmit gelt oder
1913 1268 2102 1385 klegnat
1841 1386 3002 1533 Welcher genart der Langbuell us dem Lugern
1915 1488 3028 1630 eyet ein sehr langer durer Garli Hatt
1848 1556 1976 1621 Er
1897 1568 3029 1720 ein lang mägers angesegt lang har schlecht beim
1885 1660 3006 1803 Burisch bekleydt, hatt seyn strich Im Bußwyler
1871 1732 2509 1867 vnndt willisauwer Amptt
1878 1827 3009 2010 seyn dirnen vreni ein langlecht wy uüredigß ment
1878 1973 3028 2091 hatt ein rund angsicht salblecht har Schwartze inpper
1863 2042 2964 2177 blauw blegenen, schurletz Ereuell bur sch bekleydt
1878 2115 2969 2253 ein endtlibnocher lirt wie die wreyber tragen
1843 2195 2943 2320 Ist vil vff den Merkten ein sehr beschreytte
1839 2264 2041 2363 diebe.
1724 2387 3033 2582 Jacobein schön junger man rechter lengi, duke wol
1849 2478 2984 2658 besetzt hatt ein lupschrit gunden angicht brun
1814 2566 2975 2734 lang har gseyn bart ein weysen breytten hait ohne
1837 2622 2986 2793 binden, gantz grauw bekleydt, spitz hosen allamorten,
1835 2706 2983 2874 gattung keyn Hosenbender hatt ein lang schon wehr
1840 2776 2948 2940 mit seich bletteren hatt zwo dienen bey sich die
1819 2859 2937 3010 eyn ein wysmundiges mentsch hatt ein rundet
1827 2928 3010 3099 angsecht, wyse auch ein spitz hauben vff ein schwartzen
1823 2987 2930 3180 subt ein schlechte gebe sprigenlechtige kleydung
1815 3083 2982 3285 mithermeßiger ptatus hatt wyse soch schnmer
1784 3138 2405 3296 vnndt hetfaderen fegl.
1793 3291 2932 3535 Doffinger Elsi ein groß langeß ment se hatt
1796 3421 2978 3639 ein schropf ein rothbrechts dupfleteß grob feyses
1796 3491 2932 3687 augsicht, ein schwartze zustuhme Juppen mitt
1769 3559 2928 3782 seyner hochen schwartzen plegen, schwertze brust
1782 3651 2913 3846 eyn nider solotharner Hertli zucht mit
1787 3730 2898 3946 eynen vff den Merckten herumb schlin Appo¬
1778 3798 2659 4007 teiker Willisauwer hauß genant.
