3024 4032
376 367 1405 609 vor eier Witttromen zu edten en
373 504 1395 751 von Marily Schäffer em Peyburg
364 635 1348 840 vom Kegler zu Negelind
361 742 1399 925 von Caspar Schnemwlis hußman ein
351 844 1384 1088 Wen dem weybell zu verneng
362 970 1394 1177 Berd habe er selbs den Schreiner
420 1071 1392 1254 und yrgeelzget Esiena
380 1240 1408 1416 Der habe er Cben Clli vff der
393 1357 1164 1514 zwey kinderkhaufft
368 1454 1392 1635 Wnd vom 1thör im keyberg
396 1564 1416 1767 im Stier. Disere erbald
391 1671 1412 1840 er khaufft und yngemeßget, dan
405 1799 1413 1950 er aber auch Erneer Schwynin flich
424 1897 1417 2026 umb 10 f verkhaufft habe, das d
402 2002 1418 2150 bedörffe er gun der Wurtschafft¬
424 2096 1411 2259 er vil gastung habe, und fastein
410 2194 1418 2377 Thar 36 tags mit wyn verben
387 2333 1413 2542 Deß bösen Inzugshalben, vered
422 2459 1409 2623 vil persenen bey ihme zuheret deß
387 2545 1418 2752 khenne So muüesse er auch mergen stud
361 2655 1411 2829 blatz geben den er lieber aber
401 2751 1415 2938 wolce wyl die Wiertschafft ins
386 2865 1406 3064 stande, vnd er dahar vvil besese
388 2923 1418 3177 angwongen buben besorgen mi
328 3126 1405 3312 ls ihme auch fürghalfen worden, d
374 3238 1403 3430 vlvermeinte Trämer vnzuhr
338 3320 1395 3584 Theiren kram hengenwnder vil
335 3430 1416 3715 ihnen handle, hat er nützit darei
333 3531 1397 3806 wesen wellen mit anzeigung in
2517 314 2655 423 t2
1450 381 2570 614 ist michem främer anderst nicht gehandlett
1428 450 2671 691 das ervon einem vnlangest 22 bur gestrickte
1435 579 2252 805 dich schlechte strumpffkhaufft.
1423 685 2617 897 dter dann vil thuch solle wäben lassen unnd
1428 760 2656 1037 rkhufft, wil er von mihrem nicht wassen,
1434 869 2587 1096 dam das er dem laues ann einem stueff
1427 949 2579 1231 wsllen und ein stückli nahelamppen
1432 1126 1899 1309 verkhuff habe
1445 1233 2641 1477 wader z Rüwerburg von etlichen hinge-
1465 1379 2629 1572 gicht bösen buben sölle angeben worden
1464 1461 2611 1649 in, daruon wüsse er gautz nüt, sye
1473 1556 2711 1776 Ihme ouch dessen niemalen einehr meldung
1464 1739 1705 1880 bescheche.
1488 1826 2690 2007 aber dan ein gnach haben solle, In welches
1493 1923 2607 2088 er meinant lasse, werde sich nicht be¬
1491 2027 2668 2241 sind. sze ein Jeffli syner außgrnftigen
1461 2197 2673 2398 letstlichen dan die erkhaufften gstolnen
1491 2336 2666 2496 ach betreffent bleybt er bey voriger
1481 2448 2429 2620 zuergethanen bekhandtun.
