3024 4032
677 732 1690 1056 . hgts sie
676 935 1695 1183 47. Cvnnd an einem anderen ortein Jögg
795 1051 1283 1203 vnd ein beuscht.
658 1123 1642 1330 45. zu Riderwangln . lieben beodt
633 1250 1691 1484 onsher dadannen drey leiben bord
626 1409 1652 1576 Eber an einem anderen Ihme names
800 1524 1610 1669 halber vnbekhandten ortt ein
794 1599 1644 1788 ferthuch vndem alts par Schrch.
614 1708 1643 1871 Dem Krattung zu Gummenn
820 1819 1169 1957 vagen ketti.
624 1899 1659 2066 Dem Haffling daselbst habet sze
773 2007 1616 2141 der soych uffbrochen, aber mitzit
766 2089 1165 2228 Darin Punde.
601 2162 1625 2301 einem yner fründen zu Gunmenten
757 2271 1620 2398 habend sy dey gech Clerben gestolen
758 2362 1503 2495 und zu Wertten verkhauff.
605 2449 1613 2619 54. Dem Fischer daselbst heigint ytlich
781 2558 1595 2703 fisch vß der vnschert geomen
739 2651 1097 2796 verkhanfft
588 2694 1619 2889 56. dem Guecki Wannenmechteste
709 2820 1614 2997 der Gummen kruck zwebed
585 2882 1614 3111 56. Grend an einem anderen ortande
730 3039 1313 3177 thalben leib brodt
565 3128 1587 3344 57e abermalen zu Gummenen zwey
697 3208 1545 3446 hembder vnd Jeder ein kungl.
541 3319 1575 3566 58. Sohabent sy auch dem Erirth zu
698 3435 1547 3712 bgelte i e
692 3509 1581 3786 erndt zu glerte
2700 804 2860 927 142.
1722 815 2609 1024 6. Item an einem anderen nicht wyth
1799 926 2784 1045 dadennen, zwe zwey wamsell.
1713 995 2609 1159 sindem zood kon einem pflange.
1713 1069 2791 1281 zu beütscht an der Stehfenr, dem Sohmidt
1744 1183 2749 1360 habint auch den soych vffbrocht vnd
1722 1270 2778 1453 Zwen wyber rock daruß entwent
1714 1372 2724 1529 N. Dem schnyder daselbst drey Pörk
1768 1470 2773 1624 fünff hembder ertzuebte verkhaufft
1771 1566 2742 1722 vnd er zu shnem theil deyssig batzen
1755 1666 1968 1775 erlasse.
1696 1711 2682 1865 1. Dem Sthumach an der Stussen ein
1738 1829 2772 1965 dar Hosen und ein Wansell von haß
1753 1937 1879 2061 uh.
1696 1978 2756 2143 4 Wie zugleich ein hochen huth eß dem
1729 2084 2586 2228 sy drithalbi bronen erläst.
1672 2196 2729 2372 E. Den Rotz Elli zu Dorißhußfunfft
1721 2290 1997 2396 himbder.
1654 2378 2760 2556 Vffen Keunes frauwen zu Glmitz
1732 2488 2391 2639 im Zußthuchenen Rock
1642 2551 2699 2773 zu vberwangen, habe er (vnd syn
1707 2670 2720 2842 gsan Jeder ein hembd atem ein
1720 2778 2725 2954 auberballen auch etwas zigers
1711 2849 2316 2983 vnd brodt entwent.
1650 2940 2646 3137 . Item Abracham Schwytzer zu
1651 3022 2769 3232 Gotting habint sy den masöpffelle,
1698 3140 2765 3326 ein anckenballen vnd ein zeyb brodt
1694 3204 1997 3366 entenge.
1619 3265 2732 3487 dem Amman zu Wantzeneied den
1706 3400 2714 3567 meß beren Schnitz vnd drey leiben
1689 3470 2350 3664 brodt werder thriert
