3024 4032
516 621 1546 880 unnd gottslesterungen halb zuredt stellen
536 730 1532 929 darüber examinieren, befragen, müglichsten
546 793 1528 1014 fleiß anwenden, und versuchen sollindt, ob er
540 872 1554 1101 aus Gottes wortt besser underrichtett uff
537 975 1553 1170 den rechten weg seines heils, der erkandtnus
514 1033 1549 1222 Gottes, auch seines und unsers allersammen
561 1114 1554 1287 eintzigen mittlers, heilandts und erlösers
535 1181 1542 1361 Jhesu Christi, widergebracht, und allso sein
536 1284 1550 1437 seel uss der gfahr der ewigen verdamnus er¬
552 1357 1546 1503 werden möge. welches dan
541 1427 1556 1586 sambstags den 16. nechst hingewichen
553 1504 1545 1644 monatts septembris diss hinfliessenden
560 1567 1506 1707 1637. jahrs, durch ehrengemelte beide
528 1634 1539 1788 geistliche herren, inn beysein, anhören
557 1722 1536 1868 und gegenwürtigkheith der ehrenvesten
543 1789 1547 1935 fromen, fürnemen, fürsichtigen wysen herren,
548 1867 1544 1976 herren Abraham von Wertts, des kleinen
551 1951 1537 2075 herren Johanns Jerg Im Hoffs, des grossen
547 2014 1537 2133 rhatts, hr. Johans Ludwig Lärbers  Aman
540 2099 1539 2209 im rhathauss, mit höchstem fleiss, auch
557 2164 1526 2256 aller sanfftmuth verrichthet worden. Er,
547 2240 1538 2360 Eggli aber ist gleichwoll dessen ohngeacht
547 2309 1512 2426 uff seinem ihrrigen weg des verderbens
547 2369 1525 2499 halsstarriger, und gantz verkherter wyss
537 2440 1525 2561 verbliben. hatt mit seiner lasterhafften
540 2491 1525 2641 zungen die hoche heilige mäyestätt Gottes
532 2555 1549 2728 sonderlichen aber die andere person derselbigen
395 2650 1537 2802 alls unseren aintzigen Herren, Heilandt
529 2703 1540 2881 Erlöser, und Seligmacher Jhesum Christum
539 2786 1535 2963 an seiner wahren, ungezweiffleten gott¬
536 2862 1528 3055 heit, reinen menschlichen geburth, seinem am
528 2917 1531 3121 stamen des heiligen kreützes für unss armme
547 2995 1513 3188 ellende und sündthaffte mentschen vergossnen
532 3082 1516 3283 blutts, bitteren leidens und sterbens, sein
531 3141 1510 3359 genugthüyung, ufferständtnuss von den
470 3205 1516 3450 todten, sein sitzen bey der rechten handt
481 3271 1500 3548 Gottes, widerkhunfft zum gericht des
517 3336 1521 3636 jüngsten tags, die allgemeine ufferstendtnus
542 3416 1517 3683 von den todten, dass heilige nachtmahlen
1447 3576 1508 3631 wyss
506 3520 1501 3784 des herren, dergestalten unerhörter
533 3594 1467 3902 schröcklicher, greüw- und abscheüwlicher
516 3631 1524 3960 in höchsten grad gelesterett, und endtunehret
2586 376 2719 458 115.
1587 620 2588 852 dass solches zu vermeidung ergernuss, bey der
1583 698 2585 936 jugennt, und dem gmeinen einfältigen pöfell
1595 777 2648 1000 nicht erzelt, und verlesen, sonderen vill¬
1610 836 2642 1076 mehr underlassen und allein die substantz
1602 926 2635 1138 (wie beschechen), vermeldett und angedeütett
2034 1030 2591 1142 unnd obgleich woll
1607 1108 1831 1205 werden soll.
1597 1092 2623 1290 hochgedacht mein gn. herren und oberen, ann
1587 1185 2656 1358 ihrem hoch oberkheittlichen ambt, was zu bekherung
1580 1289 2626 1432 bekherung disers unerhörtten, greüwlichen
1592 1373 2710 1521 gottslesterers Sebastian Egglins dienen
1607 1439 2739 1606 mögen, nützitt erwinden lassen. gestalten
1596 1531 2713 1673 er nach disem den 18. zu Marzili im thurn
1600 1626 2761 1726 mit zimlicher martter, volgendts den 21. widerumb
1619 1696 2752 1817 durch vor wolgedachte beide geistliche herren
1610 1767 2768 1894 unnd letstlich den 28. septembris, durch hr. Heinrich
1605 1845 2727 1952 Gerig den helffer, hr. Samuell Haberreüter
1600 1916 2683 2018 den professoren, inn beywesen herren Dauidt
1606 1998 2720 2096 von Bürens grosweibell und hr. Samuell
1587 2074 2642 2208 Nöttingers, ernstlich examiniert, seine
1602 2136 2648 2282 mehr dan theüfflische irrige meinungen
1593 2226 2739 2357 us Gottes wortt widerlegt worden, hatt
1595 2306 2742 2426 er gleichwoll solche an der martter er¬
1592 2381 2720 2532 und sich endtschlossen, das er auch
1582 2436 2244 2556 darbey absterben welle.
1606 2574 2706 2793 Uff disere des gedachten Sebastian Eggilns
1606 2696 2746 2826 unerhörtte, greüw- und abscheüwliche gotts¬
1592 2751 2770 2908 lesterungen, auch ihrrige, ketzerische ihrthumben
1599 2823 2782 2989 durch welche er die verletzung der heiligen hochen
1599 2901 2729 3044 mayestätt Gottes, auch seiner anerbornen
1606 2993 2770 3114 hochen natthürlichen oberkheitt, in höchsten
1595 3055 2788 3177 grad begangen, habendt hoch- und wolgemelt
1585 3124 2768 3241 mein gn. herren und oberen schuldtheiss, rhätt
1594 3169 2735 3302 unnd burger diser loblichen statt Bern
1592 3255 2770 3424 uff ihren eidt zu recht erkhenndt und gesprochen,
1572 3336 2740 3474 das man inne dem nachrichter beuelchen, der inne
1599 3430 2737 3579 oben uss uff gewonliche richtstat fhüeren,
1584 3472 2730 3646 ihme allda sein zungen (mit deren er Gott
1575 3575 2766 3705 die heylige hoche mayestatt Gottes so grüw¬
1574 3633 2727 3808 grüwlich glesteret) uss dem mund züchen unnd
