3024 4032
732 797 1767 1053 Rechterklandt vnd gsbrachtn, das var ferden
775 923 1763 1139 lachrichter beshelen, der Ime oben Iß
782 1034 1761 1204 gervolnliche Rrichtstatt fhueren, vnnd
748 1108 1763 1299 derselbst ihme diselbst sinhaupt. bih
768 1211 1752 1369 Vnd also mit dem Schwert Adm wen zun halt
775 1290 1741 1451 nach der Coplich Statt Bern rechten Richt
802 1377 1742 1526 zinstags den 26. juni 1638 ist disere vetler
946 1455 1724 1571 an ime Hottenburg erstattet worden.
874 1630 1685 1908 Hanß Gansi
1000 1845 1327 1965 von Bolcken.
777 2040 1697 2211 lach dem derselbig verwichner tagen zu
779 2169 1696 2308 Rubmah im holz bey anderen bosen busen
776 2252 1702 2379 ergriffen undt alhero gfencklich gebracht
770 2321 1699 2461 worden, ist er  us geheyß ent
760 2409 1672 2524 bevelch meyner gnedigen herren und oberen
751 2487 1678 2606 zu Marzili im (hurn peinlich examiniert
754 2539 1688 2664 worden, da er dan so wel den 5 alß 6 jul
729 2621 1680 2773 Diß lauffenden 1636 in bey sein und geschrachen
751 2703 1681 2844 Eheis der hochgeachte, eheren vesten frauen
753 2782 1671 2968 fürnemmen, fürsich tigen und weysten herren hu
739 2834 1691 3022 sfundwigen von Werdts Gammell fre
748 2909 1688 3108 erschs des kleinen r Jaachß, hr. Hanß Hunr
734 2983 1678 3176 von Werdes und irn großwegbelß von Seih
730 3054 1669 3281 beid des großen sgaattß, auch etlicher weyben
752 3123 1655 3353 i g hrn und oberen dieneren nachvolgende
717 3198 1673 3444 diebstal diebstal bekhendt und vernicht
736 3270 1637 3483 auch endtlich an der marter er halten und
713 3474 986 3609 bestelziget.
666 3458 1641 3727 Erstlich habe er mit hilff ann einen ihnen s
729 3530 1636 3790 unbekhandtenohrt 2 l helffen stelen der
721 3651 1432 3880 e Reder fus epege
2773 848 2879 919 165
1817 903 2950 1032 darnach zu Kernenried auch mit hilff einsein genandt
1820 1006 2927 1127 Hanß (deßen ubernam noch auch sein heimat wüßen
1818 1081 2162 1190 2 brott genomen.
1819 1138 2871 1276 im mneren ried mit huff obgedacht ein anken
1813 1247 2835 1366 bellen entzuckt, die ihne zalb zu theil worden.
1793 1334 2842 1474 zu Eysach mit hilff eineren genandt Baben struch
1797 1424 2237 1528 einziechen genommen
1783 1509 2181 1621 zu Ubingen 2 brott
1805 1587 2894 1722 zu Heymbergs Hanßen mit hilff obgedachten Hanßen
1817 1667 2666 1794 käß gnommen und dieselben genoßen.
1792 1740 2674 1867 zu Wantzwyl der mülleren einhalb drott.
1746 1847 2455 1972 s zu Nottenbach 1/2 halb brott
1794 1942 2860 2068 in einem dorff nit wyth von Beüren 3 brott uber
1787 1997 1901 2091 kommer.
2071 2055 2221 2139 halben
1779 2072 2783 2235 zu dozingen ein korb vol opff neüen helffen.
1781 2187 2814 2376 zu Bnetzingen ein zum entzwackt, so er und sein
1779 2275 2851 2441 gespan Hanß zu Kyß bey der muli verkaufft, darvon
1770 2349 2884 2492 ihme umb 10 könter verkaufft, darvon ihme fr
1775 2403 1946 2496 worden.
1777 2486 2866 2662 sittvryth von Morten uf einem keller milch und
1774 2564 2396 2724 idel gnommen und genoßen.
1731 2617 2865 2873 zu worb widrumb ein hun entwendet und selbiges
1765 2738 2729 2936 hernach zu Rubingen umb 2 bazen verkaufft
1752 2840 2791 3037 und daselbsten habe sein gespan us der Pfisteren
1748 2907 2711 3090 offen vier brott 2 batzerwertig enthwackt.
1725 2991 2801 3203 zu Trünstein denselbigen knaben ein beschlagnen
1756 3099 2834 3278 hligtene mit hilff agedachten Hanßen stelen
1734 3121 2829 3354 helffen und umb 2 baten verkaufft, darvon ihme
1748 3234 2436 3390 ein batzen zu seinem theil worden.
1724 3290 2825 3523 Nit wyth von Münsingen mit hilff obgedacht uß
1732 3370 2787 3593 dem gaden brodt und i ancken ballen gnommen.
1722 3450 2877 3743 zu dagersten us einem kübli milch genommen und großen
1679 3555 2801 3787 zu Amlingen us einem kaller ein viertell von einem
1721 3628 2031 3773 huß genommen.
