3024 4032
700 688 1616 930 mahenuen erzeigt, Ihren dessen gnugsame zuge
692 756 1614 1006 muß geben, ze Ihren auch von hertzen beydt
670 866 1610 1110 das Ihr khindt thod vff die Welttkhan
681 985 1604 1167 dann siy ihr lebtag einleib haberin der
677 1056 1598 1308 zuren khunder gsinße, wer sy dese
656 1163 1603 1359 herren Frobenno vnd Herrn gaupten
664 1264 1599 1426 Meyer zu Gasell, dasy bey dem
663 1352 1589 1515 fersten seier vnd bey dem anderen den
630 1462 1596 1627 Jhar gedienet mit geten lob vnd kunghe
616 1546 1548 1741 Wurde warhaffte zügnust fund.
671 1661 1576 1874 Wie Ihrm der gefalgern nach disem auch
664 1776 1568 1934 frrghalten ward, ob sy nicht ein ihrer
656 1879 1586 2033 fromeen, als sy die stägen hinabwellen
643 1976 1574 2133 vff derselben genesen, vnd das khindert
644 2069 1559 2215 liche erit einab geschlept habe, hatt sy
629 2167 1565 2319 geantortet, wie das sein khöre si
624 2256 1549 2362 malen sy erst wrdenthalb der stä
628 2345 1567 2507 en gung deß gewesen, Vnd daß hern
595 2441 1576 2590 Gereilliats vnd Caspar Zopffernn
625 2533 1564 2665 erb frauw, das kindt von iheem li
614 2612 1550 2798 thad empfangen habindt die ihren dess
569 2720 1527 2858 werdint hügmß geben khonnen etc.
563 2826 1552 3016 Alls, gnen über vorghende pundten
761 2880 841 2930 e
575 2926 1535 3097 orderlich dem fueseitzlich willen di
565 2994 1543 3224 lybsfricht zuurederben, mit den Danh
572 3079 1538 3309 so sy zimlich bang angehapt befeag
578 3166 1542 3401 Ihren auch volgents das syl angebanden
569 3272 1534 3480 vnnd das mansy mit allerstenge des
585 3324 1537 3567 Marter, Ine beklantnuß bring we
589 3412 1533 3717 geedet wnd ses e
622 3533 1519 3804 ehlen deshen bihe
1308 3600 1538 3760 sehe
2433 558 2672 693 126
1657 644 2619 890 vnnder zusinkhomen stie, vnd das sich die
1664 707 2661 1015 ltelhen ndernt
1645 816 2673 1118 eeen hegebsn
1651 898 2686 1159 orsem mühell elenslich vermphet habe.
1645 1016 2606 1238 Oberuget, das y darby leben vnnd
1628 1108 2690 1370 sel wolle etc. Acten 33 hern 1638
1624 1290 2640 1480 Vieinerguten Censorledig gelassen
1646 1388 2433 1580 Imse zeimat gwesen worde.
1626 2221 1660 2232 Nich dem derselbis den 6. Martii
1651 1605 2560 1860 Rudesch Hatten
1657 1836 2605 1940 berg von Ereh Solothurn
1669 1913 2574 2013 iihr gebiets, hat sich hienor Folio
1666 1983 2586 2058 37 Rudolff Behärer von Muli-
1675 2042 2503 2144 dorff ab dem kuchhalter Berg
1900 2111 2229 2227 genamset
1626 2232 2689 2386 Nich dem derselbis den 6. Martii
1635 2340 2718 2496 on Beüren gefengklich in ihr gnaden
1634 2419 2721 2580 gefangenschafft alhero gebracht worden
1624 2500 2619 2636 Ist er hernach Freitags den 9. dito uß
1626 2583 2630 2710 sehelch meiner gnädigen herren und
1613 2665 2675 2787 oberen durch meine hochehrende herren
1615 2728 2633 2869 Herr Hannß Rudolph Steiger des
1610 2806 2603 2964 Rhats. S. Eebastian Rahr der
1618 2876 2715 3037 Burgeren und h Großweibell Bauidt
1623 2957 2647 3160 von Büüren im thurn zu Marzillen
1607 3032 2651 3192 pemlich excamuiert worden, der hat
1616 3135 2639 3281 nach volgende diebställ angeben, be-
1602 3192 2714 3372 vhendt und hernach an der marter erhalten.
1586 3253 2744 3451 fürs erste habe sein mit gespan andrnoß
1573 3351 2725 3552 genambt zu Galotherin an einem Märith
1627 3422 2622 3620 etliche hnäth gestolen, welche er ime
1624 3484 2731 3672 abgenommen und hernach umb 6 gulden
1620 3537 2496 3729 vrkhaufft 1n gebt für habe sbhantt
