<?xml version="1.0" encoding="UTF-8" standalone="yes"?>
<PcGts xmlns="http://schema.primaresearch.org/PAGE/gts/pagecontent/2013-07-15" xmlns:xsi="http://www.w3.org/2001/XMLSchema-instance" xsi:schemaLocation="http://schema.primaresearch.org/PAGE/gts/pagecontent/2013-07-15 http://schema.primaresearch.org/PAGE/gts/pagecontent/2013-07-15/pagecontent.xsd">
    <Metadata>
        <Creator>prov=University of Rostock/Institute of Mathematics/CITlab|PLANET AI GmbH/Gundram Leifert/gundram.leifert@planet-ai.de:name=German_Kurrent_XVI-XVIII_M1(htr_id=19584)::::v=2.6.7
prov=University of Rostock/Institute of Mathematics/CITlab|PLANET AI GmbH/Tobias Gruening/tobias.gruening@planet-ai.de:name=de.uros.citlab.module.baseline2polygon.B2PSeamMultiOriented:v=2.6.7
prov=University of Rostock/Institute of Mathematics/CITlab|PLANET AI GmbH/Gundram Leifert/gundram.leifert@planet-ai.de:name=German_Kurrent_XIX_comb-Huber_M2(htr_id=23847)::::v=2.6.6
prov=University of Rostock/Institute of Mathematics/CITlab|PLANET AI GmbH/Tobias Gruening/tobias.gruening@planet-ai.de:name=de.uros.citlab.module.baseline2polygon.B2PSeamMultiOriented:v=2.6.6
prov=University of Rostock/Institute of Mathematics/CITlab|PLANET AI GmbH/Tobias Gruening/tobias.gruening@planet-ai.de:name=/net_tf/LA73_249_0mod360.pb:de.uros.citlab.segmentation.CITlab_LA_ML:v=2.6.6
Transkribus</Creator>
        <Created>2020-10-05T12:34:31.033+02:00</Created>
        <LastChange>2023-01-25T13:45:09.549+01:00</LastChange>
        <TranskribusMetadata docId="1334819" pageId="52360314" pageNr="103" tsid="114642074" status="IN_PROGRESS" userId="141590" imgUrl="https://files.transkribus.eu/Get?id=GLEAOKDJEQCBSJGPKRMIPTZE&amp;fileType=view" xmlUrl="https://files.transkribus.eu/Get?id=ERZMLTKKCXPBTTXFBDGORSLN" imageId="16049480"/>
    </Metadata>
    <Page imageFilename="IMG_3434.jpeg" imageWidth="3024" imageHeight="4032">
        <ReadingOrder>
            <OrderedGroup id="ro_1687513776939" caption="Regions reading order">
                <RegionRefIndexed index="0" regionRef="r2"/>
                <RegionRefIndexed index="1" regionRef="region_1674650618661_2516"/>
                <RegionRefIndexed index="2" regionRef="r3"/>
            </OrderedGroup>
        </ReadingOrder>
        <TextRegion orientation="0.0" type="paragraph" id="r2" custom="readingOrder {index:0;} structure {type:paragraph;}">
            <Coords points="291,318 309,3898 1509,3896 1491,316"/>
            <TextLine id="r2l1" custom="readingOrder {index:0;}">
                <Coords points="435,488 516,441 658,433 759,437 854,507 912,468 1007,516 1058,485 1205,505 1212,425 1139,399 1002,436 921,376 838,387 755,327 614,398 546,394 447,338"/>
                <Baseline points="449,423 486,425 524,426 561,428 599,429 636,431 674,432 711,434 749,435 786,438 824,441 861,444 899,447 936,450 974,454 1011,460 1049,464 1086,469 1124,475 1161,481 1199,489"/>
                <TextEquiv>
                    <Unicode>geronckt flüsch ertzickt.</Unicode>
                </TextEquiv>
            </TextLine>
            <TextLine id="r2l2" custom="readingOrder {index:1;} place {offset:17; length:9;}">
                <Coords points="453,550 636,611 786,594 844,659 918,604 1006,601 1212,691 1294,654 1504,724 1516,625 1416,626 1306,551 969,492 833,550 729,468 631,533 456,521"/>
                <Baseline points="459,561 511,566 563,572 615,575 667,578 719,581 771,585 823,589 875,592 927,597 979,601 1031,606 1083,612 1135,620 1187,627 1239,637 1291,647 1343,660 1395,674 1447,690 1499,708"/>
                <TextEquiv>
                    <Unicode>Vnweth oberthalb Oberhofen ein haten</Unicode>
                </TextEquiv>
            </TextLine>
            <TextLine id="r2l3" custom="readingOrder {index:2;}">
                <Coords points="425,715 524,720 656,664 904,718 1214,711 1269,761 1339,735 1482,795 1501,720 1189,685 1140,638 1066,664 966,609 843,659 783,593 698,628 608,578 436,596"/>
                <Baseline points="438,662 490,666 543,669 595,672 648,675 700,677 753,678 805,681 858,684 910,687 963,690 1015,694 1068,699 1120,704 1173,710 1225,717 1278,726 1330,736 1383,748 1435,761 1488,776"/>
                <TextEquiv>
                    <Unicode>khäsen vnd ein halben enwer anken</Unicode>
                </TextEquiv>
            </TextLine>
            <TextLine id="r2l4" custom="readingOrder {index:3;}">
                <Coords points="436,776 919,823 1100,889 1190,852 1316,920 1513,878 1519,807 1333,736 1147,767 1045,700 958,748 888,698 663,680 566,736 439,738"/>
                <Baseline points="444,768 497,771 550,773 603,776 656,777 709,780 762,782 815,784 868,787 921,789 975,792 1028,795 1081,801 1134,805 1187,811 1240,819 1293,826 1346,835 1399,845 1452,857 1506,870"/>
                <TextEquiv>
                    <Unicode>erwütscht und obgedachtem ehreren</Unicode>
                </TextEquiv>
            </TextLine>
            <TextLine id="r2l5" custom="readingOrder {index:4;}">
                <Coords points="416,959 453,956 487,925 519,945 532,934 544,944 596,924 616,927 650,904 703,902 705,827 668,804 633,816 589,777 545,798 480,775 419,782"/>
                <Baseline points="425,884 452,880 479,878 506,876 533,877 560,878 587,880 614,881 641,882 668,884 695,884"/>
                <TextEquiv>
                    <Unicode>khuuff.</Unicode>
                </TextEquiv>
            </TextLine>
            <TextLine id="r2l6" custom="readingOrder {index:5;} person {offset:0; length:10;} place {offset:15; length:6;} place {offset:25; length:11;}">
                <Coords points="398,1046 628,1021 977,1100 1220,1041 1517,1108 1520,1052 1368,932 1192,969 990,909 921,950 834,914 523,957 486,926 402,973"/>
                <Baseline points="408,1008 463,1014 518,1017 573,1020 628,1022 683,1023 738,1023 793,1023 848,1023 903,1023 958,1025 1013,1026 1068,1027 1123,1030 1178,1034 1233,1040 1288,1048 1343,1058 1398,1070 1453,1085 1509,1103"/>
                <TextEquiv>
                    <Unicode>Hoffemberg bey Bschli zm kurtzenberg</Unicode>
                </TextEquiv>
            </TextLine>
            <TextLine id="r2l7" custom="readingOrder {index:6;}">
                <Coords points="426,1208 699,1126 1280,1159 1335,1211 1380,1177 1492,1195 1497,1109 1331,1081 1264,1115 1135,1069 927,1101 793,1049 699,1111 568,1040 432,1079"/>
                <Baseline points="438,1125 490,1125 542,1127 595,1128 647,1128 699,1130 752,1130 804,1131 856,1131 909,1133 961,1134 1013,1136 1066,1139 1118,1142 1170,1145 1223,1150 1275,1155 1327,1161 1380,1167 1432,1175 1485,1184"/>
                <TextEquiv>
                    <Unicode>vß einem Keller end Halben Treturn</Unicode>
                </TextEquiv>
            </TextLine>
            <TextLine id="r2l8" custom="readingOrder {index:7;}">
                <Coords points="442,1242 1046,1241 1127,1292 1249,1262 1484,1345 1490,1203 1445,1182 1352,1225 1279,1159 1217,1197 1003,1156 866,1207 804,1162 672,1176 608,1135 526,1194 444,1189"/>
                <Baseline points="450,1229 501,1229 552,1230 604,1230 655,1232 707,1232 758,1233 810,1233 861,1235 913,1236 964,1237 1015,1238 1067,1241 1118,1242 1170,1246 1221,1250 1273,1253 1324,1259 1376,1264 1427,1271 1479,1277"/>
                <TextEquiv>
                    <Unicode>ancken vnd ein halben Tentner Khusen</Unicode>
                </TextEquiv>
            </TextLine>
            <TextLine id="r2l9" custom="readingOrder {index:8;}">
                <Coords points="427,1344 589,1343 633,1379 672,1346 708,1350 741,1336 785,1349 786,1297 739,1315 697,1287 655,1296 584,1241 469,1308 453,1297 428,1303"/>
                <Baseline points="435,1335 461,1335 487,1334 513,1334 540,1334 566,1335 592,1335 619,1335 645,1337 671,1337 698,1338 724,1338 750,1338 777,1338"/>
                <TextEquiv>
                    <Unicode>ertragen.</Unicode>
                </TextEquiv>
            </TextLine>
            <TextLine id="r2l10" custom="readingOrder {index:9;}">
                <Coords points="352,1527 509,1552 695,1505 752,1546 802,1508 1005,1518 1054,1558 1127,1503 1231,1503 1346,1566 1398,1531 1463,1583 1505,1563 1507,1441 1325,1409 1125,1430 982,1389 706,1438 589,1344 460,1337 355,1399"/>
                <Baseline points="360,1500 416,1502 473,1503 530,1503 587,1503 644,1502 701,1502 757,1502 814,1500 871,1500 928,1500 985,1500 1042,1502 1099,1502 1155,1504 1212,1507 1269,1511 1326,1515 1383,1520 1440,1527 1497,1535"/>
                <TextEquiv>
                    <Unicode>Nach welichen detzodzelten durch te</Unicode>
                </TextEquiv>
            </TextLine>
            <TextLine id="r2l11" custom="readingOrder {index:10;}">
                <Coords points="428,1611 936,1610 1049,1645 1110,1596 1160,1646 1267,1603 1473,1645 1503,1565 1341,1571 1273,1516 1199,1565 1053,1559 1006,1518 751,1548 686,1513 428,1568"/>
                <Baseline points="435,1595 490,1598 546,1600 602,1601 657,1602 713,1602 769,1601 825,1599 880,1599 936,1598 992,1597 1048,1596 1103,1596 1159,1597 1215,1599 1271,1601 1326,1604 1382,1610 1438,1616 1494,1623"/>
                <TextEquiv>
                    <Unicode>den vid angedeube zue gsellen vn</Unicode>
                </TextEquiv>
            </TextLine>
            <TextLine id="r2l12" custom="readingOrder {index:11;}">
                <Coords points="424,1774 661,1697 783,1752 907,1691 1053,1735 1385,1706 1499,1752 1499,1642 1427,1623 1277,1609 1162,1647 1119,1610 989,1655 935,1611 752,1678 666,1606 509,1663 425,1613"/>
                <Baseline points="432,1697 487,1699 543,1701 599,1701 654,1703 710,1703 766,1703 822,1701 877,1701 933,1701 989,1700 1045,1700 1100,1700 1156,1700 1212,1700 1268,1701 1323,1701 1379,1704 1435,1706 1491,1710"/>
                <TextEquiv>
                    <Unicode>debstäl, yent ihren oberthalb Obe</Unicode>
                </TextEquiv>
            </TextLine>
            <TextLine id="r2l13" custom="readingOrder {index:12;} place {offset:3; length:14;}">
                <Coords points="394,1861 464,1809 538,1859 608,1825 730,1885 808,1827 1081,1850 1182,1796 1481,1827 1511,1774 1387,1708 1348,1737 1240,1699 1070,1773 977,1732 841,1766 742,1715 572,1774 393,1771"/>
                <Baseline points="402,1802 457,1806 512,1808 567,1809 622,1809 677,1809 732,1808 787,1807 842,1806 897,1804 952,1802 1007,1800 1062,1799 1117,1799 1172,1797 1227,1799 1282,1799 1337,1802 1392,1805 1447,1810 1503,1815"/>
                <TextEquiv>
                    <Unicode>Im Gulgeenholtzli, ein gantzes karthen</Unicode>
                </TextEquiv>
            </TextLine>
            <TextLine id="r2l14" custom="readingOrder {index:13;}">
                <Coords points="415,1977 519,1924 637,1930 750,1991 926,1922 1108,1965 1320,1911 1435,1963 1502,1930 1501,1815 1261,1798 1105,1859 1034,1836 955,1890 844,1847 701,1891 607,1839 414,1884"/>
                <Baseline points="423,1919 476,1920 530,1922 583,1922 637,1922 690,1920 744,1920 797,1919 851,1918 904,1917 958,1916 1012,1914 1065,1914 1119,1913 1172,1913 1226,1911 1279,1911 1333,1913 1386,1913 1440,1914 1494,1916"/>
                <TextEquiv>
                    <Unicode>Dc derglychen lychtferlig labl</Unicode>
                </TextEquiv>
            </TextLine>
            <TextLine id="r2l15" custom="readingOrder {index:14;} person {offset:22; length:12; continued:true;}">
                <Coords points="414,2033 857,2014 1024,2061 1191,2022 1513,2058 1512,1949 1308,1925 1192,1986 1056,1928 1013,1965 982,1935 908,1980 705,1998 503,1927 414,1991"/>
                <Baseline points="422,2031 476,2030 530,2028 584,2025 638,2024 692,2022 746,2021 801,2021 855,2019 909,2018 963,2018 1017,2018 1071,2016 1125,2016 1180,2016 1234,2018 1288,2018 1342,2018 1396,2019 1450,2021 1505,2022"/>
                <TextEquiv>
                    <Unicode>khomen von welchen er Luppdie schu</Unicode>
                </TextEquiv>
            </TextLine>
            <TextLine id="r2l16" custom="readingOrder {index:15;} person {offset:0; length:12; continued:true;}">
                <Coords points="408,2152 487,2169 608,2124 691,2158 759,2115 939,2162 993,2124 1106,2160 1324,2113 1505,2141 1503,2041 1432,2065 1249,2027 1104,2079 990,2031 771,2027 701,2078 459,2040 407,2070"/>
                <Baseline points="416,2135 470,2132 524,2129 578,2126 632,2123 686,2120 740,2118 794,2117 848,2114 902,2112 956,2111 1010,2111 1064,2109 1118,2109 1172,2109 1226,2111 1280,2111 1334,2112 1388,2114 1442,2116 1496,2120"/>
                <TextEquiv>
                    <Unicode>Sthallersauw geramset worden s</Unicode>
                </TextEquiv>
            </TextLine>
            <TextLine id="r2l17" custom="readingOrder {index:16;}">
                <Coords points="382,2248 502,2233 602,2281 741,2226 839,2281 959,2279 1046,2216 1279,2280 1364,2207 1499,2219 1497,2139 1325,2117 1106,2163 1068,2131 856,2165 735,2129 605,2163 528,2136 436,2185 380,2163"/>
                <Baseline points="389,2234 444,2231 499,2229 554,2227 609,2225 664,2222 719,2220 774,2219 829,2217 884,2215 939,2213 994,2211 1049,2210 1104,2208 1159,2207 1214,2207 1269,2205 1324,2205 1379,2204 1434,2204 1490,2204"/>
                <TextEquiv>
                    <Unicode>vnd zusamen gelopt vnd gschworen</Unicode>
                </TextEquiv>
            </TextLine>
            <TextLine id="r2l18" custom="readingOrder {index:17;}">
                <Coords points="427,2370 863,2312 1115,2365 1240,2299 1508,2309 1505,2238 1368,2207 1278,2278 1206,2233 1077,2253 1032,2222 942,2282 730,2228 619,2295 493,2265 424,2292"/>
                <Baseline points="434,2342 487,2337 540,2333 593,2328 647,2326 700,2323 753,2321 806,2319 860,2317 913,2316 966,2314 1019,2313 1073,2312 1126,2310 1179,2308 1232,2306 1286,2304 1339,2301 1392,2297 1445,2294 1499,2288"/>
                <TextEquiv>
                    <Unicode>salles thuls und böses mit einanderen</Unicode>
                </TextEquiv>
            </TextLine>
            <TextLine id="r2l19" custom="readingOrder {index:18;}">
                <Coords points="426,2449 480,2478 545,2432 731,2456 824,2424 1040,2458 1143,2410 1336,2402 1332,2309 1236,2309 1120,2365 1050,2339 851,2360 782,2322 656,2370 549,2342 423,2375"/>
                <Baseline points="434,2442 478,2438 523,2432 568,2428 612,2425 657,2422 702,2420 746,2417 791,2415 836,2414 881,2411 925,2411 970,2409 1015,2406 1059,2406 1104,2403 1149,2402 1193,2399 1238,2396 1283,2393 1328,2390"/>
                <TextEquiv>
                    <Unicode>thun vnd volbringen wellint.</Unicode>
                </TextEquiv>
            </TextLine>
            <TextLine id="r2l20" custom="readingOrder {index:19;}">
                <Coords points="371,2620 498,2579 597,2629 667,2570 731,2611 788,2548 854,2578 1118,2557 1183,2599 1257,2538 1508,2520 1503,2427 1420,2453 1312,2400 1052,2466 984,2430 723,2514 603,2441 427,2535 365,2520"/>
                <Baseline points="378,2591 434,2582 490,2576 546,2571 602,2565 658,2562 714,2559 770,2556 826,2553 882,2552 938,2549 994,2547 1050,2545 1106,2541 1162,2539 1218,2536 1274,2531 1330,2526 1386,2520 1442,2512 1499,2504"/>
                <TextEquiv>
                    <Unicode>Edelicher gelupt er synes theils dernstil</Unicode>
                </TextEquiv>
            </TextLine>
            <TextLine id="r2l21" custom="readingOrder {index:20;}">
                <Coords points="422,2768 874,2676 960,2719 1071,2653 1202,2668 1486,2605 1405,2531 1132,2617 1002,2545 739,2614 685,2575 596,2630 549,2601 414,2661"/>
                <Baseline points="425,2696 477,2690 530,2684 582,2679 635,2675 688,2672 740,2670 793,2667 846,2664 898,2662 951,2659 1004,2656 1056,2653 1109,2649 1162,2645 1214,2640 1267,2635 1320,2628 1372,2620 1425,2611 1478,2600"/>
                <TextEquiv>
                    <Unicode>geflissenlich nach khomen, das er vmn</Unicode>
                </TextEquiv>
            </TextLine>
            <TextLine id="r2l22" custom="readingOrder {index:21;}">
                <Coords points="401,2808 620,2835 753,2791 840,2849 1071,2773 1282,2802 1323,2758 1404,2789 1497,2749 1487,2639 1398,2612 1254,2694 1099,2718 1050,2684 945,2717 874,2675 821,2735 743,2703 683,2747 396,2752"/>
                <Baseline points="410,2811 463,2804 517,2798 571,2792 625,2786 678,2781 732,2776 786,2772 840,2768 893,2765 947,2760 1001,2757 1055,2753 1108,2749 1162,2744 1216,2738 1270,2733 1323,2726 1377,2719 1431,2709 1485,2700"/>
                <TextEquiv>
                    <Unicode>vurgeehen tagen hernach, nithilf seh</Unicode>
                </TextEquiv>
            </TextLine>
            <TextLine id="r2l23" custom="readingOrder {index:22;}">
                <Coords points="428,2985 649,2877 787,2913 856,2877 1501,2821 1481,2749 1403,2789 1323,2759 1285,2806 1176,2776 834,2846 678,2809 418,2877"/>
                <Baseline points="429,2910 482,2905 535,2900 588,2897 641,2892 694,2888 747,2884 800,2879 853,2876 906,2871 960,2867 1013,2862 1066,2858 1119,2851 1172,2847 1225,2840 1278,2834 1331,2828 1384,2820 1437,2812 1491,2804"/>
                <TextEquiv>
                    <Unicode>shnehr Comsorren vst dem Kartenc</Unicode>
                </TextEquiv>
            </TextLine>
            <TextLine id="r2l24" custom="readingOrder {index:23;}">
                <Coords points="427,3019 534,2994 768,3051 847,2994 922,3035 1256,2933 1428,2967 1480,2939 1468,2825 1386,2856 1316,2835 1177,2900 1096,2860 1002,2903 905,2877 824,2939 599,2902 424,2991"/>
                <Baseline points="435,3012 486,3006 538,3000 589,2996 641,2991 693,2987 744,2983 796,2978 847,2974 899,2970 951,2966 1002,2961 1054,2956 1105,2951 1157,2945 1209,2938 1260,2933 1312,2923 1363,2916 1415,2907 1467,2895"/>
                <TextEquiv>
                    <Unicode>ein Mansperson, glych oberthalbt</Unicode>
                </TextEquiv>
            </TextLine>
            <TextLine id="r2l25" custom="readingOrder {index:24;}">
                <Coords points="422,3131 605,3103 692,3156 775,3084 1157,3049 1251,3080 1320,3021 1464,3001 1482,2933 1415,2970 1258,2932 1119,3023 881,3012 735,3060 653,3010 565,3061 414,3069"/>
                <Baseline points="429,3123 481,3114 533,3106 586,3100 638,3093 691,3088 743,3083 796,3080 848,3075 901,3071 953,3066 1005,3062 1058,3056 1110,3051 1163,3043 1215,3036 1268,3027 1320,3017 1373,3005 1425,2992 1478,2976"/>
                <TextEquiv>
                    <Unicode>anport genant ermordt, vnd mitt</Unicode>
                </TextEquiv>
            </TextLine>
            <TextLine id="r2l26" custom="readingOrder {index:25;}">
                <Coords points="421,3260 508,3211 646,3250 950,3164 1109,3208 1269,3124 1343,3160 1483,3060 1475,2999 1105,3115 888,3071 768,3087 693,3155 413,3197"/>
                <Baseline points="425,3227 477,3216 530,3207 582,3199 635,3193 687,3186 740,3180 792,3175 845,3170 897,3165 950,3160 1003,3153 1055,3147 1108,3141 1160,3134 1213,3126 1265,3118 1318,3107 1370,3095 1423,3082 1476,3068"/>
                <TextEquiv>
                    <Unicode>seinen gethodt, diegurgel abgescheche</Unicode>
                </TextEquiv>
            </TextLine>
            <TextLine id="r2l27" custom="readingOrder {index:26;}">
                <Coords points="415,3385 639,3310 777,3355 847,3276 936,3298 1025,3243 1317,3256 1445,3176 1492,3192 1484,3132 1395,3117 1342,3160 1295,3131 1107,3208 954,3164 841,3242 733,3224 692,3263 582,3213 400,3276"/>
                <Baseline points="416,3332 469,3323 522,3314 575,3306 629,3298 682,3292 735,3285 789,3278 842,3272 895,3264 949,3258 1002,3252 1055,3244 1108,3237 1162,3230 1215,3222 1268,3213 1322,3204 1375,3194 1428,3183 1482,3171"/>
                <TextEquiv>
                    <Unicode>by ihme drey daten, ein Rychthale</Unicode>
                </TextEquiv>
            </TextLine>
            <TextLine id="r2l28" custom="readingOrder {index:27;}">
                <Coords points="363,3449 761,3388 815,3422 1282,3315 1352,3357 1450,3261 1493,3276 1480,3187 1317,3257 1193,3238 1084,3308 992,3265 924,3299 879,3273 798,3352 659,3372 568,3336 458,3389 353,3382"/>
                <Baseline points="369,3438 424,3429 480,3421 535,3413 591,3405 647,3399 702,3392 758,3386 814,3380 869,3374 925,3366 981,3360 1036,3353 1092,3344 1148,3335 1203,3324 1259,3314 1315,3302 1370,3287 1426,3271 1482,3254"/>
                <TextEquiv>
                    <Unicode>ndann muntz so vil, das alles zusall</Unicode>
                </TextEquiv>
            </TextLine>
            <TextLine id="r2l29" custom="readingOrder {index:28;}">
                <Coords points="406,3553 491,3583 558,3520 828,3515 998,3454 1206,3499 1323,3404 1487,3366 1469,3262 1352,3356 1126,3343 999,3422 856,3390 784,3458 654,3406 400,3517"/>
                <Baseline points="414,3549 467,3538 520,3527 573,3517 626,3508 679,3501 732,3492 785,3486 838,3479 891,3471 945,3464 998,3457 1051,3449 1104,3441 1157,3432 1210,3421 1263,3410 1316,3397 1369,3383 1422,3367 1476,3350"/>
                <TextEquiv>
                    <Unicode>a kern ebe, hahed</Unicode>
                </TextEquiv>
            </TextLine>
            <TextLine id="r2l30" custom="readingOrder {index:29;}">
                <Coords points="403,3699 555,3629 701,3666 881,3574 938,3612 1077,3552 1460,3487 1472,3406 1394,3385 1329,3458 1267,3449 1171,3505 1001,3456 962,3499 847,3489 664,3586 524,3545 392,3632"/>
                <Baseline points="404,3659 457,3649 510,3638 564,3629 617,3620 671,3611 724,3603 778,3595 831,3587 885,3580 938,3573 991,3564 1045,3556 1098,3546 1152,3536 1205,3526 1259,3515 1312,3503 1366,3489 1419,3474 1473,3459"/>
                <TextEquiv>
                    <Unicode>anderen getheilt habens den corp</Unicode>
                </TextEquiv>
            </TextLine>
            <TextLine id="r2l31" custom="readingOrder {index:30;}">
                <Coords points="408,3782 508,3754 590,3783 892,3687 988,3734 1039,3676 1306,3638 1480,3552 1464,3474 1420,3480 1184,3589 1101,3556 1014,3618 883,3593 841,3644 788,3612 702,3696 516,3671 394,3712"/>
                <Baseline points="414,3770 466,3760 519,3751 572,3742 625,3735 678,3726 730,3718 783,3710 836,3701 889,3693 942,3685 994,3675 1047,3664 1100,3653 1153,3642 1206,3629 1258,3614 1311,3599 1364,3582 1417,3563 1470,3542"/>
                <TextEquiv>
                    <Unicode>aber eun das nechste, daselbst fur¬</Unicode>
                </TextEquiv>
            </TextLine>
            <TextLine id="r2l32" custom="readingOrder {index:31;}">
                <Coords points="415,3928 460,3896 518,3932 589,3855 678,3835 827,3878 921,3809 1024,3852 1094,3785 1323,3787 1394,3683 1480,3650 1464,3569 1000,3751 783,3784 668,3739 561,3799 474,3764 393,3822"/>
                <Baseline points="411,3873 466,3865 522,3858 578,3849 633,3842 689,3833 745,3825 801,3816 856,3806 912,3798 968,3787 1024,3776 1079,3764 1135,3751 1191,3737 1247,3721 1302,3703 1358,3685 1414,3663 1470,3641"/>
                <TextEquiv>
                    <Unicode>einger enf</Unicode>
                </TextEquiv>
            </TextLine>
            <TextEquiv>
                <Unicode>geronckt flüsch ertzickt.
Vnweth oberthalb Oberhofen ein haten
khäsen vnd ein halben enwer anken
erwütscht und obgedachtem ehreren
khuuff.
Hoffemberg bey Bschli zm kurtzenberg
vß einem Keller end Halben Treturn
ancken vnd ein halben Tentner Khusen
ertragen.
Nach welichen detzodzelten durch te
den vid angedeube zue gsellen vn
debstäl, yent ihren oberthalb Obe
Im Gulgeenholtzli, ein gantzes karthen
Dc derglychen lychtferlig labl
khomen von welchen er Luppdie schu
Sthallersauw geramset worden s
vnd zusamen gelopt vnd gschworen
salles thuls und böses mit einanderen
thun vnd volbringen wellint.
Edelicher gelupt er synes theils dernstil
geflissenlich nach khomen, das er vmn
vurgeehen tagen hernach, nithilf seh
shnehr Comsorren vst dem Kartenc
ein Mansperson, glych oberthalbt
anport genant ermordt, vnd mitt
seinen gethodt, diegurgel abgescheche
by ihme drey daten, ein Rychthale
ndann muntz so vil, das alles zusall
a kern ebe, hahed
anderen getheilt habens den corp
aber eun das nechste, daselbst fur¬
einger enf</Unicode>
            </TextEquiv>
        </TextRegion>
        <TextRegion type="page-number" id="region_1674650618661_2516" custom="readingOrder {index:1;} structure {type:page-number;}">
            <Coords points="2877,332 2657,332 2657,80 2877,80"/>
            <TextLine id="r3l1" custom="readingOrder {index:0;}">
                <Coords points="2726,310 2749,309 2767,285 2779,288 2800,278 2818,283 2833,268 2861,265 2847,203 2822,198 2802,221 2787,220 2781,227 2770,224 2729,262 2717,265"/>
                <Baseline points="2729,287 2759,279 2790,273 2821,267 2852,260"/>
                <TextEquiv>
                    <Unicode>95</Unicode>
                </TextEquiv>
            </TextLine>
            <TextEquiv>
                <Unicode>95</Unicode>
            </TextEquiv>
        </TextRegion>
        <TextRegion orientation="0.0" type="paragraph" id="r3" custom="readingOrder {index:2;} structure {type:paragraph;}">
            <Coords points="1554,215 1554,3949 2855,3949 2855,215"/>
            <TextLine id="r3l2" custom="readingOrder {index:0;}">
                <Coords points="1572,659 1677,609 1756,630 1804,579 1857,613 1964,531 2274,508 2351,461 2493,468 2535,425 2787,392 2776,334 2520,325 2356,420 2268,401 2150,467 1967,436 1826,515 1659,438 1545,520"/>
                <Baseline points="1574,630 1634,610 1694,594 1754,577 1814,561 1874,547 1934,533 1995,520 2055,508 2115,497 2175,486 2235,475 2295,466 2355,456 2416,446 2476,434 2536,424 2596,413 2656,402 2716,390 2777,378"/>
                <TextEquiv>
                    <Unicode>Gleychhernach alhie ein wenig obenthalb der</Unicode>
                </TextEquiv>
            </TextLine>
            <TextLine id="r3l3" custom="readingOrder {index:1;} place {offset:0; length:11;}">
                <Coords points="1586,756 1835,657 1972,672 2308,560 2664,530 2786,470 2774,406 2603,457 2532,426 2298,517 2219,491 2094,548 1973,528 1858,614 1818,592 1768,639 1569,669"/>
                <Baseline points="1587,725 1646,703 1706,683 1765,667 1825,651 1884,637 1944,624 2003,612 2063,602 2122,592 2182,582 2241,573 2301,563 2360,554 2420,544 2479,534 2539,524 2598,512 2658,500 2717,486 2777,470"/>
                <TextEquiv>
                    <Unicode>Ninembengek im Höltzli habent er und</Unicode>
                </TextEquiv>
            </TextLine>
            <TextLine id="r3l4" custom="readingOrder {index:2;}">
                <Coords points="1599,832 1642,789 1712,828 1795,752 1876,781 2033,702 2436,682 2514,623 2674,609 2754,656 2840,586 2824,493 2608,567 2529,538 2443,598 2309,560 2070,662 1846,662 1586,755"/>
                <Baseline points="1601,800 1662,782 1724,766 1785,751 1847,738 1908,725 1970,713 2031,701 2093,690 2154,680 2216,671 2277,661 2339,652 2400,644 2462,635 2523,626 2585,618 2646,609 2708,600 2769,591 2831,581"/>
                <TextEquiv>
                    <Unicode>see besen gestonnen, ein Marspersten, die vff</Unicode>
                </TextEquiv>
            </TextLine>
            <TextLine id="r3l5" custom="readingOrder {index:3;}">
                <Coords points="1573,905 1691,902 1752,850 1901,895 2033,793 2141,822 2314,759 2412,796 2479,738 2711,731 2819,685 2808,614 2753,657 2605,634 2479,704 2294,665 2179,733 2096,698 2012,761 1922,734 1882,783 1794,753 1713,827 1559,817"/>
                <Baseline points="1578,890 1639,874 1701,859 1762,845 1824,833 1886,820 1947,810 2009,799 2071,790 2132,780 2194,771 2256,762 2317,754 2379,746 2441,737 2502,729 2564,721 2626,713 2687,705 2749,696 2811,687"/>
                <TextEquiv>
                    <Unicode>Sattgattung schwertz gebleydet gwesen, vnd</Unicode>
                </TextEquiv>
            </TextLine>
            <TextLine id="r3l6" custom="readingOrder {index:4;}">
                <Coords points="1588,973 2273,842 2390,878 2610,806 2745,845 2819,807 2810,749 2359,803 2237,774 2140,821 1887,817 1842,869 1752,850 1580,924"/>
                <Baseline points="1595,971 1655,957 1716,943 1776,932 1837,919 1898,907 1958,896 2019,885 2079,875 2140,866 2201,857 2261,848 2322,839 2382,831 2443,824 2504,817 2564,810 2625,804 2685,799 2746,794 2807,788"/>
                <TextEquiv>
                    <Unicode>it nit einem tücken daher gangen, ein wenig</Unicode>
                </TextEquiv>
            </TextLine>
            <TextLine id="r3l7" custom="readingOrder {index:5;}">
                <Coords points="1591,1072 1661,1040 1726,1071 1783,1016 1867,1052 1924,983 2063,998 2166,948 2344,1000 2457,915 2585,910 2663,959 2783,891 2774,828 2617,805 2505,877 2180,855 2043,941 1906,905 1583,1012"/>
                <Baseline points="1595,1044 1654,1034 1713,1024 1772,1012 1831,1002 1890,993 1949,982 2008,972 2067,963 2126,954 2185,947 2244,938 2303,930 2362,924 2421,918 2480,913 2539,907 2598,902 2657,897 2716,894 2775,893"/>
                <TextEquiv>
                    <Unicode>verletst verselinen Martini marit, zu</Unicode>
                </TextEquiv>
            </TextLine>
            <TextLine id="r3l8" custom="readingOrder {index:6;}">
                <Coords points="1582,1190 1646,1135 1720,1174 1874,1091 2140,1106 2212,1046 2410,1073 2499,1014 2835,989 2828,940 2688,966 2462,924 2343,1001 2206,979 2073,1021 1925,986 1867,1052 1566,1066"/>
                <Baseline points="1584,1146 1646,1131 1708,1116 1770,1105 1832,1094 1894,1082 1956,1073 2018,1064 2080,1055 2142,1047 2204,1040 2266,1033 2328,1027 2390,1021 2452,1014 2514,1008 2576,1002 2638,996 2700,989 2762,983 2825,975"/>
                <TextEquiv>
                    <Unicode>Eod geschlagen, by welchem er Lupp Inn seem</Unicode>
                </TextEquiv>
            </TextLine>
            <TextLine id="r3l9" custom="readingOrder {index:7;}">
                <Coords points="1570,1279 1666,1293 1735,1213 1878,1177 1987,1198 2284,1138 2344,1178 2455,1120 2576,1176 2792,1075 2785,1018 2618,1074 2506,1012 2343,1092 2192,1079 2094,1125 1976,1078 1913,1130 1777,1122 1735,1173 1646,1136 1555,1158"/>
                <Baseline points="1574,1241 1634,1227 1695,1215 1755,1205 1816,1194 1877,1183 1937,1174 1998,1166 2058,1156 2119,1149 2180,1141 2240,1134 2301,1128 2361,1122 2422,1116 2483,1110 2543,1104 2604,1100 2664,1094 2725,1090 2786,1085"/>
                <TextEquiv>
                    <Unicode>ihesen sack um kronenbaren gelts gefanden</Unicode>
                </TextEquiv>
            </TextLine>
            <TextLine id="r3l10" custom="readingOrder {index:8;} place {offset:12; length:10;}">
                <Coords points="1578,1348 1871,1278 2011,1326 2086,1259 2213,1292 2370,1225 2484,1220 2540,1264 2626,1225 2705,1272 2828,1189 2822,1135 2551,1177 2416,1140 2091,1220 1875,1178 1831,1225 1749,1208 1668,1289 1570,1278"/>
                <Baseline points="1583,1328 1644,1315 1706,1304 1768,1294 1830,1285 1892,1275 1954,1266 2015,1259 2077,1252 2139,1244 2201,1238 2263,1232 2325,1226 2387,1221 2448,1217 2510,1211 2572,1207 2634,1203 2696,1199 2758,1194 2820,1191"/>
                <TextEquiv>
                    <Unicode>dammit mich Rychenbach gloffen, wüsse also</Unicode>
                </TextEquiv>
            </TextLine>
            <TextLine id="r3l11" custom="readingOrder {index:9;}">
                <Coords points="1576,1443 1796,1396 1855,1435 1951,1378 2221,1373 2268,1332 2372,1369 2445,1309 2594,1338 2792,1288 2783,1207 2704,1273 2542,1269 2468,1222 2130,1321 1930,1331 1851,1290 1566,1360"/>
                <Baseline points="1581,1425 1641,1415 1701,1406 1761,1397 1821,1388 1881,1380 1941,1372 2002,1364 2062,1356 2122,1348 2182,1341 2242,1336 2302,1328 2362,1323 2423,1316 2483,1311 2543,1305 2603,1300 2663,1295 2723,1291 2784,1286"/>
                <TextEquiv>
                    <Unicode>thein bricht zugeben, wo syne gsellen, mit</Unicode>
                </TextEquiv>
            </TextLine>
            <TextLine id="r3l12" custom="readingOrder {index:10;}">
                <Coords points="1577,1538 1742,1501 1885,1567 2015,1473 2230,1487 2434,1422 2478,1457 2679,1398 2670,1302 2380,1391 2283,1335 2034,1433 1940,1395 1859,1437 1797,1394 1568,1448"/>
                <Baseline points="1583,1517 1637,1510 1692,1503 1746,1497 1801,1490 1855,1482 1910,1476 1964,1470 2019,1462 2073,1455 2128,1450 2182,1444 2237,1439 2291,1433 2346,1428 2400,1425 2455,1421 2509,1418 2564,1415 2618,1413 2673,1413"/>
                <TextEquiv>
                    <Unicode>din hodten Cöpper heinkhomen synnt</Unicode>
                </TextEquiv>
            </TextLine>
            <TextLine id="line_1674650660596_2529" custom="readingOrder {index:11;}">
                <Coords points="1643,1522 1658,1514 2570,1477 2732,1546 2694,1601 2168,1649 1607,1689 1602,1616"/>
                <Baseline points="1613,1652 1668,1646 1724,1639 1779,1634 1835,1628 1891,1623 1946,1617 2002,1614 2058,1610 2113,1607 2169,1602 2225,1599 2280,1597 2336,1593 2392,1592 2447,1589 2503,1587 2559,1584 2614,1583 2670,1581 2726,1578 1665,1593 1696,1587 1728,1581"/>
                <TextEquiv>
                    <Unicode>eber auch gleich nach diseren mit anderen hr</Unicode>
                </TextEquiv>
            </TextLine>
            <TextLine id="r3l15" custom="readingOrder {index:12;} place {offset:18; length:12;}">
                <Coords points="1609,1772 1865,1730 1949,1774 2197,1703 2388,1749 2481,1693 2653,1737 2816,1664 2761,1595 2711,1626 2531,1581 2251,1676 2084,1687 2012,1631 1957,1682 1880,1656 1606,1702"/>
                <Baseline points="1617,1749 1676,1742 1736,1736 1795,1731 1855,1726 1914,1721 1974,1717 2033,1713 2093,1710 2152,1707 2212,1704 2272,1701 2331,1699 2391,1697 2450,1695 2510,1692 2569,1690 2629,1688 2688,1686 2748,1683 2808,1680"/>
                <TextEquiv>
                    <Unicode>gemn gesellen, Im graueenholtz, vff</Unicode>
                </TextEquiv>
            </TextLine>
            <TextLine id="r3l16" custom="readingOrder {index:13;} place {offset:16; length:12;}">
                <Coords points="1582,1878 1969,1828 2071,1865 2311,1816 2375,1852 2537,1789 2645,1822 2740,1773 2735,1691 2645,1739 2484,1709 2339,1776 2207,1715 2030,1729 1958,1797 1855,1741 1722,1747 1665,1796 1575,1766"/>
                <Baseline points="1589,1859 1646,1854 1703,1850 1760,1845 1817,1841 1874,1836 1931,1832 1989,1828 2046,1823 2103,1820 2160,1817 2217,1813 2274,1809 2331,1805 2389,1803 2446,1800 2503,1797 2560,1794 2617,1791 2674,1790 2732,1787"/>
                <TextEquiv>
                    <Unicode>Von Metzger Von Gerngelauret</Unicode>
                </TextEquiv>
            </TextLine>
            <TextLine id="r3l17" custom="readingOrder {index:14;}">
                <Coords points="1614,2026 1725,1953 1892,1928 2052,1996 2141,1953 2273,1992 2359,1929 2462,1985 2619,1907 2725,1921 2721,1800 2587,1878 2312,1816 2146,1894 2049,1863 1956,1899 1846,1847 1756,1903 1609,1882"/>
                <Baseline points="1619,1947 1673,1944 1728,1941 1783,1939 1838,1936 1893,1933 1948,1930 2003,1928 2058,1925 2113,1923 2168,1920 2222,1917 2277,1916 2332,1914 2387,1913 2442,1911 2497,1911 2552,1911 2607,1911 2662,1911 2717,1913"/>
                <TextEquiv>
                    <Unicode>die aber den weg nicht khomensent.</Unicode>
                </TextEquiv>
            </TextLine>
            <TextLine id="r3l18" custom="readingOrder {index:15;}">
                <Coords points="1567,2178 1744,2127 2120,2129 2219,2169 2297,2119 2807,2132 2829,2045 2645,2079 2544,2007 2451,2062 2248,2042 2100,2097 1989,2031 1866,2053 1681,1979 1565,2026"/>
                <Baseline points="1574,2132 1636,2130 1698,2129 1761,2127 1823,2127 1886,2126 1948,2124 2010,2123 2073,2121 2135,2121 2198,2120 2260,2118 2322,2118 2385,2117 2447,2117 2510,2117 2572,2117 2634,2117 2697,2117 2759,2118 2822,2120"/>
                <TextEquiv>
                    <Unicode>Gerrners habe er nuem eyner brüederen der</Unicode>
                </TextEquiv>
            </TextLine>
            <TextLine id="r3l19" custom="readingOrder {index:16;}">
                <Coords points="1584,2266 1677,2221 1812,2293 1989,2298 2112,2240 2450,2211 2860,2248 2859,2115 2799,2156 2715,2100 2584,2116 2471,2185 2298,2123 2223,2170 2005,2127 1676,2175 1583,2147"/>
                <Baseline points="1592,2216 1655,2219 1718,2220 1781,2221 1844,2222 1907,2222 1970,2220 2033,2220 2096,2219 2159,2217 2222,2216 2285,2215 2348,2214 2411,2213 2474,2211 2537,2211 2600,2211 2663,2211 2726,2213 2789,2214 2852,2217"/>
                <TextEquiv>
                    <Unicode>Iherschuldig gsin, zwo Kronen entfröuldet.</Unicode>
                </TextEquiv>
            </TextLine>
            <TextLine id="r3l21" custom="readingOrder {index:17;} place {offset:3; length:9;}">
                <Coords points="1587,2390 2257,2372 2359,2421 2420,2383 2462,2404 2550,2376 2550,2317 2472,2273 2240,2284 2187,2320 2120,2274 1971,2308 1857,2275 1675,2339 1588,2329"/>
                <Baseline points="1596,2355 1643,2358 1690,2360 1737,2361 1785,2361 1832,2363 1879,2363 1926,2363 1974,2363 2021,2363 2068,2361 2115,2361 2163,2361 2210,2361 2257,2361 2304,2363 2352,2363 2399,2364 2446,2366 2493,2367 2541,2370"/>
                <TextEquiv>
                    <Unicode>zu lmindingn 2 par Schuh.</Unicode>
                </TextEquiv>
            </TextLine>
            <TextLine id="r3l22" custom="readingOrder {index:18;}">
                <Coords points="1580,2539 1659,2495 1792,2572 1970,2498 2683,2544 2845,2515 2846,2459 2724,2479 2643,2413 2493,2398 2289,2480 1970,2421 1893,2465 1809,2414 1728,2453 1582,2391"/>
                <Baseline points="1589,2484 1651,2487 1713,2492 1776,2493 1838,2496 1901,2498 1963,2499 2025,2500 2088,2501 2150,2501 2213,2502 2275,2502 2337,2502 2400,2502 2462,2502 2525,2504 2587,2504 2649,2504 2712,2505 2774,2507 2837,2508"/>
                <TextEquiv>
                    <Unicode>Im der schwendleren anshilff eines zuer</Unicode>
                </TextEquiv>
            </TextLine>
            <TextLine id="r3l23" custom="readingOrder {index:19;}">
                <Coords points="1579,2614 1893,2592 2165,2647 2361,2604 2532,2672 2677,2609 2834,2630 2835,2566 2644,2520 2473,2571 2305,2518 2093,2556 1958,2505 1851,2570 1690,2498 1580,2537"/>
                <Baseline points="1587,2579 1652,2584 1717,2589 1782,2592 1847,2595 1913,2598 1978,2600 2043,2601 2108,2603 2173,2603 2239,2604 2304,2604 2369,2604 2434,2606 2499,2606 2565,2606 2630,2607 2695,2609 2760,2610 2826,2612"/>
                <TextEquiv>
                    <Unicode>gesellen, ein Keller Coffbrlchen, vsse dem</Unicode>
                </TextEquiv>
            </TextLine>
            <TextLine id="r3l24" custom="readingOrder {index:20;}">
                <Coords points="1596,2720 1644,2761 1916,2698 2293,2715 2360,2775 2483,2727 2799,2714 2683,2624 2267,2681 2046,2633 1861,2665 1754,2607 1598,2654"/>
                <Baseline points="1605,2685 1664,2688 1723,2690 1782,2692 1842,2694 1901,2696 1960,2697 2019,2699 2079,2702 2138,2703 2197,2705 2256,2706 2316,2708 2375,2709 2434,2711 2493,2712 2553,2714 2612,2715 2671,2717 2730,2718 2790,2721"/>
                <TextEquiv>
                    <Unicode>feischnemen wollen, wrrt abens</Unicode>
                </TextEquiv>
            </TextLine>
            <TextLine id="r3l25" custom="readingOrder {index:21;}">
                <Coords points="1581,2788 1824,2805 1894,2871 2004,2803 2096,2827 2177,2811 2254,2886 2328,2873 2335,2718 2143,2771 1998,2702 1933,2756 1840,2763 1748,2728 1641,2759 1585,2707"/>
                <Baseline points="1590,2778 1626,2780 1663,2783 1699,2785 1736,2787 1773,2789 1809,2792 1846,2793 1882,2794 1919,2796 1956,2798 1992,2799 2029,2801 2065,2802 2102,2802 2139,2804 2175,2805 2212,2807 2248,2808 2285,2810 2322,2811"/>
                <TextEquiv>
                    <Unicode>robeverragt werden</Unicode>
                </TextEquiv>
            </TextLine>
            <TextLine id="r3l26" custom="readingOrder {index:22;} place {offset:15; length:8;}">
                <Coords points="1576,2966 1691,2946 1766,2998 2019,2955 2132,3021 2287,2963 2602,2981 2655,3025 2863,3008 2865,2963 2720,2934 2612,2852 2320,2927 2187,2840 2031,2887 1953,2846 1783,2905 1586,2797"/>
                <Baseline points="1586,2919 1649,2927 1712,2933 1776,2939 1839,2943 1903,2949 1966,2951 2030,2955 2093,2958 2157,2961 2220,2963 2283,2966 2347,2969 2410,2972 2474,2975 2537,2978 2601,2982 2664,2988 2728,2993 2791,3000 2855,3008"/>
                <TextEquiv>
                    <Unicode>nocht wyth von Elrsälen, habent sy aber</Unicode>
                </TextEquiv>
            </TextLine>
            <TextLine id="r3l27" custom="readingOrder {index:23;}">
                <Coords points="1550,3019 1994,3057 2087,3124 2267,3057 2657,3126 2816,3091 2820,3017 2696,3060 2604,2990 2465,3027 2256,2965 2129,3024 1941,2958 1552,2981"/>
                <Baseline points="1559,3012 1621,3020 1683,3027 1746,3033 1808,3038 1871,3043 1933,3047 1995,3051 2058,3055 2120,3057 2183,3061 2245,3064 2307,3066 2370,3069 2432,3071 2495,3075 2557,3078 2619,3081 2682,3085 2744,3090 2807,3095"/>
                <TextEquiv>
                    <Unicode>malen ein käller geöfnet vnd daruß</Unicode>
                </TextEquiv>
            </TextLine>
            <TextLine id="r3l28" custom="readingOrder {index:24;}">
                <Coords points="1586,3133 1993,3156 2108,3224 2202,3204 2304,3233 2398,3175 2467,3237 2540,3221 2545,3147 2415,3080 2323,3135 2246,3082 2151,3128 2043,3100 1936,3119 1892,3079 1838,3099 1708,3050 1590,3072"/>
                <Baseline points="1595,3113 1642,3121 1689,3125 1736,3130 1783,3135 1830,3138 1877,3141 1924,3144 1971,3146 2018,3147 2065,3150 2112,3152 2159,3154 2206,3156 2253,3158 2300,3161 2347,3165 2394,3169 2441,3173 2488,3179 2535,3185"/>
                <TextEquiv>
                    <Unicode>einhalben sonme wyns gestolen.</Unicode>
                </TextEquiv>
            </TextLine>
            <TextLine id="r3l29" custom="readingOrder {index:25;} place {offset:7; length:9;}">
                <Coords points="1561,3267 1791,3271 1880,3330 1969,3276 2168,3323 2336,3300 2440,3373 2660,3315 2855,3342 2860,3269 2726,3262 2661,3203 2573,3247 2160,3215 2038,3254 1830,3242 1681,3142 1567,3172"/>
                <Baseline points="1571,3231 1634,3240 1698,3248 1762,3255 1826,3261 1890,3266 1954,3271 2018,3276 2082,3279 2146,3284 2210,3287 2273,3290 2337,3293 2401,3296 2465,3299 2529,3303 2593,3307 2657,3311 2721,3315 2785,3320 2849,3326"/>
                <TextEquiv>
                    <Unicode>kinder Langnouww uff einem Hooß, einbar</Unicode>
                </TextEquiv>
            </TextLine>
            <TextLine id="r3l30" custom="readingOrder {index:26;}">
                <Coords points="1564,3323 1641,3364 1707,3359 1751,3400 1791,3371 1854,3399 1893,3445 1970,3440 2088,3366 2137,3368 2140,3338 2079,3296 1996,3340 1899,3348 1841,3289 1765,3322 1728,3287 1651,3309 1569,3270"/>
                <Baseline points="1572,3320 1599,3328 1627,3335 1655,3341 1683,3347 1710,3352 1738,3356 1766,3359 1794,3363 1821,3365 1849,3367 1877,3369 1905,3371 1932,3373 1960,3374 1988,3375 2016,3377 2043,3378 2071,3380 2099,3381 2127,3383"/>
                <TextEquiv>
                    <Unicode>willig trempff</Unicode>
                </TextEquiv>
            </TextLine>
            <TextLine id="r3l31" custom="readingOrder {index:27;}">
                <Coords points="1545,3497 1667,3475 1752,3539 2094,3506 2202,3603 2320,3559 2477,3601 2596,3556 2678,3601 2809,3577 2813,3517 2533,3475 2423,3503 2281,3447 2223,3476 2148,3421 1905,3459 1803,3382 1757,3409 1555,3345"/>
                <Baseline points="1554,3474 1616,3482 1678,3489 1741,3495 1803,3501 1866,3505 1928,3510 1990,3514 2053,3517 2115,3522 2178,3524 2240,3527 2302,3531 2365,3533 2427,3537 2490,3541 2552,3544 2614,3548 2677,3553 2739,3559 2802,3566"/>
                <TextEquiv>
                    <Unicode>Hu Wyl abeiner tange zweg eynlauchen</Unicode>
                </TextEquiv>
            </TextLine>
            <TextLine id="r3l32" custom="readingOrder {index:28;}">
                <Coords points="1553,3564 1703,3628 1882,3604 1946,3649 2020,3633 2057,3671 2118,3630 2294,3638 2318,3665 2438,3652 2440,3613 2392,3623 2306,3569 2205,3612 2093,3505 2011,3557 1934,3527 1812,3580 1693,3510 1559,3497"/>
                <Baseline points="1562,3555 1605,3568 1648,3578 1692,3588 1735,3595 1778,3602 1822,3607 1865,3610 1908,3614 1952,3617 1995,3619 2038,3621 2082,3623 2125,3626 2168,3627 2212,3631 2255,3634 2298,3639 2342,3646 2385,3652 2429,3662"/>
                <TextEquiv>
                    <Unicode>und zwenstrangt waden.</Unicode>
                </TextEquiv>
            </TextLine>
            <TextLine id="r3l33" custom="readingOrder {index:29;} place {offset:3; length:10;} place {offset:18; length:10;}">
                <Coords points="1548,3728 1590,3764 1726,3734 1787,3792 1876,3741 1990,3755 2067,3816 2294,3770 2487,3865 2673,3800 2829,3833 2833,3785 2678,3715 2555,3755 2396,3675 2009,3707 1884,3606 1821,3643 1559,3586"/>
                <Baseline points="1559,3696 1622,3708 1685,3718 1748,3726 1811,3734 1874,3740 1937,3746 2001,3751 2064,3755 2127,3759 2190,3762 2253,3766 2316,3770 2379,3773 2443,3777 2506,3781 2569,3786 2632,3793 2695,3799 2758,3808 2822,3816"/>
                <TextEquiv>
                    <Unicode>zu Dugerschen bey Munsingenß einem</Unicode>
                </TextEquiv>
            </TextLine>
            <TextLine id="r3l34" custom="readingOrder {index:30;}">
                <Coords points="1572,3810 1841,3842 1949,3903 2049,3862 2221,3932 2336,3884 2417,3954 2562,3903 2793,3945 2764,3877 2486,3864 2286,3782 2199,3834 1877,3741 1786,3805 1577,3761"/>
                <Baseline points="1581,3798 1641,3809 1701,3820 1761,3828 1822,3836 1882,3842 1942,3849 2002,3852 2063,3857 2123,3862 2183,3866 2243,3869 2304,3873 2364,3876 2424,3881 2484,3886 2545,3892 2605,3899 2665,3906 2725,3915 2786,3927"/>
                <TextEquiv>
                    <Unicode>kellter nilch und opffall genomen.</Unicode>
                </TextEquiv>
            </TextLine>
            <TextEquiv>
                <Unicode>Gleychhernach alhie ein wenig obenthalb der&#13;
Ninembengek im Höltzli habent er und&#13;
see besen gestonnen, ein Marspersten, die vff&#13;
Sattgattung schwertz gebleydet gwesen, vnd&#13;
it nit einem tücken daher gangen, ein wenig&#13;
verletst verselinen Martini marit, zu&#13;
Eod geschlagen, by welchem er Lupp Inn seem&#13;
ihesen sack um kronenbaren gelts gefanden&#13;
dammit mich Rychenbach gloffen, wüsse also&#13;
thein bricht zugeben, wo syne gsellen, mit&#13;
din hodten Cöpper heinkhomen synnt&#13;
eber auch gleich nach diseren mit anderen hr&#13;
gemn gesellen, Im graueenholtz, vff&#13;
Von Metzger Von Gerngelauret&#13;
die aber den weg nicht khomensent.&#13;
Gerrners habe er nuem eyner brüederen der&#13;
Iherschuldig gsin, zwo Kronen entfröuldet.&#13;
zu lmindingn 2 par Schuh.&#13;
Im der schwendleren anshilff eines zuer&#13;
gesellen, ein Keller Coffbrlchen, vsse dem&#13;
feischnemen wollen, wrrt abens&#13;
robeverragt werden&#13;
nocht wyth von Elrsälen, habent sy aber&#13;
malen ein käller geöfnet vnd daruß&#13;
einhalben sonme wyns gestolen.&#13;
kinder Langnouww uff einem Hooß, einbar&#13;
willig trempff&#13;
Hu Wyl abeiner tange zweg eynlauchen&#13;
und zwenstrangt waden.&#13;
zu Dugerschen bey Munsingenß einem&#13;
kellter nilch und opffall genomen.</Unicode>
            </TextEquiv>
        </TextRegion>
    </Page>
</PcGts>
