3024 4032
728 859 1790 1104 den Weldtbach mit obiger holffe nachtsin ein kee
848 949 1767 1154 gebrochen 52 kubell mit anken 22 brß genommen.
867 1023 1772 1229 end widrumb einer frauwen zu Burchdorff umb z
856 1094 1096 1210 verkaufft
723 1175 1759 1384 zu Haseli ein kubell mit ankhen und ein santer
852 1294 1735 1463 ballen genommen, vorgesagter frauwen umb ein
850 1351 1206 1499 kronen verkaufft
671 1475 1742 1664 zu Haßli ufd ir dem wirth hauß suges
829 1573 1764 1723 dem Faller 2 fübell mit ancken genommen
831 1652 1742 1769 auch einer unbekhandtlen frauwen umb 24 vr
824 1718 987 1810 kaufft
671 1787 1737 1937 zu Riederswyl uß einem kaller in kubelle
825 1879 1721 2026 anken genommen und gleichfahlß einer frauwen
817 1956 1321 2082 umb 2 lb verkaufft.
668 2060 1710 2212 zu Snnerkhinden uf einem kaller eleiben be
799 2165 1706 2291 und 2anken ballen sambt etwaß hung entzükt
666 2246 1716 2384 zu Schaffgusen im ammenthal mit hilffeisand
799 2319 1705 2429 2 kübell mit ancken und 5 brot uf einem geden
793 2402 1713 2494 genommen den ancken alhier einem kramer gendte
783 2468 1373 2584 Ruschen umb 2 t verkaufft
652 2549 1691 2657 mitt holff eineß anderen zu diebottshaußen
769 2621 1624 2752 einen gaden 2 leib brott entfrombdet.
633 2718 1681 2853 zu durren roott us einem kaller 2 keßen
781 2801 1693 2957 selbige hernach zu Patterkhniden umb 2 l6
759 2929 1000 3041 verkaufft
624 2953 1663 3159 abermahlen zu derren rath mit hilff meh sein
744 3075 1663 3236 gespanen zu nachtsin ein kaller gebrochen, daran
747 3117 1661 3303 2. Unckenballen unndt 2 brott entfröuwt
736 3228 1508 3383 und hernach umb 10 bazen verkaufft
589 3289 1657 3520 zu Frienißberg us einem galden ein galben und
725 3428 1389 3607 kaß entfromldet vnd gnoßen
567 3475 1643 3689 zu Biglen bey nacht in ein kaller gebrochen, daruß
709 3530 1642 3752 und ohngfahr 10 lb unschlit mit obiger seiner huff
710 3583 1639 3858 aß ene
2828 881 2932 959 164
1776 933 2878 1067 mit hilff seineß gsellen den wirtth zu Ursibach
1853 1011 2908 1143 us einen gandterlin 10 lb in gelt enthwackt undt
1861 1085 2928 1215 se ihmme der halbig theil zu seinem theil verbliben.
1769 1180 2850 1297 Gerad im gemeldtem wirts Hauß gedachten wirt
1844 1258 2897 1389 selbigen mahls uß dem gaden 12/ und ein stuck kase
1809 1333 2876 1470 genommen denselben zu Wyler der Pfisteren genandt
1817 1393 2417 1507 Wizin umb 3g verkaufft
1750 1494 2877 1616 zu wyler us einem gaden, kaßentwent und den
1838 1576 2854 1701 alben zu Zulenbach der großen wintzenen umb ein
1822 1643 2139 1739 fronen verkaufft.
1737 1728 2811 1890 zu Biberist im Solothurner gepiet ein kogb vollen
1799 1815 2800 1971 küehlih ues ehnen hauseggenonne und grosen.
1729 1903 2865 2053 zu Lohn uf der Staupffi 2 maß hirs entwendt und
1801 1985 2361 2097 hernach umb b verkaufft
1732 2079 2831 2263 Du viberen im Buchberg selbs ander bey nacht uß
1788 2158 2840 2293 einem gaden 2schmar leib brott und ein
1792 2216 2818 2388 anckenballen selbiges zu Milidorff dem sigerist
1778 2296 2508 2426 umb ein gulden verkaufft genommen.
1721 2359 2849 2555 so zu Amnelßme Golothurner geprts mit gilff seines
1789 2458 2832 2616 espanen bey der nacht in ein gaden gebrochen, darus
1782 2523 2758 2666 ziger, so brott und ohngefahr wo maß ancken
1769 2564 2769 2755 entfrömbdet und hernach der großen winzenen
1757 2638 2723 2833 zu Gylenbach umb 2 lb 10 batzen verkaufft
1702 2727 2771 2951 zu Oberwyl aber mit hilff eineß seines gespanen
1744 2845 2735 3003 us einem gaden in der meli daselbsten 2 leiben
1739 2922 2719 3065 brott unndt 4 maß gung genommen unndt
1732 2998 2773 3167 hernach denselben zu Raggisried umb ein kronen
1724 3040 1927 3155 gekanfft
1727 3112 2741 3340 ff disere sein Rudolph Hotterbergs
1742 3216 2735 3418 beranget vilfaltige diebstäl auch sache
1737 3277 2782 3479 vnd Schwere mißhandlung, habent meine
1707 3367 2833 3594 hochehrende, gneirge, liebe herrrn vnd Obereen
1687 3444 2800 3690 Schuldtheyß Rüth vnd kurs diser Tap¬
1704 3520 2755 3768 Eichl Statt Eoern, vff Ihren Eydtthins
