3024 4032
343 417 1454 725 worden, hatt er ich demselben Lnderungen
420 577 1457 799 erhallten, das er eine nicht gheissen das
426 661 1462 933 kluyben offnenen, aber wol gendt ernh
418 781 1457 992 weesen, was es inhielte, vndes höre
400 890 1451 1108 lassen. Dessen den Mülnsen endtlich
445 973 1454 1227 fredig zu nuesten auch hie veythe
418 1089 1452 1284 ennschuldigungl gewest dandie von
403 1208 1458 1421 ghender. So hatt Sefundoch hierb
422 1307 1461 1502 vremeldet es sie das soheyben nach
404 1411 1455 1598 form der Missyphen beschlossen
430 1548 1441 1690 einem gemli durchzogen, vnd mit
398 1620 1452 1792 ihr g geösserem ehren gnsigel
440 1736 1465 1889 vort gsin, dessen Mülisen au
400 1852 1462 2000 stehen muessen, Jedoch darby vnge
413 1943 1453 2106 eor habe Ihme anders nicht zngebelde
394 2042 1453 2233 es sye nur wie raths zedel beschlaßen
403 2138 1453 2345 gsen. ittet glychermassen
405 2267 1455 2441 undertheiigest umb gaad vnd v
391 2373 1446 2586 zyeheren das ihr g stinhach
381 2458 1440 2642 deinselber anhangende schwachen
368 2563 1449 2770 standt betrichten vnd zemr nichte
390 2693 1435 2877 werdienen straffen welle e.
308 2865 1450 3105 Has hiruff diser bider frtend
368 2966 1429 3192 vnnd Damel Nulysens beklandtu
403 3075 1442 3304 einem ersamen wysen rath fürtrag
346 3174 1431 3400 worden. sbent ihr g dero beide
372 3249 1449 3516 Degerin Herren Emungd Genner
337 3379 1444 3647 Ginchesehünder verzachmen benel
342 3482 1438 3768 Enerlagt, sy leide aun Ihren bste
355 3583 1435 3867 Stattrechten offentlich zuberehe
2505 233 2639 347 56.
1493 375 2559 714 a indegen
1490 479 2605 808 ich de hsetlencg n
1507 539 2609 861 geesh
1505 654 2602 995 t hanter genge
1527 773 2649 1037 nit leib und gut, snach verdienen abzu¬
1509 867 2591 1133 sroffen zuerkleidt orden, hatt ihr
1489 961 2601 1245 ihner die straff offerlegt, das sy
1509 1046 2610 1320 Vnd Ehr. vnd wehrlaß sein, auchmit
1517 1145 2677 1424 dem Bydt vansehr G. Stetten vnnd
1490 1279 2660 1503 kunden vewihen werden soll nit, welche
1475 1389 2623 1625 Gereysurg dan ann ihnen zinstags
1510 1482 2618 1682 Den 21. martii 1637 erstättet
1521 1670 1682 1794 worden.
1551 1826 2557 2123 Dasten Schriser
1563 2085 2548 2266 Horn Eglisonw Hnrich gebrett.
1495 2368 2695 2559 alls dieselbige zinstags den 21. mertzen
1540 2490 2647 2625 von duach herren Großwërbel
1514 2600 2674 2752 Erischung, In dem kesi thurn exami¬
1528 2706 2717 2878 inet, vnd etlich diebstulen halb deren
1528 2822 2711 2979 ygezigen werd befrage worden.
1529 2923 2436 3085 hatt) angeben vnd bekhent.
1545 3053 2668 3214 as sy herren shinp kilchbergers
1532 3159 2684 3298 alt Landtvogts In Luccaris dienst¬
1531 3271 2735 3399 nagt ein alten Schwartzenrock ge¬
1518 3329 2750 3523 stolen habe, der Ihren aber widerumb
1537 3428 2363 3614 zugstelt worden se.
