3024 4032
2110 862 2472 1047 Aupisten.
1835 1066 2879 1236 Ais, Anna aus Zohingen, wegen Verdacht v.
1997 1167 2532 1316 Riebstahl, p. 37 158t
1817 1271 2839 1417 Arm, Uns, v. Mülche, begen Liebstühlen, 39
1822 1382 2813 1531 Wolten Lucia v. Zennenhausten, wegen im
2021 1471 2649 1601 Landunherziehens. 102. 136
1808 1548 2815 1700 Augstpunger, Hans, v. Sinnringen, wegen
2003 1662 2352 1781 Uinhuchl. 103.
1813 2067 2868 2271 Dech. Bendicht, genannt Läßen v. Fruueerkuppelen
2008 2210 2471 2335 legen diebstählen. 5.
1798 2280 2836 2444 Greitenstein, Melchior, v. Frisbÿl, legen diebe
1985 2399 2619 2517 stähln Ac. 8 96 116 166
1803 2455 2824 2641 Daur, Anthom, v. Sigrisbul, legen 3. Fehler
1996 2578 2580 2701 in Hurei u. Ehebruch. 335
1784 2659 2837 2821 dechlen Elibet Hand Gurtner des Spastenmm
1981 2776 2751 2917 sters orun zu Suhledorf, wegen
1979 2845 2733 3005 kauf und gestohlenn sichen de 49t
1764 2872 2810 3082 Berigen, Hans Cunrad Wirth zum Bären
1978 3037 2811 3177 bei der Sensten, wegen schnellem Auf,
1982 3092 2792 3276 Baustimen verbrunneren Spirthschaft
2002 3170 2428 3311 N. 396 60b 117.
1782 3213 2788 3437 uber Cunrad u Ildbeth ab dem Geggisperg
2000 3365 2798 3491 wegen 3. u. 4. Ieslen in Hurei und
1982 3428 2282 3549 Eibung. 78.
1751 3452 2788 3681 Ruchster, Eldbeth, v. Oberburg, legen Kerndle,
1970 3616 2255 3698 gung etc. 82.
1949 3670 2800 3851 Elrbeth und Seinringen wegen Herrn.
1958 3771 2339 3893 Anzucht 1036
