3024 4032
536 671 1461 845 einer franden Etelschafft zum Nare
505 773 1493 953 Kridertihl wuler, daß der Anderns
517 878 1438 1019 sein ehemen hafen genomen vnd einen
549 957 1449 1106 Muller vmb von miskrenen Es
519 1053 1463 1248 und nit zu thun obgemelter Gasen
571 1183 1483 1355 dem Erossewtirte Zum Karrensis
581 1275 1459 1439 hicderen stubel ein dartbeth zu
549 1339 1368 1510 vnd ein synlich gestolen.
559 1512 1458 1648 isere Cara Haggenaup, Ist zistag
582 1601 1463 1733 den 29. Mertzens 1636 biß vff
569 1691 1465 1809 Scheikare beßserung, so langes in g
551 1756 1465 1876 herren beliebt wiet, In ds Schallen¬
658 1819 1332 1961 rerch erkhendt worden
618 2079 1308 2374 Sitn Kiter
750 2253 1425 2421 ann dermeltz, sonst burtig
739 2388 1451 2544 zu rächthalten bey Claffeyen.
569 2538 1471 2746 Nach dem gedachter Kurtzen Crichen
618 2631 1477 2829 tagen durch Ir Graden burger l
596 2715 1473 2925 Sibtzer wegen eines Ihme zu Murtten
615 2816 1486 3042 Vbergebnen fasses mit wershafften v
617 2896 1473 3089 o ernach sueen thüeren söllen, au
589 2961 1455 3201 worden, das er denselben zwen Jagebe
602 3060 1481 3309 zynem huß zu Buemack offgehalten
573 3151 1490 3400 vnd darmit dergstalten vmbgangt
571 3217 1485 3477 Das als der wes alhar fur die Statt
552 3307 1478 3607 sen degent ha
2371 420 2490 513 35
1498 480 2500 754 Vnwerschafft befunden vnd erkhendt worden
1503 535 2531 847 ene
1500 600 2500 917 een
1496 722 2532 995 gnaden fürtragen und abgerathen worden
1517 808 2458 1068 das er körtzen hierüber warf ernstlich
1521 877 2533 1169 ceummniert, vnd wie er aus demseyn vmb¬
1530 995 2422 1212 gangen, flyssig befragt werden, solle
1518 1067 2466 1314 H Stlicher fr Gnaden beuelch zinstags
1497 1184 2502 1378 den tünfften Apritis diß 1630l kars durch
1534 1263 2433 1459 mehne hochehrende heitren, hr Edendacht
1517 1335 2479 1525 Worti deß braths her Johans poorg im
1525 1433 2492 1589 vonf der burgeren vnd herren Groß¬
1514 1530 2485 1702 weybell feischung im thuen zu Mar-
1547 1620 2100 1796 seli berrühtet worden.
1538 1724 2502 1909 Lordhabmelter Bucheimn Kurtz. vfdie
1540 1857 2476 1988 am Ime beschehne trag, wie lang er den wy
1552 1926 2472 2075 bey inem huß gehallten, und ob inzwüschen
1551 2021 2511 2151 weder diesingen nicht darub gezogt und
1535 2088 2535 2235 mit wasser zugfült habint, geantwortet
1522 2191 2508 2365 Er habe das fas mit wi am donstag nechst
1546 2279 2558 2461 vor Meyn verkhündigung zu Murtten geladen.
1536 2347 2560 2544 und wyl unenderst als ans frytag einfest
1540 2443 2569 2592 tag gsee, uff welchem mentauf mit Eurwerh
1537 2516 2556 2706 Iu vmbgahn dörffe, Sye er von Musetten ge¬
1549 2587 2548 2801 stracks nach Burmeltz gefharen den wagen
1549 2659 2565 2875 sampt dem Wyn vnnkeit, Eschenn gesteltt
1541 2745 2506 2941 dasselb verschlassen den Schlufsel zu sich
1554 2849 2574 3041 genomen vnd am Sambstag morgens nach
1532 2910 2525 3108 Kiren gefharen vnd dem wyd abgeladen
1538 2969 2585 3207 Daer kh sner Seeligkheyt bidermans thrüw
1546 3049 2559 3279 vrdgeschwerenn Ege erhallten wolle.
1538 3137 2563 3372 das erzweschen vnd allewyl der wyn In
1547 3244 2557 3454 gnnte gewalttgsin, einig bschiß darmit
1528 3304 2606 3551 sites wisses nicht gebracht, khein wasser
