3024 4032
1035 690 1583 904 Bebi Stelle v
1215 828 1446 928 Biglm.
831 946 1640 1141 Sath, dem dieselbige von Kuehs, alls
758 976 1639 1204 Ie ihr gnaden gefangenschafft gebracht
723 1070 1634 1253 und volgendts darüber den 2. dißm
715 1126 1628 1307 Aprilis ihres thuns und lassens halbe
763 1208 1631 1373 mit wortfen ernstlichen befragtt
748 1270 1630 1424 worden. Hatt sie zwahr, wie auch e
753 1350 1626 1470 nach den 6. dito bekhendt Das sie en
796 1406 1630 1541 albereits 10 jahren bey einem im frybi
768 1472 1617 1589 gepreth (alwo sie damahl gedinnet) ge¬
787 1534 1628 1660 christen Stürler ein unehliches Rhi
796 1613 1615 1713 erzeüget, selbiges auch ime dem Vatt
1391 1678 1503 1730 orzuuer
746 1676 1610 1789 geben und zustelt, habe auch mit etliche
759 1752 1600 1865 anderen mamspersonen (leider) so vil
761 1825 1603 1916 und meingfaltig Creuerenter) Herey
755 1882 1627 1985 getriben, der zahl sie nicht wüsse
745 1952 1609 2065 ungefahr 9 Jahren aber, habe sie daß
772 2024 1576 2114 chandtlich, lichtfertige läben unnd
733 2065 1620 2186 greüwliche kaster zu anderen und zu k
729 2139 1590 2255 ihr fürgenomen, und zu dem endt mit
738 2204 1617 2339 ihrem jetzigen Ehmann Rudi Eehyble
726 2273 1617 2404 zu Bolliagen ihr kilchenrecht gehaben
744 2329 1616 2478 und obgleich woll nun in enderung ih
672 2437 1595 2558 gantz chandtlichen Laswesens sie ihre
711 2481 1593 2592 die bes Verung ehrlich und frem
708 2546 1591 2682 khünfftigklich zu verhalten fürgenommen,
716 2594 1605 2754 sege, sie doch endtlich etlicher massen a
687 2662 1608 2842 ihrem man verfürtt worden, alls mit
743 2720 1603 2906 ich mehr unelrlicher begangenschafft alle
689 2777 1613 2947 gatt dem herren nach seinem willen
703 2845 1579 3020 edienen und inne zu forchten, beflissen
700 2897 1598 3111 dem sie ime nicht wie sie woll zu sall
686 2970 1598 3190 und schuldig gewesen were seinen bos
691 3046 1589 3268 vorhaben abgewährt, sonder woll gahr
659 3084 1612 3355 dazu geholffen, wie dan kurtz nachs
673 3165 1619 3430 ehelichen zusamenkhunfft, er ihr man lecht
665 3342 1588 3666 den zin ae
662 3234 1601 3502 Von frauwen brunen etwas anthhense
684 3336 1486 3565 brott uß einem hauß genommen.
667 3423 1576 3720 geete
694 3477 1594 3784 at e
669 3532 1606 3871 d ge
1016 3744 1247 3851 genomen.
628 3649 1589 4007 mn
1028 3832 1353 3965 ac when
2527 632 2661 726 135
1695 711 2641 953 Ewyll aber mein 9 herren und oberen
1685 788 2636 1013 r an diser ihrer ussag nicht erserdigt
1655 869 2662 1075 könen, sonder darzur gehalten daß nach
1694 937 2580 1130 in mehrers hinder ihren verborgen lige,
1687 1011 2665 1189 vvnndt Ihr G. hieruff nochwundig ne¬
1683 1076 2713 1276 agtet sie durch zimliche marter examinieren
1670 1145 2636 1321 zulassen und solicher beyzuwon der.
1683 1198 2688 1392 ürgeliebten mit Rbatt Herren sammell
1880 1312 2028 1378 gradig
1676 1286 2630 1454 söndenreih freündtlich gesinet, der dan
1675 1337 2722 1512 inseltigt uff heüt sambstag den 7. aprilis
1689 1436 2658 1600 ist nach in gegenwürtigkheit  Sammell
1688 1502 2644 1646 lötinger und fr Großweibell Bauidt
1667 1578 2709 1748 den Beürens im thurn zu Marzelli für
1672 1658 2724 1812 genomen, da sie dan zum ersten Ihre vor¬
1669 1735 2637 1872 gend vergiecht bestetiget und Verners be-
1672 1816 2601 1951 kchendt, ihr man habe mit hulff eines
1673 1900 2592 2023 anderen genandt Christen Sehrates
1677 1978 2654 2100 einen ronkh und etwaß fleisch genommen
1684 2031 2586 2153 und Ihren zugebrocht, Item habe sie am
1664 2098 2716 2212 selden ein hunm endtfrombdet und hernach
1680 2163 2674 2300 umb 3 batzen verkhaufft und zufrütigen
1681 2246 2667 2370 uß dem wuhrtshauß ein neüw phor schuo
1690 2325 1965 2408 ndtfrombde.
1678 2393 2671 2502 Iem habe ihr man mit hulff nach eines
1657 2454 2730 2556 anderen lendtsit der neüwen brügg bey zweyen
1668 2497 2733 2628 höffen, 20 lynlaehe 2 juppen zwen Rorkh,
1690 2580 2681 2690 wey manshämbder und zwey phar schuo
1672 2629 2698 2759 gestolen und under sich beid getheilt, da sie
1670 2705 2704 2816 ihres manß theill allhier zum bahrfüssern
1681 2758 2679 2887 Vkhaufft, weist selbs niht mehr vmb wie
1681 2847 1763 2895 vill
1666 2870 2713 2997 desgleichen hab ihr man mit hulff eines
1680 2944 2710 3044 ihren namens halber vnbekhandten Ober¬
1674 3004 2716 3124 halb Kollingen, etliche sturkh kindtfleisch,
1669 3076 2509 3186 wereh und 3 phar schub gestolen.
1680 3142 2705 3281 Item habe ihr man zu Rind bey frauwen
1684 3223 2689 3355 brunen thueh gestolen, welches sie hernoch
1690 3294 2506 3407 zu Burdoff vmb 7f verkhaufft,
1659 3352 2683 3514 Dannethin habe ihr man uff eigen 6
1684 3420 2630 3582 esen 2 bathen schwynig fleisch und ein
1693 3492 2633 3644 flauw hußtheihigen korkh gestolen, da
1707 3563 2619 3702 ber er schroter den roekh für sich
1701 3606 2519 3761 behalten und die kesen theilt,
