2448 3264
524 514 1195 725 Niclaus Höüwberger
640 652 1190 809 von Küttigkhofen im Solothurner
654 724 815 830 gepiet
681 785 1148 925 vide supra pag 1
411 938 1197 1083 Bedachter Höüwberger ist schon hieuor
461 1032 1180 1143 den 23. Marty Annb 1635 von
471 1090 1204 1209 fassten argirdes wege, das zu Ansolt
470 1165 1192 1290 vnd hattigen 2 sycher habe vffbrecht
470 1240 1188 1346 helffen ynnzogen, wort ernstlich es
472 1301 1191 1413 niert aber vff domalen zu gethant
469 1374 1181 1480 schimlche verantwortung ledigge
496 1441 1189 1539 assen werden. zu sich ehrlicher be
468 1506 1205 1626 gangenschafft zubefiyssen ermantwe
471 1616 1204 1716 das welchre gnedigen Erwarnung
471 1678 1198 1781 sich also gebesseret, das er volgents di
461 1742 1193 1831 12. Augusti letsthingewisnen 163
459 1800 1201 1916 schars mitsampt snem gestellen Hause
458 1862 1198 1977 Jagli Gasser von zu Capellen e
461 1934 1198 2056 verhafft genomen, alhar gebracht
438 1983 1208 2120 ud zu Marzili examniert und uf
443 2072 1199 2182 die damalen bekhendten diebstäl an
461 2125 1201 2262 rethen vßgeschmeitzt Zeihert vnd
455 2195 1190 2317 dem eyde von Ir Gnaden landen
449 2254 1193 2414 gepieten verwißen worden. Vnd d
439 2338 1195 2479 glychwol damalen versprechen, das e
426 2404 1196 2543 fr g land syin leberlung myden
447 2480 1190 2606 er mehr darin betretten werde, d
443 2544 1174 2660 man Ihme zum leben gryffen solle
434 2612 1197 2749 hat er jedrch solche ynen geschworen
423 2673 1192 2835 Eydt nutwilliger Nhandtlicher wyb
1889 406 1969 465 28.
1232 458 1983 669 rüberschritten, vnd das Ihmeselbs vffge¬
1244 488 2012 760 tihhe
1250 556 2019 831 geen
1234 647 1985 876 vee nushe
1256 688 2019 940 e g
1240 867 1621 985 hergbrachen
1242 827 2017 1053 vintentl
1252 918 2013 1146 en de engeltge
1236 1018 1985 1194 hocheheende herren, h. Martn, herr
1240 1071 1998 1261 Gansunster Rantz v hr Groß¬
1234 1172 2013 1312 weybell feisching zu Marzili eaami¬
1256 1204 2027 1357 niert worden. Da er dan über vor
1263 1297 2006 1447 schinde noch volgende diebstäl angeben
1252 1387 1498 1500 vnd bekhandt
1277 1487 2030 1603 amlich shabt er mit hilff hievorgemelt
1250 1577 2021 1669 Cleli Finslus deß Ehgwissern Hauß
1254 1629 1987 1742 Jogli Ghassers und zu thad gefallnen
1269 1702 2035 1799 alten mans am sambstag zu nacht nach
1249 1776 1980 1869 dem heiligen wienachttag zu Eber
1278 1834 2033 1933 schshorff ein s�giher geöffnet eß dem
1260 1897 2040 2029 sy, dehiener ein Füeßlins vergicht
1271 1983 2022 2088 abgelessne stuck gestolen, da er sinen
1266 2038 2072 2175 theil in das woll getragen, vomgelt
1277 2129 2066 2250 er 29 b bekhomen, so er mehtentheilb
1276 2178 1708 2296 daselbstwerzert habe.
1256 2245 2052 2404 Sonsten habe er auch idt letster Eydtlichen
1271 2319 2045 2472 verwysenn mit hilff Gasser zu deß
1281 2377 2100 2532 tun gsthingerichten Melchear Greyben
1271 2449 2079 2601 stimb sein Solothorner gepret, Iß einem
1270 2507 2077 2654 feller ncht ode r um möger
1264 2586 2086 2728 hus thäsen genomen, von welchs ihme
1271 2651 2082 2774 2. De 15 lb gwegen znd erener synem
1262 2714 2090 2836 eyb vkhinden gessen zu theil worden syen
