3024 4032
725 647 1616 916 zu Schaffise zelenden
671 769 1611 979 hulff seines gespanen Josen, u
709 850 1613 1064 mit anflehen und 5 brott uß man
698 921 1609 1128 gaden genomen, den Anclehen zu
698 1005 1612 1246 alhier einem krämer genandt
716 1101 1332 1242 vmb 2 f verkhaūfft
662 1209 1598 1379 Etb mit hulff eines anderen ge
631 1291 1606 1458 Gnath zu Diebelts hansen ust ein
675 1391 1596 1527 gaden 2 leib brott endtfrorubdet
670 1505 1578 1662 zu Burmrath uß einem Keller
729 1596 1607 1725 2 Käsen genomen, selbige herre
713 1668 1598 1820 zu Geterkhinden umb 2f 3
708 1768 989 1892 Vkhaūfft
526 1888 1594 2001 37 Obermahl zu Burenrath mit hulff
724 1967 1593 2075 seines hieaben genamseten gespanen
694 2044 1596 2150 Baths zu nacht in ein keller gebrachen
690 2113 1594 2211 darauß 2 ansehen ballen und 2 br
706 2185 1578 2301 endtfrömbdet und hernach umb 10 bb
701 2270 1015 2379 verkhanfft.
700 2335 1567 2491 zu Friech semberg uß einem gaden
684 2410 1589 2565 ein halben und j käß endtfrökt
693 2516 1119 2649 und gnossen.
674 2597 1580 2728 Item zu Kiglen bry nacht in ein kellen
596 2651 1589 2826 gebrochen, daruß 2 k� ungefahr
692 2749 1590 2887 10 pfundt unschlitt mit obiger seine
697 2829 1589 2984 hulff undttrambdet und hernach u
702 2910 1445 3063 2 f 1 diekhen verkhaufft.
655 2997 1599 3225 Aber mit Hülff baths seines gselle
671 3114 1581 3284 dem wuhrod zu Ursibach uß einem
687 3138 1600 3385 gandterlin 10 t in gelt endtzwe
677 3211 1580 3462 und sye ime der halbig theill zu sur
682 3394 1198 3564 vie verbliben.
674 3376 1588 3666 den ve en engen
697 3467 1583 3734 Ae a eo en
693 3520 1574 3805 a sich bi ge
688 3587 1573 3896 eer ain sesen
615 3715 1486 3997 dehn e 1 b
524 624 640 728 34
535 1186 615 1259 35
544 1513 619 1604 36
536 2393 613 2473 38
521 2660 592 2740 39
519 3106 653 3217 40
507 3589 590 3713 41
2527 519 2648 614 129.
1620 653 2520 889 anner zu Wyler uß einem gade
1680 705 2579 944 Köß endwendet, vnd denselben zu
1657 792 2583 1028 Gylinbach der grossen wyntzenen
1644 912 2145 1095 4 chu
1639 955 2636 1226 Item zu Kyber im Galothurner gebieth
1645 1071 2676 1291 habe er ein korb voll Kürchlin unß einem
1643 1163 2494 1369 hanß weggenommen und gnossen
1621 1260 2574 1471 abbermahl zu Lohme uß der Stampti
1643 1329 2635 1575 sey zwey mäß hieß endtwendt und
1638 1464 2367 1639 hunach umb 1t verschaufft
1639 1541 2716 1762 Dannethin zu Gyberen im Büehiberg selbs
1646 1647 2701 1829 inder bey nocht uß einem gaden 2 schmär
1657 1749 2578 1882 sub 5 grat und i antlhen ballen
1654 1824 2676 1982 selbiges zu Mülidorff, dem igerist
1654 1927 2548 2060 umb ein gulden verschaufft) genomen
1645 1991 2640 2151 zu Amellseich Solothurner gebiets
1643 2114 2635 2236 mit helff des gats seines gspanen
1654 2193 2612 2312 bey der nacht in ein gaden gebrochen
1645 2267 2613 2382 daruß 9 diger 6 brat und ungefahr
1658 2331 2640 2433 moß anelchen undtfrömbdet, und
1643 2396 2737 2524 ernach der grossen wyntzin zu Zylenborch
1655 2473 2434 2596 umb 2 f 10 bl verkhaufft.
1647 2541 2617 2703 zu Oberwyll aber mit zulff seines
1654 2651 2649 2769 gespanen abgemelt uß einem gaden
1643 2734 2628 2839 dem in der müli daselbsten 2 leib
1660 2792 2576 2917 brott und 4 moß hung genomen
1663 2877 2702 3017 und hernach denselben zu Raggisriedt
1650 2951 2250 3075 vmb 1 F vrkhaufft
1641 3073 2676 3218 Weithers hat er nit bekhändt. ist daß
1658 3140 2641 3302 erstmahl ledig, das andermahl mit
1661 3228 2700 3370 dem kleinen, zum dritten mit dem
1671 3308 2701 3450 nach genden dem grosseren stein uff
1651 3359 2262 3494 gezogen worden.
1678 3481 2683 3623 dieruff volgen sein Hottenbergsvernere
1663 3535 2719 3711 beyeht und bekhandtnuß so er albereith
1657 3603 2690 3792 Sieuor diser excammination Vnderschidlich
