2448 3264
466 473 1175 662 Anderthalb Eshien an der Gernsteus
482 582 1170 706 im spycher brochen. Ict welchen sy genen
462 628 1172 753 3. vörk. 2 schwadtze bar vrmell
460 685 1186 822 gutthuchenes ud ein welligs ein schwart
471 745 1226 880 getschuchenes ferthuch 28 rystigstel
468 815 1182 937 4. Barschuth 2 rystige henbder in
477 880 1175 1001 dlren hochen Huth 4 bb ebe an gele
465 953 1178 1056 grchetliche Eynlacht vnd huß Kiechen
375 994 1185 1118 Von welchem allen Ihme vit eynlach
469 1058 1192 1169 ein Schwertzer gorb, vnd ersensangel
460 1110 1187 1216 zu theil worden je habe die lynlachen
397 1154 1185 1269 Snderwegn Vmb 20 b verthaufft de
438 1228 1072 1329 Rock vber zu noch Im Gott,
417 1291 1192 1401 Syne consorter aber habindt ein vi
420 1368 1188 1472 Diser Ihrer gestohnet wahr einem wie
468 1421 1197 1540 ahnet der Aren, da die Wirtschafft
447 1487 1195 1600 nistsampt einem vnd darby am vas
450 1556 1189 1669 standt, zu bezahlung ihme schuldig
474 1613 1183 1728 resne laben verkhafft hingebe
452 1681 970 1800 vnd sonst verkhaufft
412 1779 1188 1908 Glychergstalten heigindt sy auch dem
408 1854 1198 1980 Ehrer zu Minsingen amwasser
452 1923 875 2055 sachen verkhanfft.
383 2027 1197 2186 Damothin hat er auch bekhandt, dader
449 2109 1196 2250 etwas zichs, mit hilff einsi der
419 2180 1195 2307 Patzenouwer genant im Solothuei
445 2249 1193 2385 gepret 12 mas ancken vnd drey
395 2312 1196 2459 teiben brodt entwendt, zu welthem
397 2392 1203 2523 Diebstal auch zwey wyber deren die
436 2451 1212 2605 einte Maria heisse, geholffen habe
1918 426 1965 491 2
1208 471 1970 702 se ed
1208 524 2043 752 inferpiet, genackhauß, Anst der Doctene
1225 565 2034 843 den ltenton
1242 645 1972 878 d i hlhan
1239 707 1979 936 e l e e
1199 785 1904 1015 bet aterne
1593 878 1833 985 Dadferligs
1213 867 2027 1080 Vbermalen mithilff rattennomeres heige
1250 957 1980 1145 ir Anderthalb grrun, eß einem Riech
1242 978 2027 1209 vffgebeachnem fellers, funffleiben brod
1245 1100 1915 1282 vnd zwo ancken ballen entwendt
1575 1178 1889 1259 vnd docterlich
1219 1237 1955 1367 Geerners nit zuthen deß vggerissnen
1257 1284 1974 1438 Caspar Eltingers, habe er vndenth als
1239 1354 1984 1508 Buegdorff uff einem berg ein spycher
1253 1438 2023 1555 geeffnet, vnd vß demselben 100 ellen
1249 1476 2030 1639 thuch, 2 dynlachen Ander, wenig fleisch
1256 1545 2033 1686 genomen das thuh, die ellen vmbsechs
1245 1632 2011 1739 krützer verkhaufft, da Ihme zu Ihnem
1250 1703 1815 1789 theil 2 lb worden syent.
1244 1799 2032 1947 Letstlichen heige er vor etwas Zeichs mit
1256 1905 1993 2012 Zechen deß Docteglis, vnd sonst einsi
1260 1964 2033 2080 vß dem Zurichpiet, Im Gaßler piee
1278 2031 2001 2136 im Rossenefhnert, welches syl zuo
1257 2091 2076 2206 Zurzach verkhoufft vmb ihme ue sinen
1270 2157 1786 2263 gere 8t wordensëent.
1257 2235 2070 2375 Ist das erstemal lär, das andere mit
1254 2318 2061 2453 dem Kleinerenstein das dritte vnd
1277 2378 2076 2510 vierte mal mit beiden kleinen steinen
1251 2445 1687 2566 uffzogen worden.
