3024 4032
2141 739 2667 881 escription
1947 826 3029 965 unndt verzeychnuß etlicher bosen brben un
1941 918 2990 1041 dernen, so der Cappellenbub zuo wangen) für
1966 991 2941 1126 eyne gehoanen angeben. Cneress schuna
2766 1058 2909 1138 . 148
1827 1146 3027 1265 hauß mehr genant Coffler oder murer uf dem Solothar
1830 1221 2997 1335 gepiet gepürtig hatt ein rund rohes angesicht grauwe
1834 1289 2977 1410 aug klein halb spitz Bartli Furtz falbes har tragt ein
1833 1361 3017 1489 breyten kostlichen schwartzen hatt, darumb gruen vnndt
1840 1431 2985 1541 roth hutbanden ein yßen tarbes von Hans Tuch gantzeß
1828 1500 2957 1617 gleydt uff Schweytzer gattung tregt ein zerhauwen
1828 1586 2994 1706 liderrok tragt ein seytten wahr biswylen ein gratzen
1828 1654 3006 1777 unndt ein kird daruff seyn deen ein hupsch mentschzeyse
1827 1721 2003 1825 catria.
1779 1808 3021 1967 Diser thndt sich ein kramer us hatt vil falsche schlüsell undt
1779 1922 2986 2035 dietrig by sich ans welchen er alle schlößer eroffnen
1808 1990 2997 2102 than, hatt seyn Erich Im Willisauper Heupt vnndt
1805 2051 2090 2154 Ober kandt.
1735 2142 2974 2343 Bendicht oder Houri Bein hatt ein lang bleycheß angsicht
1803 2266 2957 2403 bruer augh grose lange nosen burtz halbes har kein
1809 2335 3000 2490 bart ein schwartzen würsten hattt ihne binde kompt
1797 2421 2942 2537 wunst heim Cottoncert bekleydt hatt ein bratzen
1788 2467 2951 2626 sunden sinmer wasstuol darauff seye arn by
1805 2549 2297 2675 sich genent Margret
1740 2656 3032 2833 Eiser ist ein sehr namhaffter dieb hatt vil falsche schlusel
1779 2730 2988 2893 vnndt dietrig by sich kan alle handtschloßer eroffnen
1770 2814 2934 2980 hatt sein strich im willisauerer amptunndt Bern
1769 2881 1957 2994 prett
1851 3019 2997 3236 Denn Ludi des Lofflers 9spag ist ein schwartzer starker
1775 3091 2933 3288 Barli Hatt en starcke saiwre gsicht, hatt getz brushoßen
1772 3161 2897 3370 unndt wammest ohne chnner ein schwartz Aaderin Lebli
1756 3248 2899 3442 daruber geuensttmusen breyten schwartzen hutt
1757 3324 2903 3518 seyn by sich habende dirnen Klein bali deren vordrig
1753 3390 2883 3598 ehe oder leheman ist gerichtst worden, diser ist
1771 3469 2991 3731 kürtzlichen zu Bramgarten ius gnaden der gfangenschafft
1773 3534 2886 3755 entlaßen worden, hatt sich aber idthero mit falschen
1723 3600 2906 3833 gschlüßlen umbzogen besonderlichen beflisen seyn strich
1752 3690 2870 3945 Im Willhauwer eeempt vnndtt Berpfrett
