3024 4032
844 775 1710 1016 Iu kinderen habe er selbs ander u
848 884 1689 1074 dem vnnd Ewig Eechwyngen
856 983 1688 1151 und selbige zu Murthen umb 6 f
860 1066 1114 1194 vrkhaūfft
849 1172 1698 1350 Denee dem müller im Riedtbarh i
863 1262 1668 1401 Rothosen endtfraüwdett, dari
853 1331 1657 1460 gald stuckh, (die er nit kendt, aber
866 1428 1678 1537 jedes umb ig weggeben).
837 1492 1678 1620 diekhen und 7 batzen an münen, habe
850 1569 1663 1690 auch die Hosen hernach umb 30 bt
854 1651 1617 1761 vn khaufft. Ime auch ab dem
832 1723 1655 1854 H Herich ein neüw hambd ein sabe
854 1788 1661 1896 nen Köffell den vmb 10 bb.
884 1853 1665 1995 Hnat Binden, 1 pherHosenbeuder und
847 1930 1394 2073 breit et entragen.
835 2038 1663 2181 Lentzen im Rindtbach i rocke 1
809 2114 1651 2256 Stiffell gphar schno und uff ane
812 2191 1641 2317 uß der matten seinen arbeits leütl
828 2265 1643 2363 ein abendt brott endttragen Herre
827 2336 1621 2478 den rorkh umb 32 batzen verkhanff
806 2462 1623 2606 Dem predigeanten zu Cappelen
813 2544 1607 2685 grosse Kuss ziechen, sein gallen
812 2615 1622 2750 will er aber verratten worden.
813 2680 1606 2836 ime wider geben müssen.
795 2738 1614 2951 Item dem Eehlreht zu Taggispat
781 2835 1614 3023 hab er ein roß uß der weid e
802 2888 1616 3062 wollen, aber von ime selbs ob de
805 3015 1406 3170 thatt verjagt worden.
748 2981 1625 3282 zgedeen an en a
749 3104 1605 3334 kleid und ein dägen entragen un
780 3189 1593 3404 Im forst vrkhaufft. Wie auch
797 3268 1588 3468 Ueli Tschanen ein huld und ein
784 3294 1601 3542 etlih mit anen shn
742 3398 1576 3641 Wicheth zu Cappelen eingren
772 3572 1064 3717 Wilhambd
720 3482 1627 3794 des
769 3603 1560 3896 t
797 3639 1581 3909 esheng e
756 3678 1584 3990 ge
932 3889 1200 4023 geschanfft.
2711 773 2850 864 150.
1776 896 2646 1079 Dem phuren in den Riederen ein
1720 961 2759 1197 ggetze wösch mit anderer seiner gespanen
1795 1043 2819 1232 reggenommen sambt einer mußonater
1772 1128 2766 1324 hernoch sein gespan tagg, dieselbe verkhauff
1763 1230 2759 1383 darvon imme zu seinem theil 24 diekhe
1760 1367 1968 1451 worden.
1758 1401 2715 1548 Abermahl dem wührtd zu Cappelen
1772 1504 2733 1629 auth ein kindtshutt genomen und
1758 1568 2745 1708 dem sehnmacher zu Gemenen sambt
1769 1642 2580 1782 einem Rockch vmb 3 f verkhauff.
1749 1740 2735 1891 Dem Lieniger habe er nachts allß sie
1750 1811 2748 1947 In einer stuben übernacht beisamen ge-
1756 1890 2821 2023 wesen, bey den 4tag  uß den gosen genommen.
1731 1995 2778 2128 Item den alten Krättiger zu Jagspach
1703 2081 2766 2203 uß dem stahl ein neüwen zaum, dem
1739 2157 2746 2288 Kyneht ein phar Wilhosen, 1 Hämbli,
1756 2235 2765 2365 und 1 hnoot endttragen und theilsß dar
1745 2319 2401 2440 non umb 30 bl. hingeben.
1745 2452 2729 2568 em sshärer usach zu Cappelen ei
1739 2533 2704 2647 biel1 zangen, die zahn darmit uß
1744 2610 2642 2724 zuzwehlen ein pharhosen und ein
1731 2680 2782 2822 ge uff Zugell zu den schnonen, genome.
1699 2773 2791 2952 Aber dem Erhinder Niggeli zu Cappeler
1741 2861 2681 3005 6 ell hußthueh endtragen umb zwich
1728 2925 2754 3073 vertuscht und ime allem zu nützen gemacht
1703 3017 2645 3163 dem Sehinder im Riedtbarh1 rott
1719 3098 2699 3259 wulhembd genomen. Ulli Tschanens
1706 3176 2799 3361 dochter1 phar Stiffell, die umb 6 batzen
1752 3252 2391 3383 stuerg brot weg geben.
1707 3335 2745 3477 Dem wuhroh zu Cappelen habe er ein
1732 3418 2715 3545 Seelzell mit gelt ertapp von ums
1718 3486 2748 3646 gefahr 12 f darunder 8 silber sorte
1708 3558 2670 3705 Item dem Mulenegger zu Jaglißhuß
1705 3615 2708 3752 6f uß einem genterli gnomen und
1704 3683 2738 3811 vnsfilt, hernach dem frahme abgewonen
1695 3741 2704 3875 wider gestolen, weil er sich selbs aber
1697 3790 2616 3952 verrathen ime wider geben müssen.
