3024 4032
363 388 1369 610 köck der einer sydin, der ander aber
362 501 1369 760 huethuchin gsen genommen lnd s
315 692 1383 902 Obermalen sy Recht, zu Graderen
382 801 1380 1027 i einem soycher ein bach schwei
361 1025 1376 1237 und dem eins srers hußgesten
364 1158 1387 1377 Im Luterbuch uß einem füllerhi
391 1299 1394 1505 ein schürlik unnd ein sabben k
388 1387 833 1563 enkendt.
401 1507 1389 1717 eestlichen nicht wyen ol
400 1667 1400 1832 s kindter und syen gspareen de
371 1768 1402 1933 halbe ankerbalcke, vnd zwen heiben
338 1878 916 2066 brodt gestolen.
290 1991 1416 2230 Kndtlich hatt er auch bekhandt, Jader
361 2142 1430 2332 Deß vor ettlichen thareralhie hingerihe
350 2237 1417 2420 Sittlen Buen her hinderl affer die
361 2339 1429 2521 bey denthalb tharen im Jars vnd
321 2419 1429 2678 Wyß wmelher gezogen, bey ihren zu
387 2510 1431 2785 khinder, deren das einer nach te
367 2620 1437 2858 lehen uind zu Langrauw bey si
365 2726 1435 2966 Großmutter sye gezeüget, wilh
391 2840 1432 3078 dernen seine also zumstalen auß
352 3023 863 3200 wigen habe.
2467 279 2631 423 59.
1425 375 2497 694 heenden de
1423 471 2595 791 eister bekhandte vilthaltige diebstäl
1411 566 2603 846 und schw��er mir handlungke habendt söhge.
1443 657 2592 938 fntmein gnedig herren schuldtheis Hran
1437 752 2578 1039 r vnd burges diser Loplich Stattn
369 857 2573 1104 eineren undsleush eieönd  ihren kid zu rechterkent
1454 957 2585 1257 zndgsprochen, das man sene dem Kach¬
1449 1047 2585 1361 sich er beschelen, der jane Oben uyduff
1461 1143 2586 1444 geranliche eiffstat khengen, dofellbsten
1447 1258 2601 1499 mit dem tfangk Bowilcken zum Rod
1459 1350 2601 1605 ichten, wieser n nachbeyserlichen
1465 1460 2634 1696 rechtlrichten, die er Gott dem herren
1466 1570 2647 1803 den ley aber dem Euff zd Zueglen
1477 1690 2287 1877 des Hinels kruel h sölle.
1650 1792 1995 1935 a 11635
1484 1832 2517 2017 Denn 18. Junn Ist disere Vrtheil ann Ime
1504 1942 2063 2103 ertattet wordenn etc.
