3024 4032
624 738 1674 987 Ien zu allend selichen
830 844 1577 1047 Bübell mit ancken gestolen.
617 947 1672 1179 zu Rid im par hesen ein wansell
772 1070 1538 1242 nd ein huth entzwackt
624 1146 1653 1342 n allen lufften einhußthuchenen
807 1256 1659 1445 werk mit einer blamern bsesi d
846 1339 1315 1478 wey hembder
614 1453 1662 1625 lychsthals zu Gmumenn den
818 1554 1387 1662 sollmele 2 Rörk.
622 1638 1636 1813 Zur Muß 2 Kirbell mit anchen
592 1768 1636 1923 Vnd einem anderen daselbst fürfti
803 1861 1618 1999 leiben brodt vß dem offen ent¬
809 1956 1632 2108 frömbdet vnd zu Murttl ver¬
810 2044 1054 2197 kaufft
625 2143 1606 2306 Beerners zu M�lenberg siben
777 2261 1236 2371 leiben brodt
598 2360 1604 2519 26 Abermalen zu Bumnemeen
764 2462 1617 2627 wyssen lyninen Vnbhang aß den
774 2587 1318 2718 sy 30 b erlasst.
603 2652 1585 2852 79. daselbst syner basens tit
589 2809 1597 2971 an einem anderen ortt nicht wiß
735 2917 1512 3071 Dadannen zwölffhembder.
725 2964 1586 3191 So alles Zū Mūrten vrkhrūiff
554 3096 1587 3308 d lefftlich vm den Kneh
754 3186 1567 3439 seanse nd inpersche
738 3373 1012 3561 gestolen.
697 3396 1573 3623 Endtlichehater auh bekhent, dase
729 3488 1558 3789 ettehe
2672 790 2815 866 125.
1761 818 2750 1011 ethuert, vnd einem Veter Schreyer
1758 914 2424 1112 eert verkhaufft habe.
1726 1008 2805 1233 Ist dermal lahr und das viertemal mit
1747 1119 2735 1284 den kleineren tein vffzoge worden
1758 1290 2790 1418 Uber disere hienor von ime vetter kilch
1756 1371 2667 1491 vllbekhandte diebställ, habendt mein
1739 1435 2808 1591 y herren (in bedenckhen oder muttmassung
1729 1523 2784 1655 daß derselbig vill mehr mußhandlungen und
1738 1612 2767 1733 übelthaten begangen, haben möchte) dero
1750 1691 2697 1826 befelch, Verners von sich gegeben, Inne
1733 1780 2760 1896 kilcher nach weiters mit nottwendig
1744 1862 2791 1976 massen mit der martter zu examinieren,
1739 1961 2724 2063 das dan mittwüschens den 9 mai 1638.
1739 2029 2653 2156 in beysein und gegenwertigkheit der
1726 2116 2776 2248 ehren vesten fromen 4. f. Wysen herren
1721 2189 2789 2309 Hrn Ullrich Bitzi des rhats herren
1703 2265 2695 2377 Bartman Cotters und Hrrr Gaidt
1716 2350 2758 2470 von Heürens Großweibels, abermahl
1710 2425 2724 2547 in volckh gestelt und hat er bekehendt
1636 2494 2734 2639 allß zum 82 daß er mit hulff seiner
1713 2589 2603 2727 Hievor gesagten drey gespanen
1684 2675 2750 2822 dem Nieli uff dem Sehoren 4 käsen
1708 2764 2724 2903 2 wilige Röckh, etliche Hämbder und
1707 2831 2396 2973 2 fürtüeher endtfrombden.
1621 2951 2647 3115 Item dem wuhred zu Wangen habe er
1702 3038 2701 3200 mit obiger hulff 2 oder 3 roekh und
1693 3099 2414 3251 etwaß zugers endttragen
1613 3175 2704 3384 Des gleichen zu Rind uß einem spricher
1703 3292 2577 3430 tunff weiber Röckh 2 käß und
1686 3362 2714 3521 gren Leib brott genomen, vnd die Rockh
1684 3423 2730 3615 den wirth zu Neüwnegs umb 5 lb verkh.
1602 3487 2697 3701 zu Eehlier In Heinis Hauß 5 Rockh
1690 3580 2751 3784 und 5 leib brat mit obiger hulff gestalen
1696 3660 2631 3862 und zu Gosell uß einem keller zwo
1884 3770 2318 3871 anelchenballen.
