3024 4032
694 754 1605 997 Im einthall nin phuren hab ihr man
773 848 1624 1070 zwen Reten vnd etwas schmaltz und
1140 961 1320 1030 hwendt
775 923 1528 1114 4 f an grlt ihren zugebracht.
760 999 1634 1226 zu Dientigen ynen sey ihr man ungete
760 1114 1645 1289 und mit Hulff seines abgesetzten geste
766 1189 1642 1348 etwaß chmaltz genomen und dessel
757 1239 1393 1390 vmb 40 katzl. Grkhaūfft.
731 1339 1625 1516 In Bundten b in einem dorff hate zu
734 1419 1631 1592 tat habe Ihr man welcher damehlen
763 1508 1629 1641 under fr Andresen von Bansterten u
667 1576 1611 1707 halten gewesen, einem phuren, selbs
724 1652 1623 1805 drit, 160 gulden, genomen, die z
747 1728 1627 1857 aber im durch gehen wider abger¬
717 1810 953 1899 worden.
711 1895 1627 2019 It. habe er zu Meileren uß einem b
805 1977 1620 2098 s leib bratt genommen und d
731 2051 1618 2154 dem kurtzenberg 2 leib brot, ein halte
696 2121 1603 2238 Köß und acht ell thueh, welches
703 2193 1590 2316 Ihr im nach Jagl. wider abgenomn,
706 2257 1596 2366 daß ander aber daruon gebrocht
656 2331 1609 2507 n einem Ofend genandt im winchhel
716 2432 1609 2563 uß einem hauß hab er 2 leibbr
716 2503 1605 2671 stuckh köß  auffh ballende
712 2593 1600 2728 endtfrömbdet und uß den sup
705 2680 1037 2812 2g erlost.
684 2706 1607 2910 Itm mit einem genandt Hanß Flüch
823 2804 1593 2921 n wangl 8 brat genommen u
693 2833 1603 3017 getheilt, sambt noch vier moß anfshln
680 2912 1589 3146 Heßgleichen habe ihr man mit helt
597 3016 1591 3195 des flüekhigers und noch eines andern
694 3076 1596 3275 genandt Tasper, daß jenige Reißgel
680 3140 1585 3369 zu Lyß gestolen, sege ime  für
659 3200 1585 3428 dritentheile (seinem vorgeben noch
672 3290 1566 3506 800 perfundt worden, daman er ein
668 3339 1533 3558 anzahl in einem wald vergraben
617 3404 1582 3677 mittt Hulff des hingerichten retzen
668 3472 1601 3748 annd e end
661 3516 1587 3842 d eten d e
667 3586 1571 3895 e en
672 3748 1306 3961 et schefe a
2559 619 2711 717 1360
1671 742 2579 979 Cnthin ei Buehiberg hab Ihr man
1676 796 2611 1036 dit hulff deß Bectars b brat
1691 887 2455 1112 enbih sallen gestolen.
1676 971 2700 1224 zu setigen gendicht finelchen yngebrocht.
1695 1067 2657 1254 aber darob verzagt worden, und zu
1671 1135 2566 1354 Inßboch in ein Keller gebrocht
1680 1223 2585 1410 weill anders allß wein meht dem
1690 1276 2660 1454 gewesen, haben sie allein desselbig
1655 1409 1927 1545 etrnckhen.
1676 1452 2670 1626 sten zu Effalteren dem wuchet habe Ihr
1682 1545 2665 1671 man etliche stüekgi fleisch ein halben
1682 1617 2667 1734 böß ver bratt, (daß er ihren
1683 1670 2565 1808 zubrocht) genomen, auch in Keller
1671 1758 2072 1885 wrei getruehch.
1695 1865 2718 2013 sy beshändt auch ihr man von dem hienor
1672 1949 2718 2065 gestolnen gelt zu Rüderswyl 20 f.
1691 2019 2733 2142 zubewahren geben, vnd wie daß selbig
1666 2091 2661 2223 Ihr man so im noch getrochtet wurde
1675 2152 2714 2252 uff dem rind bey frauwen brunnen) bey
1667 2226 2715 2319 einem genandt Rudi wurde anzutryfen
1681 2309 2096 2420 und zu finden sein.
1702 2427 2705 2563 nd noch dem sie einmahl ledig uffgezogen
1665 2506 2703 2596 wolte sie von kheinen Verneren muß,
1678 2576 2748 2689 andlunge. so weder sie noch ihr man gethan
1665 2638 2682 2764 neht wüssen, mit gantz demütig und
1669 2698 2725 2838 flechenlichem pitten, daß mein g. Hen
1660 2782 2697 2901 disere ihre venthaten deren sie sich so wolle
1664 2856 2647 2972 allß ihr man schuldig zu sein erkhendt,
1660 2935 2763 3064 an Ihren niht dem Ddnnen gemaß stroffen
1657 3018 2681 3154 wolle ander wegen ihres kleinen jung,
1660 3092 2761 3224 und unerzognen khindts, gnädig sein wöllen
