3024 4032
409 397 1458 674 sy nach mitlen getrachtet solches zu ertfruetn
381 524 1453 748 wie dann auch beschechen, Wyl aber die se
426 604 1459 829 frauw sich disers Ihren widerfarnen die
415 711 1448 945 stals, bey dem huß vatter erklagt,
433 834 1459 1039 sonst mimaut feombder, den man daß
444 929 1452 1131 verdencken khonnen, verhandengs
426 1070 1458 1223 sye sy de gefanger dessen Gerargvan
414 1161 1455 1351 durch Ihren Rleyster ernstlich bfa
459 1251 1458 1447 bekhentlich gemacht, und allsbald
462 1370 1064 1502 urluubet worden.
545 1480 657 1599 8
442 1505 1461 1710 Eodtliche Ihren Widerfarne grese
495 1632 1462 1809 zu dergstalten zum Veledeß
484 1713 1453 1915 nommen, das sy ihren fürgesetz sal
495 1851 1450 2012 zurechen. wie sy nin nach disem e
482 1945 1455 2105 Oberburg Inn Ihrem heimat gsie
468 2053 1452 2233 abe sy dadannen einen Schweni
466 2137 1454 2303 ir frag. denselben Im Lindenti
457 2239 1442 2420 Inn einem berenhuß ober ihrmne
464 2324 1439 2513 warnemung angezundt also bey
455 2431 1434 2619 nach sinringen fragen und hinerk
442 2531 1442 2729 Angburgershuß Im Das han
452 2619 1441 2847 stossen, darvon es angefangen b
464 2708 1465 2907 also das drey latten alberest
456 2809 1446 3014 brunnen, aber wyl es tags ges
428 2943 1450 3155 Das kheüw bey zyschen erkehen ve
402 3004 1428 3261 dampfft, auch sy darüber erdach
450 3111 1434 3413 gengelis engeend
452 3280 1234 3501 gefhüret worden sye.
446 3334 1442 3633 l denin en da
407 3422 1413 3755 Ae unnd set
446 3517 1435 3815 dens a enger
458 3592 1413 3925 e e ehen
2414 277 2579 373 83
1532 417 2109 691 0 Stob.
1596 480 2459 762 e der sanh  der
1587 653 2234 830 hichen dislich
1541 766 2668 1046 dis derselböge einen geltstag gehalten
1488 880 2679 1153 üsnet creditores nicht begahlen mögen.
1493 954 2590 1254 Ister aß beüelch in g h der räthen
1485 1032 2619 1363 E thr G. Salzung) mit dem Eydt kan
1512 1148 2573 1430 hr G. Statt vnd Land verernsen
1664 1343 1999 1476 worden.
1472 1364 2511 1561 13a hornungs anno 1637
1540 1584 2419 1834 Dr Cadluna eshantz
1643 1739 2283 1912 Conn d dieshorff
1497 1906 2647 2084 Vommyner g. E. vnd (Vererg Stetten
1501 2003 2610 2165 Nadte vnd gepieten mit dem Eydt Ker
1500 2102 2653 2252 wen worden, wegen sy sich mit dem witten
1500 2197 2650 2380 haber Im hurey vnd Eh bruch verdieht
1497 2316 2598 2487 vnhal. Jedoch Ist ihren von daso deß
1485 2415 2660 2575 14. tag im Landt zewohnen, vnd Ihre
1510 2506 2611 2683 ehltm richtin kheist gestellen eegandt
1762 2671 2127 2754 worden.
1542 2718 2585 2905 Murgrets Walthart Gen
1533 2870 2275 2994 dißbach bey Etun.
1512 2934 2661 3103 Ist den 5 mertzen 1637 durch h
1494 3039 2667 3183 Großwegbell Krisching examiniert
1499 3132 2696 3275 wordl. hatt bekennt wie das es von hr
1490 3182 2651 3370 Aethein Landos husfrouwen inn synem
1476 3277 2733 3488 Banmgaeten wonerde, angwsen worden
1486 3356 2744 3526 G khorn zestälen, habe aber mir hin vn
1496 3467 2716 3628 verrüeben gnomen vnd Ihren zubracht.
1490 3510 2737 3710 habe hernach deeselben frauten ein brunen
1497 3610 2703 3788 und ein schwartzthucherenrock genomen.
1492 3715 2698 3935 en bar eriel und ein par schuh tc.
