3024 4032
486 369 1464 634 mochte erstein erwütscht vnd wach
470 508 1459 715 annen geworffen halben, als mun
461 568 1467 807 wrder bur disem zu hilff khomen
459 680 1448 920 beid Vff Ieer gschlagt, habe si sir
463 798 1464 984 ein messer guebt vnd nach denem
459 893 1464 1084 buren gworffen, der mit gefa¬
471 992 1463 1195 Pfeter Maritz aber habe sich aucf
443 1101 1478 1311 varhyet onderlich zu schyden leyen
420 1202 1483 1427 Anders vnd michters werdeshi
481 1326 1480 1522 befunden, dann er sich jederzeschigen
484 1428 1372 1609 wedredlich versallten habe.
402 1543 1474 1751 unnd obgleichwol ihme Sthen
447 1709 1463 1837 durch de herren Cotaminator
450 1800 1474 1965 furgewurffen worden, wie er dan
463 1913 1477 2084 deß messer Viebens langnen dorff
474 2005 1472 2176 der doch dessen durch zwen erliche
476 2116 1472 2270 meiner vberzeuget auch der ges
453 2200 1472 2347 ne peter Noviltz, das dem alßo d
429 2308 1463 2462 der karter erhalten, da syn fro
459 2404 1333 2610 selbs dessen gestendig se
440 2484 1471 2694 So Ist er Jedoch vuff der verleuse
461 2613 1477 2806 einthörng verharret ndbe
440 2684 1465 2927 das ehmne disers pundtens halbe
455 2809 1467 3040 erecht geseheche, dann er gun
457 2952 1341 3115 müsser nicht zuect habe.
446 3038 1457 3278 alls er auch befragt worden, w
461 3125 1467 3395 er nn namen verlaugnet v
448 3193 1470 3524 vere er z lien d
458 3336 1461 3610 alhie vor deß hr Großwüs
433 3461 1463 3781 d e gete
445 3535 1467 3859 ee d
2482 257 2584 324 91
1547 290 2668 666 gndmt
1526 397 2594 723 edse e
1505 524 2493 864 egetene
1521 649 2592 1007 gleltense
1536 711 2576 1072 eeheehe
1522 835 2639 1133 vnd das andere mahl mit dem kleynen
1539 1025 2172 1271 eschakwerden.
1563 1318 2659 1568 Chustina Hermannen
1542 1434 2653 1664 Horn Eehlismatt uß dem Enndtli¬
1548 1563 2410 1783 buch, vorgemelts feee deh
1598 1671 2609 1870 Bernhart Schärers frauw.
1575 1909 2662 2113 uch dem dieselbe vff Ine vndtag
1552 2042 2653 2204 vrgedacht, mit dem Dunesten ge¬
1552 2155 2689 2324 ferke ihres handells brnd wandells
1551 2281 2702 2452 edentstandner schlegeren zu Mlulen
1551 2382 2534 2549 en, ernstig befragt worden.
1551 2501 2723 2694 hatt sy als allen verlauff den anfang
1537 2613 2717 2769 erzelt, wie die vorgsenden bei allein
1528 2691 2666 2871 das sy gesprredig, ihr man habe das
1544 2786 2740 2960 vser Zuekt, aber nicht vff den buren
1532 2884 2686 3067 rngs ander hinder sich getretten.
1538 3001 2628 3178 aber habe er messer nach dem
1555 3112 2771 3267 einen buren gworffen auch geträuwe
1559 3192 2769 3395 ihren der ander zun diechend warde
1554 3310 2738 3475 welte ihme munter (mit gesouren
1542 3410 2730 3574 nruerentz vor E. G. Zemelden.) die
1556 3501 2735 3684 heimlichen gmachte strecken. Sonsten
1530 3600 2772 3793 Obekhentisch, das sy vor disem auch ein Erman
