3024 4032
1145 412 1366 589 sih.
447 434 1239 656 Dendicht ca¬
1287 580 1372 709 .
396 682 1426 938 ach dem gesperiden tags
392 833 1412 1033 asser gurttig von fromen
1350 709 1367 710 .
363 967 1428 1156 pollen, durch den Heeren Konst zula
385 1057 1425 1232 meinen gchn und Oeeren gset
364 1152 1431 1354 vberschickt wrdt ist er villlgents
370 1234 1351 1421 15. Septembr dis 1636 Jars
369 1328 1423 1518 Hochgedachter Ir Gnaden beuelch s
340 1445 1421 1615 Herren Jacob Gruets des Raths g
373 1530 1420 1711 Jerommen von Graffenrindr Stalt
372 1634 1418 1803 min, vnd herren Ammen Gottien
341 1734 1423 1905 zu Marzeli eaamnert worden, w
337 1811 1417 1982 Dann dhne warter bekhendt, werde
366 1983 1417 2204 Des Ersten, habe er Buenicht i
393 2139 1401 2292 zu Frauwen Cappellen by welchen
344 2227 1415 2402 Gomalen geurbeitet Eond gestehl da
368 2333 1412 2503 ettwas gelts vnder sein haupffuse
376 2393 1406 2612 hallten gelegt 20 fb gfnomen
349 2525 1401 2690 er bisnach rerswyl gangen deselche
358 2613 1408 2801 aber habe Lyinger Iene antroff
342 2675 1405 2943 gebts halber zurer gestelt, vnd s
353 2796 1406 3007 Ihme geredt, das er Ihme data
304 2939 1144 3098 widerumb zugstelt habe.
367 2953 1405 3207 Denne habe einer osich keidli geih
329 3120 1391 3295 dem Zürichpiet pürtig, der mit einer
335 3196 1386 3413 Im landt umbher ziehe, by dem e
353 3287 1383 3518 rest vor einem Jhar feundtschafft
335 3361 1390 3640 Inn dem er enne Cteuerenter vor
355 3445 1399 3761 gnndend achenlch erbe sch
318 3547 1367 3838 ohngnerdt vor 14 tagen dem h prd
2558 273 2659 365 90.
1505 334 2574 681 e enahahee
1472 475 2600 762 Im welchen spüntzik gefunden, arüber dane
1498 538 2583 868 ne eenshend
1473 630 2638 940 unß gstelt und umf einer kammeren 10 stuck
1494 735 2625 1046 zum gschie, darinder zweytäller gfue ent
1480 840 2637 1108 prochen, darvon ihne lasser zstark zu theye
1463 925 2595 1207 worden welche er dem schumacher zu Kleyern
1468 1072 2584 1269 Bummenen zu behalten geben, die Eber dem
1480 1129 2622 1383 zerem Verderandten verkundtschafftet vnd
1497 1251 2505 1492 also widerumb zugselt worden shent.
1504 1407 2605 1579 anndthin mit hilff obstath, habe er uß einer
1496 1480 2593 1665 vol im Loüwenberg ein leib sorbdt und
1504 1597 2451 1769 Suredt 4 pfundt speck entzhucht
1485 1690 2596 1896 Im zu Libistorff dß einem ofenhaf
1500 1837 1975 1963 4liben brodt.
1482 1902 2556 2107 Wyhers hat er Lusser in gegenwartob.
1489 2045 2608 2214 Volgemelter ingner hochehrend herren nit
1503 2150 1944 2279 shernn wellen.
1479 2242 2530 2420 Altere aber durch E. G. dienere
1488 2363 2659 2537 Seuel Meythaler und Oßwald knchel
1480 2481 2596 2619 Dr beide weybell widerumb inn den
1479 2566 2568 2730 Fefi thurn gefürrt worden und er
1478 2669 2564 2837 hinb in kastenstygen sollen, hat er
1474 2769 2651 2930 sehr geseüfftzet wordß sy gemitmassen
1471 2870 2616 3044 das ihme etwas wythers obgelegen sein
1489 2967 2608 3113 muesse, Als sy eine mir mit frundt
1474 3065 2685 3241 liche worten sein hertz vollents zeramen
1914 3162 2020 3226 a
1490 3149 2668 3338 angemant. habe er Ihnen nach volgends
1472 3238 2471 3411 srbstäl bekhandt vnd angeben
1483 3351 2600 3551 erstlich habe er mit hilff einsi der sich
1468 3473 2657 3669 Johannes Kiutineger namse obenthalb
1478 3572 2670 3744 hauffdorff ein soycher ghölffen offnen
