3024 4032
740 734 1206 883 Derchhans hihe
818 825 1756 1050 werch Eheisten Frank von Eschlißmant
802 894 1707 1089 solio 117 6 sindt angeben worden
806 957 1352 1120 Zwen syner gesellen.
760 1083 1752 1306 der erste Kamse sich hauß, syt ein zumlich i
803 1173 1712 1340 jung gesell dem hanffache einbärte e
814 1256 1736 1421 wachsse, frage ein grauwen hußshuchen
819 1339 1730 1497 schopen und blauw hußthuhin hosen
813 1425 1707 1566 ein schwaartz hochen zuthohnen binden
797 1534 1732 1750 dar and namse sich ehrister syu ein s
805 1659 1708 1802 geschossne ginge vnd lange person, ohne
792 1724 1708 1885 wart wäge ein gantze wysse lyner
773 1825 1736 1989 fleydung an snd ein Ruders schupfhi
791 1903 1456 2046 hatt Schwartzes haar
1004 2075 1457 2206 Rudolff hyblin
1066 2934 1194 2944 Hanß Flückinger von Reyßirf
1289 2206 1347 2217 Rudolff hyblin
725 2189 1680 2368 Wege ein alt lachte kurtze persohnstrag
783 2302 1689 2436 ein wulhembd von schwar zein Haußtuh des
760 2392 1632 2522 wamsell auch von haußtaach albfarb
773 2459 1653 2607 buranierte zwilch gosen nit weyßen.
745 2550 1660 2692 wüllmen strumpffey ein hoche schwarzen
762 2641 1629 2780 hutt miht einem schwartzen band, habe
760 2713 1641 2874 schwarzes haar und en schwartz bart
749 2820 1464 2962 mit grauwen haren vermischet.
890 2944 1629 3096 Hanß Flückinger von Reyßirf
655 3142 1637 3295 Wege ein nit gar lange persohn habeen
712 3216 1661 3411 schwartz brünes B�rtlin grauwe auche zehe
716 3293 1637 3444 ein blauw weinsell, darüber ein lader
724 3362 1623 3569 goller. Item weyße hoßen unnd könne
698 3477 1602 3645 daß gürtler handtwerck, seye zue
688 3562 1585 3749 wangen vor dißem albereith gefangen
709 3702 1078 3868 geweßen.
