2448 3264
419 551 514 620 56
551 549 1191 699 Item mit hilff deyer zuer gespanen
541 620 1197 774 habint sy fuelgnach letstgeweßnen
511 681 1201 821 Nüwenburger mitheit wen spychen
537 752 1190 898 eröffnet  welchen v ein hatbi sihh
529 812 1198 954 Beck sechs brodt ein bar schluch
535 887 1198 994 sellen byein thuch ein korbtall eyner
510 966 1189 1062 byelachen. 7 ellen zeilch vnd
533 1016 1207 1135 egutthuchtem wyberrockgestolen.
520 1082 1201 1183 vnd das tuch alhie Inn der Stattlich
513 1145 1047 1250 drey keonen verkhuufft
387 1243 1194 1361 5l Mehr uß einem keller, habindti fünfft
522 1325 1195 1422 moßancken, ein anckenballen etlich
497 1374 1150 1492 Ener vnd huß kabl, entfröubdet
385 1457 1176 1583 58 off dem Bleichenberg mit hilff yyner
504 1541 1182 1644 gesellen, die Zußkäbli, deren zeie
517 1601 1199 1710 heguerdt N2. pfundtgewegen entwent,
380 1689 1181 1810 59. zu Wilemungen wseinem Keller 3
474 1757 1174 1826 brodt, ein anckerballen und den
506 1818 920 1904 hußkutli entzuckt.
376 1884 1165 1990 16 So habe er auch im litstuerschinee
496 1948 1184 2058 Eydtgnossischer Kriegswerbung vin¬
490 2004 1175 2109 Gupteman vom Solothurn 7. B.
461 2064 1176 2173 begelt abgenomen vnd versprochen
484 2123 1177 2234 Ime Goldocken Zewerben vnd zuze¬
488 2191 1161 2308 thüeren, sye aber mit dem geltt
470 2282 746 2375 wßgerissen.
357 2304 1176 2464 63 zu Gerhen, habe er vß einem buet
469 2388 1160 2521 huß zwen kibacken 2. brodt vm
471 2446 1161 2584 zwenstecken mit dürem rindtfleyh
488 2522 1199 2654 ettagen, das fleisch jo ihne aber widemat
483 2603 882 2738 abgragt erforden.
1996 421 2039 464 2
1232 467 1995 685 uessen guesch zu Riderösch habe er ein haupt¬
1303 532 1972 729 genenhalt
1209 607 2029 810 6. Sonst habe er auch hin vndwider anseilen Knder
1301 671 1993 858 thiiderlichen orthen, mehrentheils aber von
1276 723 2046 913 detstgeweßner heürer Geyth, da er getröschen.
1298 859 1534 982 ehren erfrags.
1224 850 2023 1033 vor ohngeshar acht jharen haber mit hilff
1300 941 2013 1096 einsin iuer gesellen zu Eimpach 20 leiben
1302 999 1799 1151 deschlichen bedt erkendt.
1224 1073 2038 1231 zu Zeegarten, sent er andetliche unergesellen
1307 1136 1981 1264 ein en syche verbrochen. Daruff sy zechen
1295 1188 2037 1319 sembder, ettlichs brodt vnd auch anderesachen
1282 1247 2018 1363 Vertrint, so Ihnen aber alles widerumb ab¬
1306 1327 1610 1439 giagt worden sye.
1222 1379 2030 1521 Item zm Ernekhußhinder trub habindt si
1307 1458 2018 1569 gychermassen ein soycher gröffnet, davaß
1307 1520 2011 1625 2 parhosen, drey maß fhäsen undem
1277 1594 1762 1696 Salli gchen sorck gestolen
1202 1678 2050 1784 desglychen Hanssen anpfferschind uff Staaffen
1308 1752 2031 1848 uß inem spyches dre m�ßkhasen 2
1297 1816 2052 1928 wyber rock ein halbi sichen sprck und zwey
1290 1870 1596 1969 brodt genomen.
1218 1936 2049 2055 zu Marpach habindt y sich abermalen vm ein
1302 2007 2087 2119 Jöyscher getrungt uus demselben drey töck
1278 2060 2054 2178 dee thäsen vnd ein anckenballen ent¬
1314 2129 1462 2180 ewendt
1244 2172 2114 2321 69 j vibach 4. thusen die huber restitien
1298 2248 1457 2337 Cnluesses
1227 2319 2113 2489 Item Gilgen Martbacher Im Endtlibuch
1296 2405 2071 2575 uß jeemn sogfer 2 lötk 2 schürlitz
1285 2477 2050 2632 heinstirben mit rindtfleisch vnd zwey
1294 2531 1791 2662 hußküßli ertrömedet.
