3024 4032
586 409 1513 639 befragt werdenn, weßwegenn sy volgents den
564 463 1500 663 Septembr znn eysyn der hochgeachten, Teemi¬
574 517 1545 738 Herren Jacb Gensepz deß kleinen. E vind
570 578 1549 772 Hubers und Johans Ludweg werbers, diß ann
570 624 1540 831 Im rahthus deß grostene rahts der statt Berg
563 684 1547 881 Marzili an der marter bekent und erhaltenn, a
571 738 703 816 get
539 799 1535 1005 erstlichen was der obanzogne Bëler betretle, si
565 891 1545 1078 das nachdem er sy by loffeals sy nach Rüggisten
564 955 1532 1119 wolt angetroffen, er erstlichen seine bey sich haben
560 1006 1538 1171 gefertenn, mit lissenn von sich gebracht, sy da
566 1093 1545 1243 uff ein sytenn inn ein scheüwren gefürt, das
556 1144 1528 1281 er etliche stundt lang bey ira eerblibenn und der
568 1193 1549 1362 seinen willenn so offtmals mit ira ebracht, da
545 1267 1538 1408 sy entlichenn von im schwanger worden, sy si
392 1327 1543 1463 hernach des kints zu Fryburg, da sy es tedt uff die wre
549 1392 1554 1542 gebracht abkommen, daß sy nun hierrüber ey
537 1434 1542 1587 kürt entleüt und sölliches imme Bäler für dh
542 1516 1537 1633 fürwysen laßenn, das se zwar auch wahr she
541 1581 1533 1689 aber nützit daran gedacht, wo sy nit dahene
541 1640 1527 1755 darzu were angewisene worden, und sonderch d
550 1703 1523 1809 ein gwüste wybspersohn von Horgen auß dem
544 1757 1544 1879 gebiet, so vrena gheisten, welche domalen eyden
520 1822 1529 1909 wachtmeister von Gryers im dienst gewehen
548 1892 1531 1963 und die schon ira hinderrucks hemeltem Bäle
521 1950 1528 2032 darumb zugeschribenn hatte, Item durch di
531 2016 1516 2117 Tryna Starer an der schaubletz gaßenn und
523 2074 1527 2162 die knöronen deß Tillischabers huß frauw
534 2131 1528 2228 vbrigen  vnd der angeclagte that halb, habs
509 2191 1521 2299 imme Bäler gantz kein unrecht gethan und sollch
531 2243 1541 2369 zum offterenmahen, mit hochen vnd theüren shr¬
523 2331 808 2434 bestettiget,
486 2408 1535 2527 Dast sy sich aber mit Wilhelm Linder dem alte
518 2471 1541 2573 wirth zu den schifflüten alhie, noch mit anderen sa
525 2520 1523 2629 von diser statt oder underthanen ir g land auch
521 2581 1526 2709 fleischlich ermischt habenn, daß hat sy gantth mit
526 2627 1526 2762 stendig syn wollenn, Jundsten dzs hieruff die
507 2692 1529 2828 chon zuuor ergangne Vrtheil an zeu erstattet
1491 2747 1530 2797 fart
516 2752 1484 2891 mit ruten außgeschmeitzt, mit dem B g
508 2805 1528 2975 und sy mit dem eydt von jr 93 statt und we
496 2922 1063 3041 schafft, verwisen wordn,
554 2981 1496 3152 Elßbeth Eyer von Riggischberg
428 3152 1499 3346 Ist deg 15. septembr ao 1637 wegen begangen
492 3183 1510 3407 dritenn fälers mit dem tydt von r g shar
506 3338 1105 3481 und landtvwisen worden.
2497 354 2643 463 112
1619 418 2691 753 eat icten tee
1579 583 2659 870 Wuhte derre Efesae Wt. Alte abr
1599 671 2631 942 Sehite den vd hldt
1591 751 2693 1058 sf bsalth madr und
1597 838 2701 1148 ds vr sg gnant on allegegt beih dn
1591 955 2626 1238 m ol ud v p d a
1591 1072 2703 1344 vtgt Sas 18 le s t
1597 1187 2728 1454 mui von dont Seder kre helt
1586 1301 2728 1538 ale Es sß  dl. de
1609 1427 2733 1623 n s d hen
1600 1560 2718 1729 hede, hab r  n
1621 1633 2679 1811 ten
1607 1775 2737 1920 1. Eer Ete hae slinen
1602 1859 2676 2041 ss tin Eet
1594 1980 2724 2137 ein a ls etegen a hab
1597 2099 2693 2243 und sich doch darby dem gwalt zuer
1603 2188 2690 2335 s Oberkheyt vnndebworff. Auch
1582 2300 2639 2447 was man ime synes glankens halben
1587 2379 2742 2539 vnd heils befragt, hatt er vber alle
1594 2475 2765 2638 gendten mit glychen wortten wi deren
1596 2581 2744 2760 zuror vilthaltig dacht worden, ge-
1589 2674 2723 2846 antworfft, vnd gredt, was man Iere
1588 2788 2754 2947 ng so vil feags und beirenige
1597 2903 2669 3040 solle, es sie doch alles vor disem
1575 2998 2791 3169 bgschliben worden, bey welchem ers
1578 3120 2413 3274 welle bewendt lassen tc.
1591 3277 2633 3475 Kuse zue fehlenden Plütten sind durch den Gemihtsefreiben
1598 3370 2576 3556 sabst heemntgeschrillen worden, v. Fecunh Sech 1156
