3024 4032
874 839 1632 1086 i Aut s
1085 996 1557 1166 Eerrangen.
781 1166 1716 1411 Derselbige ist sambstags den he
796 1299 1710 1515 1638. Durch die hochgrachten, Ehrinst
786 1392 1694 1594 fff. E. wysen geeren, S. Johans Hallen
760 1473 1691 1659 Iß raths Herren Sammel Gänn
760 1572 1700 1755 Eininger vnd H. Großweybel dund
762 1665 1676 1841 von Berren zu Parzeli mit noth
746 1764 1690 1931 werdig marber Exardinert wil
779 1853 1685 2010 Der hatt aber anders nicht beklemen
704 1951 1676 2097 dan das er (leyder ) den Jhade hium
772 2046 1674 2201 vferlegten vnnd geschwornen Egt
763 2142 1674 2281 Echefertig wyß vbersechen Im
738 2229 1678 2373 Dem er sich widerumb Inn Ihr Gzanden
771 2306 1666 2467 Landt betretten lassen. Wor zu fer
759 2408 1669 2584 aber ihne den kleinen unerzugnen
753 2515 1665 2685 gerectzt vnd begursachet, als die erd
714 2586 1658 2765 abholen, vnd mit sich Inn villes fhtiere
728 2687 1657 2843 wellen habe sich syth zner verwysen
737 2748 1652 2963 daselbbsten mit arbeiten enthalten, s
750 2868 1654 3033 fromklich vnd ehrlich trage gestalten
740 2935 1664 3173 zuerthalben einche klag nit ynlan
688 3018 1661 3221 werde, pottet hiemit Gott den almestig
723 3113 1648 3323 vnnd much mein Gnedig herren, deß begein
741 3213 1657 3414 ven Reyneydts halber vnbgand zu
732 3410 1078 3545 verzgcheng
697 3449 1621 3691 Ist einmal Lahr, vnd zweymal mit
735 3520 1618 3775 dem Fleinerih stein caffzogen worden.
663 3579 1645 3857 Woll ein vrphedt von sich geben, darnach mit engen ufh
746 3661 1620 3893 mit dem b bezeichnet und dem nach von statt
712 3828 1224 4017 Endt genisande
2612 792 2834 878 157.
1899 835 2686 1046 Saspar allbi Bon
2069 972 2480 1178 Danen
1759 1178 2728 1392 Hopfglychem tag, auch in beysyn
1776 1297 2829 1479 vnd gegenart wolehrengemelter Herren
1753 1375 2753 1562 Ist diser Caspar Walschi zu Marzelli
1749 1470 2794 1640 exmmiidet worden. Welicher an¬
1743 1577 2797 1712 dncklich synen namen verlaugnet, vnd sich
1739 1648 2830 1816 Peter Murer ab der Beugg genamset hatt
1750 1739 2816 1899 genach aber, bekhent, das er Caspar Walti
1750 1850 2831 1988 heissi vnd hieuorschen zum anderen mal
1762 1911 2826 2058 zu Ehen sye gfangen gsin, das erstemal
1744 2011 2779 2161 allevor ohngefhar zweyen thanen, se
1758 2095 2825 2244 er von bekhandter niesethaten wegh zu
1748 2188 2799 2330 har ie das Schallenwerch yngefessen
1742 2270 2797 2423 let vnd ettliche Monat da ein enthalten
1739 2351 2797 2449 worden das andere mol aber alls
1756 2448 2790 2601 vor ohngefhar einem halben Jhar, sie er
1750 2543 2817 2686 bobrochen habe auch noch zweyen zuen
1745 2629 2830 2772 gsellen (Die dißmalen im Schallenwerch
1733 2719 2813 2865 enthalten werdind, darvon gholffen.
1739 2797 2795 3033 Demmachhabt er auch bekhent, das er mit
1714 2952 2819 3109 chilff einsi syner gesellen, zu Gempopenen
1731 3067 2793 3227 in ein gaden yrbrachten, uß welchem s
1741 3128 2769 3293 ein sithen peeb genomen, dah di syn
1731 3208 2717 3400 gfoar behalten und ihme für synen
1724 3319 2623 3484 theil einhalbe kronen geben habe.
1695 3406 2789 3589 Deme zu Giberist zeigent s acht aeß
1703 3503 2768 3688 Roggen gestolen, vnd den Pfister zu
1710 3609 2837 3813 Demppenen Jedes meß vmb 9 b. Erkhaufft¬
