3024 4032
452 343 1544 648 neben ermeltem frauwling uffhehen
427 430 1549 797 In as hensen
418 548 1413 807 Den 2. junii anno 1637.
562 826 1526 1097 Aii5 Dobeli voon allenschih
533 970 1493 1165 der Zerschafft Zalligl tun der
553 1061 1419 1262 Graffschafft Certrburg.
512 1243 1514 1432 eyl er Corsulam Galligker
476 1383 1498 1579 aß dem Schwaderloch beschlaffen
496 1492 1502 1688 vnd gschwengeret, hernach diese
502 1612 1512 1769 angeeisen einen anderen der G
486 1709 1500 1871 faltschlich anzusprechen und das
490 1813 1527 1997 hind zugerlhnen, der ihres lyb
478 1930 1503 2075 Niemanen theilhafffug worden
476 2033 1511 2199 ihren etwas der ehhalb versprochen
465 2141 1514 2298 ghebt. und hiemit senem einnen fleiß
491 2245 1506 2388 vnd bluet einen anderen Watter
480 2319 1516 2517 anglistig wyß ufftringen wollen
489 2428 1505 2623 Ist er mit dem bydt von ihr d
481 2533 1493 2726 Statt, Landt vnd gepieten Cerniste
755 2646 1084 2829 worden.
451 2753 1480 2947 jedoch hatt er eermen bißen uff de
440 2838 1481 3025 13 euius, se sach anzeorden
386 2969 1431 3136 Actum 5. Junii Annd 1631
2634 252 2833 372 102
1632 406 2275 677 i s
1638 483 2410 760 ht
1766 613 2298 838 zgen echten
1560 844 2735 1150 een indter lerdt en 6
1608 908 2733 1179 mnen Mann v Glethurerisch geprets
1601 1035 2793 1313 gnonen, der ihrem füreben auch vorihn,
1561 1149 2763 1392 Wcher cht scharen thodts verblichenn
1592 1240 2797 1492 i iewüschen mit ihren vier khinderen
1584 1384 2801 1572 hie Kindsler Im landt vmbher zogenn
1573 1496 2820 1677 der Landtschafft nicht allein Eberlegen
1602 1576 2808 1785 sie, sonder auch ann ettlichh ortten zu
1600 1680 2779 1909 gffen helffen. A ob ist sy mit sampt
1575 1797 2756 2021 Ihmolltegen Caßn Fullers Egger
1604 1931 2787 2097 gerant von meiner S. Herren Statt
1580 2017 2850 2221 ud andt kleisen Ubrirh ihren khinderen
1588 2155 2759 2307 aber alls Marin Andee Egger
1578 2238 2794 2412 enditet worden, dat wan sy wyschers
1593 2365 2876 2545 Im mene r g hr landl ergriffen werdin.
1579 2480 2854 2635 man sy anderer gstulten straff werde
1568 2568 2305 2755 Riften 5. juni 1637. 4
1663 2837 2841 2996 Jans Eischen ee Eigeroner
1677 2937 2844 3074 vontreffen Im Entlibuch Holari.
1599 2995 2817 3152 Segen derselbige, als ein starcker
1609 3074 2807 3285 jung gsell, dem müehsig gang speilen
1602 3189 2825 3388 nachgezogtn, auch obettlichen diebstulen
1589 3300 2765 3465 ergriffen, Ist er vff sohem bawe
1571 3379 2858 3573 nd Es rachne besherung, dem peb¬
1598 3486 2876 3684 nosin, derselben dem sthallenverck
1592 3573 2742 3784 inzuverlyben ubergeben worden.
1779 3731 2769 3904 Actum obkhat 5. pun 163. g
