2448 3264
522 580 1169 694 denne habe er mit hilff eines jungen
492 638 1175 738 gsellen (dessen namen unnd heimat imme
483 689 1167 782 aber unbekhannt sye) inn eines buren huss
493 740 1182 854 nicht wyth von Worb etliche stuck schwynig
483 789 1181 910 fleisch unnd zwen leiben brot entragen.
471 865 1171 968 Item mit zuothuon Bendicht Buochholtzers
489 927 1173 1022 ussem Sollothurnner Gepiet, heig er
492 988 1166 1090 unnlangest zwo gens eriagt, welche sy
486 1036 953 1122 mit ein anderen genossen.
483 1102 1186 1233 So habe er obgedachtem Anndress Schmidt
504 1197 1188 1285 sonst Cappeller Anndress genant (reuer)
496 1256 1196 1345 ein par schuo gegen einer khuehuth (ungeacht
484 1305 1184 1398 ihmme unuerborgen gsin, dass er sy gestolen)
508 1358 1187 1450 vertuschet unnd ihmme vier batzen nachgäben
456 1455 1193 1559 Inn glychem habe er vor wenig zyths mit
496 1517 1189 1606 ihren zweyen (deren der eine Christenn
456 1567 1187 1661 Schröter genant, der ander aber ihme
491 1616 1246 1711 umbekhannt sye) zweyer durch sy beid
488 1684 1213 1776 gestolner rossen halber, so vil gemeinschafft
476 1731 1201 1841 gehabt, dass sye ihnne uff dass er keinen
480 1778 1205 1876 mundt halte, sächs crütz dicken gäben
461 1835 1218 1934 habe, aber den diebstal nicht gholffen
477 1912 711 1988 verbringen
392 1949 1212 2063 Dannothin allss ihme gefangnen Höüberger
459 2017 1210 2106 durch die herren examinatores auch etliche
456 2066 1211 2154 durch den vor einem jahr alhie gefäncklich
461 2107 1225 2232 verhafft gewässnen Uolli Struch bekhennte
435 2169 1211 2280 diebställen, die er Höüwberger mit unnd
440 2219 1220 2347 neben ihme verbringen geholffen fürgehalten
463 2282 1217 2383 unnd er darüber befragt worden hat
471 2317 1219 2457 er zwar anfangs dero gelougnet, hernach
460 2377 1220 2500 aber, allss im söllche uss dem thurnnbuoch
466 2433 1208 2576 abgelessen worden, nachuolgende mit
465 2482 1221 2638 ihm verbracht zuohaben bekhennt unnd ver¬
452 2608 596 2691 iechen
437 2593 1231 2744 Alls dess ersten habindt er unnd gemelter
463 2665 1224 2805 Struch mit sampt Hannss Joggli Gasser synem
465 2728 1226 2877 mitgespannen den 27. mertzens dess 1634
457 2784 1222 2940 jahrs inn Hannss Kistlers zuo Nider Goltbach
1281 516 2007 680 frouwen keller gebrochen, daruss sy ein
1301 573 1992 739 wyber hempt, ein guotthuochine rock bsesi
1318 615 2033 783 so von einem gruenen landtthuochinen rock
1256 703 2003 849 unnd von demselben drüstuck gerissenn
1299 758 2020 897 worden, ein stuck ancken, zwen leiben
1307 833 2009 959 broth unnd ein mansshembdt genomen
1299 919 1559 1012 unnd entwendt.
1319 950 2012 1071 Denne Andressen Lüthi zuo Daggelbrunen
1328 1013 2003 1150 syent sy mit anwerffung einer leiteren
1263 1056 2064 1187 unnd durch brechung der thüren ihn spycher
1316 1125 2050 1239 kommen, uss welchem sy etliche stuck roth gärbt
1306 1183 2081 1286 läder, 2 stuck wyss läder, 8 wyber hembder
1307 1251 1883 1341 unndt ein par ermel entragen.
1307 1325 2023 1447 Item Uolli Berger ab der Fhuren unuer
1320 1394 2024 1502 von Goltbach habindt er unndt synne beide
1326 1449 2022 1555 obgedachte gespannen ein schwartzen landt
1337 1506 2052 1607 thuochinen rock, 2 jüppen 2 bar guot thuochin
1336 1563 2048 1662 ermel, 4 lynnlachen 2 küssziechenn,
1329 1625 2050 1709 2. bar glissmet 1 par lantthuochin wyber
1327 1672 1961 1765 hossen 3 ellen schwartz lynnig thuoch by
1964 1695 2030 1767 7
1333 1727 2032 1795 ellen schwartz landtthuoch zuo 3 manns
1332 1791 1999 1876 hembderen geschniten rystin thuoch, etliche
1332 1844 2075 1929 ellen bleickts, ein par mannss hossen ein
1329 1891 2046 1986 gäller ein huot, drey ellen gruennen
1317 1939 2046 2048 franckenthaller unnd ein par schuo so sy
1309 1995 2057 2092 durch ussnämung eines pfensters unnd
1347 2064 2084 2182 öffnung zweyer trögen doch ohnne verletzung
1335 2115 1732 2215 der schlösseren entragen.
1346 2198 2092 2333 Mehr dem Joseph Raffsloub 2 häffen,
1350 2270 2078 2386 welche ihme aber von gedachtem Struch
1328 2309 2071 2434 verzeigt unnd widerbekhommen wordenn
1349 2361 1500 2446 entzuckt.
1370 2444 2124 2611 Unnd aber er Höüberger befragt worden,
1356 2526 2086 2661 wass er mit dem lümplin so er by sich
1351 2558 2111 2702 getragen, inn welchem etliche sachen gebunden
1368 2609 2112 2761 sindt thann habe, hatt er geantwortet
1352 2673 2105 2831 es heige im dasselbig ein thauwner zuo
1356 2704 2144 2884 Gerolfingen Hannss Luterbach genant geben
