3024 4032
769 724 1644 992 eftaer tenis haen
743 862 1615 1063 ben einer gwessen Mans personden bei
748 928 1628 1150 Burg pirt, ein vnehliches khindterheige
754 1004 1631 1214 Sonder sich auch mit anderen Naubgesag
765 1121 1630 1306 hin und wider da sy gewohnet iun fliche
726 1212 1625 1373 Ulich opprgkhift und jurey so vi
752 1312 1624 1454 vnd maingfaltig verchiefft, das sy die
745 1397 1616 1562 zaul der begangken fhäleren nicht
761 1505 1527 1643 zuransen nocherzelden wesse.
734 1573 1610 1751 Brnd ob sy gleichwol nach diserem zr
757 1710 1607 1845 ettwas euwen diser Ihrer begangen
755 1783 1616 1918 vilthaltigen grossen funden gerathen
753 1862 1595 2021 Inkrassen s Ihrer fürgeselgt, dises
755 1943 1596 2093 shule Sehandtliche unster der zartn
730 2043 1601 2193 Gieyder unnd zeflechen sch auch desse
724 2151 1575 2271 wegen mt vor nun scharen mit
754 2199 1603 2325 einer Mansperson, rnonens Rudolff
729 2299 1584 2430 Sthyblin von Balberswyl Soll
728 2384 1595 2561 thurnerischer gebiets, ehlich verptlichte
718 2456 1572 2611 sich alhie dssenthalb der Statt zu
725 2543 1590 2720 Vollingen schrisfenlichem brach znder
740 2604 1591 2795 eig nach ynsegeenlassen. Sye sy u
612 2717 1591 2873 Von demselben Ihrem Teman, Als eine
700 2771 1588 2998 lich wertigen bösen buben vnd laut
681 2853 1569 3084 strycher, im das laster deß stälen
733 2930 1589 3132 vnd berorbens Ihres nebene mentsche
701 3002 1581 3227 verthüret und angelegtet worden, we
724 3097 1574 3370 se  en afe
674 3203 1583 3461 e ae de
653 3291 1575 3520 mit theilhafftig gemacht, das solche
696 3373 1580 3626 verschwrigen, gholffen verkhauffen
700 3545 1254 3764 inhe  be
2599 680 2755 780 138
1665 737 2688 937 Vorgleich nach angetretner Eh, habe Ihr inne
1704 834 2639 1063 iht weish von frauwbrunnen, etwas
1692 906 2676 1101 iekbens vnd bradt vß einem haß entzuckt
1691 1001 2398 1193 so symit einanderen verbrucht.
1686 1093 2705 1287 Irlischen zu kied vier mäs khorn und zu
1687 1222 2676 1425 Vn zu lyß habe er den tuck, so sy setzund
1693 1303 2713 1488 am schrem leybtrage ab einer stangen gestolen
1671 1415 2095 1588 whern zugfelt.
1660 1502 2676 1690 Itm habe er Ihr Mann, mit helffenes syner
1689 1607 2675 1802 sillen schentseyt der Nuwenbrugkh vff
1690 1703 2737 1860 wegendasen 120 lgelachen zwo Guppen
1674 1782 2691 1958 serm Röckn zwey manshembder und
1689 1883 2661 2041 weg bar schugestolen, welches sy beid
1676 1954 2730 2105 miteinanderen getheilt und sy ihres mans
1684 2048 2724 2190 thil alhie in der Statt vor den barfussen
1660 2131 2061 2272 verkhaufft habe.
1664 2279 2664 2453 Olychermassen habe er gleich Oberthalb
1691 2403 2683 2536 Wohlingen, mit beysorung eines anderen
1677 2474 2701 2609 Inesglycher dieben, etliche stuek kindt
1648 2570 2656 2716 Wleisch drubar Sehu underlich floben
1645 2637 2183 2773 vorch vnrfrömbdet.
1643 2700 2696 2923 Dennethin saffligen habe er Sechs kesen,
1663 2866 2724 2995 2. bachen Schweinnn Kleisch vnd einblauw¬
1656 2945 2660 3106 en Zußthucheren Rott wragt, welchen
1663 3021 2676 3189 diebstal er mit synem gspanen getheilt
1667 3110 1808 3198 habe.
1644 3173 2688 3363 zu kindbey frauwkounnen, heige er
1661 3296 2668 3458 einanzaal mein thuch erwüneht, so sy
1638 3358 2721 3536 gefangne vn der Statt Gurgdorff vmb
1619 3473 2421 3618 Aben fronen Cerkhaufft
