2448 3264
441 509 1200 688 Glychergstalten mit zusprung brite
487 588 1190 739 steins Gassers und Einsi Ellli genant, i
439 637 1188 797 Dentingen Im Solothurner gebiet auhen
458 720 1177 854 habe er in selbigem gepet 2 full
477 780 1180 933 mit ancken entragen, da sich ihme zus
457 851 1095 980 theil dren mahl gezigen habedt
456 920 1196 1077 Vnd letstlichs vnt Ihrer hilff Im Zieliben
484 1006 1193 1132 eß Wertzenhuß, funff leibt brodt.
460 1072 1177 1194 rischers hat ernicht bekhennen wolle
468 1167 1185 1309 ist das erste mal mit dem kleinerent
462 1250 1203 1336 das andere mil vnd deitte mal mit bede
439 1311 1193 1405 kleineren steinen torturiert worden
603 1415 1147 1562 Ulli füeyli vorgmelt
472 1576 1181 1657 der Ist zwar den 16. Jenners 1636
466 1635 1205 1738 Inn beywesen her Gendicht Martin
444 1700 1195 1783 Hr Withelm Zietzen, beid der Räthe
449 1758 1192 1848 Sr Görg Treibolets deßJungeren, d
453 1819 1198 1921 bergeren, v h. Großweybell feist
464 1896 1199 1995 e beuelch mner g. herren nocheimnn
459 1943 1203 2055 extaminiert, ihme das erstemal zu
447 2013 1196 2116 und das an dermal dreysteinen au
456 2074 1205 2181 henckt worden. hatt aber mitzit an
428 2139 1199 2257 dann vorstatt bekhennen wollen, de
446 2189 1206 2310 wegen durch wing. herren gerathen
429 2264 1200 2373 worden, das er ochyeschmeitzt zeiste
423 2316 1202 2448 und mit dem eydtsvwisen werden d
1915 418 1997 487 29.
1663 534 1720 576 111
1262 535 1973 745 . sebers Cntigsie.
1239 653 1965 876 ersatersen
1244 730 2004 922 enls, kenners, Inn beywesen vnd gegen
1223 803 1986 980 wirdigkheith nichst huuorgemelter in:
1267 850 1977 1064 ze nseadeg
1239 915 1964 1090 Das 2 und 3 mol aber mit dayenn
1256 979 2000 1143 einen, vffzogen worden, der hatt aber
1257 1038 1997 1238 rythert nit bekhandt, dann das er  mit
1254 1105 2001 1279 hilff Hanß Jagli Gassers eines karbers
1262 1171 2019 1317 edi genant So Puttenerthosen trage,
1247 1222 2001 1380 vnd dessen frouwen, kurtz vor letstem
1241 1288 2024 1424 Martini Märitt zu Holling in Keller
1261 1348 1995 1480 brochen, Aß welchem si dem Eechenman
1261 1411 2023 1563 daselbst 3 Maßkhäsen ein Schwitz
1246 1499 2035 1575 taß und 3 stöck ancken genomen
1277 1539 2023 1643 bleches alles seinem Scheyd daselbst wor¬
1254 1596 2024 1720 hafft zun svon huß trage bey nachtlei
1254 1667 2032 1752 umb 18l verkhanff und 29 bz.
1257 1728 2012 1833 bar daruff erpfangen habidt das
1261 1796 2070 1896 ouch wol gwüsst das es gestolen gut zu
1249 1851 1753 1969 seythers hatt er nicht bekhendt.
1261 1993 2080 2143 Diser ist abermalen mit entheg uß geschweitzt
1266 2085 2030 2209 zeichnet und mit dem eydt bewisen worden.
