3024 4032
697 709 859 823 d
835 812 1715 1078 i  ze
818 943 1702 1181 Eiderriedem bar duben vnd ein hi¬
802 1043 1706 1289 Vnnnd dem Cuurth zu Wargen ein zim
830 1168 1683 1366 für ein silbernn bächer gestolen.
848 1270 1428 1437 halt Inne Annen geb
794 1361 1697 1572 Diste Bieders Schmid hatt vnßd sterle
829 1487 1692 1653 artickel mit dem x bezeichnet wider
820 1568 1695 1731 ruefft vnd erhalten, ist dessentwegen i
814 1647 1688 1817 gnad hin den da Sthallenwerch yngesesn
808 1743 1664 1876 let worden hienach widerumb dreß wee
804 1818 1669 1929 reit unten geschmeitzt auch zeichnet vnd
803 1884 1663 1988 Dee 9. Lundtl vff ein Mpschnd son ge
851 1946 1660 2089 Catarina Meyer Com
883 2019 1661 2185 Neiwren kilch der statt gehaffhaen
1068 2119 1479 2260 Junisdic tisi
745 2302 1661 2430 diren disere personettliche fule
744 2393 1665 2505 Silberfrouen alhie bey der Ausfee
767 2477 1657 2600 theyls ußgeben vnd Erwechsfen e
758 2532 1658 2678 ist sy zun verdacht gefallen, ald ob y
758 2611 1649 2780 ein landtstreyffende dienen mit fltihe
728 2703 1628 2867 Müntzeren gmneinschafft, vnd zu vei
742 2780 1639 2942 Erberen geholffen habe, ist dassentwes
693 2875 1639 3050 Donstags den 7. junii 1688 nit e
713 2953 1630 3134 haffter Marter Inn beywesen Herren
680 3028 1627 3215 Berckhart Eischers deß ellee fath
705 3122 1638 3287 Samuel Gruner vn s. Großweybel
711 3158 1645 3372 Danid von Beyrer zu Warzili geset
691 3262 1625 3451 worden. Welche dar wythers auh de
696 3330 1632 3553 volliget, bekhennen wellen. Nacl
685 3417 1607 3660 halbe sy sich vor ohngefhar fünffoder
689 3461 1631 3753 gt i en de
669 3573 1599 3828 Krämer genamset, Eerthlichet, non
634 1984 839 2041 schworen
625 2009 793 2105 verwesen
633 2078 827 2152 worden.
2707 765 2863 860 156.
1785 844 2839 1062 dn aber deselb vor etwas mucht minder
1772 936 2869 1128 den ein hr vn seindten sodts verhelichtn habe
1794 1004 2826 1205 sich leistuerwichnen zurzach Pringst
1775 1086 2820 1260 minheit daselbst find lassen, vnnd mit einem
1786 1155 2809 1313 Nediener, namens Hanß Görg, so wyh Ir
1772 1248 2820 1423 fundseime khomen, das sy zwo nacht byshne
1743 1339 2832 1481 Ebernacht glegen vnd schabs fleischlickh willens
1763 1405 2764 1577 gegflagt habe. jedach wit der Condition
1792 1492 2826 1632 der nitt bösts vernemen werde Ihrenthalbe,
1756 1570 2799 1710 das er sy ehlichen wellen uff weliches endthin
1765 1658 2796 1789 er Ihren die zwofaltschen Silbarkronen
1771 1730 2813 1861 so sy für verschifft erkhent und ange
1753 1796 2781 1927 woreten) vnd sche vuff khünfftigk S Johans
1736 1872 2787 2010 körit nach Neüwenburg bescheiden habe
1748 1962 2767 2124 mit versprechen scy der zmen zu schleichen
1753 2034 2755 2178 alls sy nun alhar sich begeben vorhabens
1743 2124 2804 2245 dadanen Ihre Rteyß nach Neüwenburg
1749 2207 2793 2352 zeisten, vnd Ihre Silberkronen Ven
1740 2288 2797 2440 rechslen wollen, sie sy dorob ergriffen
1748 2369 2787 2504 und inhaffung zogen worden wohnr
1743 2463 2776 2588 aber Ihr buler der stalimer mit disen
1750 2536 2809 2698 faltschen Sortten khomen, se Iren gantz
1736 2606 2042 2748 habewusst.
1726 2696 2796 2882 Oel sy nun, ohnangesecht angewendter
1713 2816 2804 2971 Marter mehrers nicht bekhennen wollen
1736 2897 2752 3026 ist sy uß bekhandtnuß h gu Herren
1720 2980 2767 3117 mit ruchen geschmeitzt, zehnet, auch mit
1707 3050 2746 3238 dem Eindt vndn Statt vnd vand Gerwisen
1742 3146 2563 3287 worden den 8. juni 1638.
1728 3263 2748 3468 Meina Erandenberg von
1995 3409 2234 3495 Goschach
1707 3403 2790 3625 So von glychen verdachtswesln mit genant
1687 3515 2785 3712 Meyeren ynzogen ist mit einer gußencensns
1705 3578 2765 3810 ledig vrkhent vnnd vermant wordn sich
1712 3667 2752 3897 Aß dem land nach hernet zeuerfurgen.
2113 3817 2627 3929 Actumut supra.
