2448 3264
555 563 1135 730 Cathannar Duntz.
648 668 1020 789 Dn Zielibach.
514 766 1176 923 uselbige ist den 19. decembs 1685.
485 873 1180 974 vffbewelch inguer g. herren durch dero
435 932 1184 1042 Dieere Großweybell vnd Gricht¬
492 989 1175 1119 Chryber, wort ernstlich volgender
483 1060 1075 1161 massen examiniert worden.
468 1140 1181 1267 Als man si erstlich befragt was gelen.
470 1208 1189 1325 gangenschafft handel vnd wandell se¬
459 1293 1188 1397 hat s geantwortet, es sy ir man inn
462 1355 1176 1464 letster Frantgösischer Friegswersun
480 1424 1202 1533 auch fortgezogen, woruff  Ihre hubhalten
447 1491 1198 1567 Verlassen, vnd sich by Ihrem Vetteren de¬
468 1547 1198 1655 Jelgigen Wirth Im vollfun dienstle¬
486 1610 1189 1702 eben. Als ein ettliche böse buben,
433 1671 1215 1790 lltzigen Zubrochen vnd ettwas ancken
479 1728 1206 1843 gestolen, den J dem Wirth verkhonfft
470 1789 1197 1914 habe er sen ußforcht, das sy solches of
418 1842 1190 1968 Wbare mochte geertaubet, vnd dassen
467 1922 1201 2039 wan zu schin oder im Oberland dienst
472 1967 1208 2112 siechen solle angewisen, als sy aber zu
486 2017 1191 2161 nicht dienst gefunden, sye g wider utsichg
472 2102 1190 2225 reyset also ust angwon, als ob sy mit
452 2150 1195 2290 gedachten buben gmeinschafft gehept
476 2225 1201 2344 griffen vnd gefengetlich allar bracht
446 2277 1200 2412 worden. Sy habe aber gantz khein khant
465 2333 1197 2487 same noch gueinschafft mit ihnen gehegt
436 2385 1209 2538 Vvndse der eine, so den nuctten gholffe
461 2467 1211 2617 stulen, alhie Im Schallenwerch träg
493 2486 1203 2666 in blaup wesell, Sonsten habe
484 2557 1199 2737 melter Tirch disen gesellen, etliche
451 2648 1209 2805 kleider wollen werch, flachs vn
471 2724 1197 2870 anders auch abkhaufft, wesse aber
1881 438 1991 498 25.
1201 489 1955 722 ehen e
1235 560 2007 760 E se aber hernach den Wirth vbel gerawen
1221 620 2001 823 das er disere sachen von Ihnen gebhaufft e
1244 660 2012 875 habe es aber darumb gethan, das sy Ihme
1248 745 2003 940 etwas zwegelts zethun gsin gent, habe
1257 812 2021 1009 Ich also durch diß mittel khönen bezalt
1262 966 1391 1049 mch etc.
1218 937 2051 1125 Alssi demnach auch befragt worden, ob sy nit
1262 989 2030 1189 erlangest einen gtolen Rockkhaufft und
1255 1054 2043 1248 an gefüssen urthen zeigt hat sy geantwar
1271 1147 2029 1285 ent, demse nicht weniger aber sy habe
1246 1211 2024 1349 demalen in gwüst das er gestolen sye.
1246 1284 2020 1420 danß dnselben einer frömbden Erbinnen
1246 1337 1999 1490 diesem land Ambher zuhe vmb 41 lb
1271 1423 2032 1547 abkhauff, habe vnd hernach soliche dem
1273 1480 2061 1602 zeing, dessen er gsin, widerumb zugstelt
1266 1575 1370 1637 habe.
1245 1591 2059 1714 Die Jeingh besen buben aber betreffendt
1272 1684 2066 1786 oder ihnem dem seinen zu Rychenbach
1242 1741 2033 1846 vnd anderen Elbergschir gestolen vnd
1265 1817 2047 1896 zu Solothuen verkhonfft, habe sy zwar
1283 1870 1994 1965 ieselben wol ehendt, Wyl ich disere
1266 1940 2054 2044 gsellen zu Ober Gerolfingen (alda su
1269 2007 2088 2113 gefangne domalen gewohnet) vilsage
1278 2076 2080 2182 sogen und das silbergschw zegt, sonstheig
1262 2129 2065 2253 eythere gmeinschafft mit ihnen nit ghan.
1253 2179 2079 2315 Seit disere Erben 2 zu Gremgarten
1256 2253 2087 2378 zeiner zu Solothuen gehinckt worden.
1260 2297 2111 2442 der viecte aber So sich Hans Jagli Gasser
1278 2364 2078 2495 ause, lebe noch wüsse aber nit wo
1260 2423 1375 2518 lshe
1254 2482 2088 2645 Anlangendt vber, das sy dem Jung Ruppen
1262 2546 2101 2689 zu Littemeyl der Uhren der vnehren an¬
1260 2620 2101 2761 grumbet) ein feutzdicken solle abgenomen
1260 2690 2086 2817 haben, aber nicht zu weilen worden snn.
