2448 3264
576 538 1185 715 Hacher Breitenlei
586 635 1166 766 Eon Lrißwyl Im Ennnthal
477 816 1186 976 einrach Melcheor Greifenstein vn
484 916 1183 1040 eeßwyl im Ementhal jüngstuerin
477 977 1180 1086 ner tagen zum Schufflerhen allie eine
498 1039 1174 1154 dibstalsbegangen darob ergriffen
396 1105 1192 1227 vnnd gfrcklich verlafftung gezogen
390 1165 1172 1274 Vn volgendts Esa gheiß vnnd benelch
488 1237 1196 1333 negner g: herren vnd Oberren durch
459 1287 1197 1392 die hochgeachten, Ehrenuesten, fromen
475 1343 1185 1438 fürnemen, fürfichtig wysen herren
453 1409 1192 1519 Hr Jacob Kach deß acht herren beran
474 1479 1174 1570 mun Zuber der burgeren, Herren
453 1527 1178 1634 Amman Gottier, samptlichen weiblen
484 1592 1202 1693 mane g. Herren vnd Obereen dienen
441 1646 1211 1741 frytags den 23. octobris Anno 1685
478 1712 1200 1816 Hrr Marzili wort enstlich mit be
426 1770 1195 1848 thröüeung der Marter examiriert
470 1836 1187 1939 worden. hatt derselbige volgendenn
450 1888 1183 1991 bericht und bekhandtnus deß zum
455 1957 1195 2067 schliffleüthl begangeen diebstels
421 2015 1202 2121 vbrigen syneb handelt, wandells vnn
443 2093 1052 2206 begangeteschafft von sich geben
432 2168 1211 2311 Namlichen ss sye nicht weniger als erve¬
460 2253 1190 2379 Chiner tagen mit einem Guger von
448 2313 1194 2438 Langenthal, vff einer elrenden Gsell¬
457 2373 1196 2527 shafft zum Schiffleithen zu nacht gessen
451 2436 1206 2594 habe er sich im gesagtet wybernechti d
453 2500 1222 2653 trunekenhey bbwiß beyder
452 2570 1190 2749 gessen, das drey Jurge bleflin ab
1236 485 2035 719 den Eischgenemen vnd erstlich zuestin basen
1250 559 2051 789 heenach aber im ein sack gestossen, welches
1240 640 2028 832 alles ein Oberlender wergenomen sune
1254 677 2043 898 gesten efe  nde
1242 746 2024 959 darob er dan ergriffen vnd gefencklich
1262 886 1644 1021 gegendense
1231 911 2060 1098 Das er aber zu sgenn gleupoff furgeben als
1276 988 2054 1140 berderch gedachten Gygerhier zu ange
1255 1044 2070 1203 wisen worden und hiemit ein ursach sye das
1256 1115 2009 1265 derselbig an auch Inn verhafft genomen
1279 1178 2067 1321 werden, habe er Ihme Enrecht gethan dan
1286 1246 2041 1399 er dessen gantz khein schuld nicht trage
1282 1308 2018 1437 vesten werde sich nicht vefurden, das er sich
1262 1381 2052 1526 dergstalten die tag synes lebens wischers
1254 1458 2044 1554 Vergriffen oder vnehrlich verhalten habe
1298 1492 2089 1620 bige deswegen wol lyde vnd erwarten
1282 1571 2042 1674 das synslerwesens halben, information
1295 1641 1936 1754 vnd bericht vffgenomen werde.
1282 1726 2072 1845 Dem begangenschafft aber betreffent gibt
1296 1797 2031 1900 er fur das sich vor ohngefhar 13 Jharen
1300 1854 2082 1969 erehlichet, ein frdun aber znd zwey,
1299 1917 2094 2032 khinder zuhint dem almusen nach, eün
1303 1985 2045 2079 sein persen aber, habe er sich biß heter
1311 2044 2085 2167 heils mit dienen theils aber mit  byt
1304 2109 2053 2217 tryben, schlüfften, glas unnd trübell
1272 2179 2049 2298 wegen ernert und fürgebracht, gibt
1307 2242 2112 2351 zugleich auch für das er mit dem hinvil
1284 2305 2092 2421 werden sichtag behafftet vnd also vor
1319 2359 2101 2478 thur vndwasste nit sicher wieer dan
1265 2409 2138 2561 vor ohngefhar zweyen Jharen ein schweren
1310 2489 2147 2633 thal gethan, sich nun einem schaekel ver¬
1295 2554 2048 2684 detzt und in der insul alhie curiert
1304 2628 2134 2765 worden, zr, pittet als syn gnedige Ober
1875 2736 2030 2830 kheit
