3024 4032
237 346 1370 643 8. uer den demachtgechchen
395 505 1393 737 vn fürfferoffnetem keller wyn trin
293 619 1395 856 Wedern fläscher voll mit thuten genomen
246 729 1399 975 9. und ob er sich glychwol nach disere ein gu
394 902 1398 1063 genschlang anheimsch bey snem vatter i
382 993 1447 1194 thallten, ir er Jedach hernach n
368 1079 1401 1266 derit z Ediel widerumb zu synen
388 1182 1399 1351 ist annes ehemen, da sy nicht vrchthe
352 1276 1412 1479 Golothern ein spoycher geöffnet uß wen
375 1387 1451 1550 Iom hußthuchin parhasen, stihs in
385 1475 1391 1638 rindtfleich vondern habeln mthnngge
382 1593 1403 1735 vn Erterbach ob Solochuen dß einen
346 1687 1409 1861 Leller mit hilff eines grossen stand
378 1805 1408 1960 gsellen, welcher vor ettwas zeys
378 1907 1462 2047 ereruncken, dessen paure Ihme vnbez¬
366 1983 1412 2181 bhant sye. Vier huß kußen entwendt
372 2143 1414 2332 Item mit hilff eins schwartz beklidt
380 2291 1408 2419 bösen beben dars genant, n affl
377 2336 1409 2531 im keller zefbrochen, vnd Enß dersel
380 2460 1401 2624 ein halben tas vnd zoren lerben bro¬
371 2571 706 2714 ertzickt.
226 2667 1391 2861 12. vrsythers �hnet dem berg ob kolt
351 2775 1402 2965 durch ein Guren Jeetin Keller be
364 2853 1412 3070 vnd mit hilff söner gesellen, vnd
366 2974 1406 3166 leiben bredt und ein mueken baldt
366 3144 717 3285 entragen.
194 3184 1403 3420 13. Cnderthalb Kolothern nit zutlese
358 3300 1408 3578 grossen gespanden, Aß einer trben en
351 3375 1416 3671 toefgememen lnd umb ein guldi s
264 1645 360 1728 1
215 2217 281 2286 1.
2459 288 2619 375 44
1392 336 2574 673 ghisten frdenthalb zertzogen bachsi, habe sein
1454 440 2613 731 genchter ein gstell snder einer schwellen
1438 545 2580 824 huyn grabet vn ein gaden Innwelchem
1433 631 2535 942 zuelen gessen, vnd vier leiben brodt
1442 848 1734 1009 ewey.
1500 860 2558 1104 zu Großwyl bey urgdorff erß einem
1491 961 2628 1199 Duch veröffenten Käller ohngnerdt küffe
1484 1065 2588 1306 vnsancken vnd zwen leiben brodt ent,
1480 1273 1698 1423 zwickt,
1492 1261 2573 1527 Eben am selbigen ortte uß einem gaden
1494 1400 2512 1604 ein salbmuh mahl ein leib bradt ein
1481 1478 2626 1687 pfannen mit ancken entframbdet, gedachts
1485 1632 2575 1787 Pfisters frouwen bim vischenbrunnen zu
1507 1713 2336 1900 treydt, die ihnen fürchlet habe.
1513 1850 2644 2049 Item mit hilff eins ihne namens halber ben
1516 1968 2602 2152 bekhanten gsellten, sogenen bekleydt,
1502 2071 2595 2234 ein spycher geöffnet, davuß ein halben
1504 2167 2605 2319 behen lleisch, 2 töck gefalen, den
1489 2266 2642 2429 Kenlachen vnd zwen Seckgestolen, das
1507 2377 2634 2509 fleish einem weltschen Ambttbebatg
1505 2467 2600 2657 verkhuufft, das übrig aber habe sein
1499 2583 2592 2746 gsoan mi Ihm gefge Ban die
1496 2676 2677 2880 Ihneschuldig geweßten 2 batze behalten.
1489 2841 2608 3043 Abermelen nit zusorung deß grossen
1502 2961 2637 3119 prellen, zu ver den Ergöuuer vß einer
1501 3045 2632 3230 hinerenstuben, einsteung wollen
1477 3116 2647 3338 uch und etlich strangen garn gestolen
1467 3224 2576 3417 Wnd uß allem dern guldeen erlässt
1515 3357 2632 3608 Mishelff deß grossen vnd Hänselins
1473 3505 2646 3674 zuer beiden gesellen, Inn einem dorff
1414 2714 1467 2819 3.
