3024 4032
722 773 1671 1017 86. Dem Adam zu Vagelbuch zwer
856 891 1657 1120 Kübell mit anelehen undtragen
717 973 1688 1223 87 Wie In gleichem dem Müller zu Giber
883 1114 1679 1305 zwen herlich mit mähl ueß der m
873 1212 1129 1288 genomen.
693 1306 1654 1455 und dem amnen zu Obnitz uß dem
895 1388 1608 1529 spieher 7 hämbder gestolen
698 1498 1672 1668 Dannethen dem aman zu Wallerbeh
876 1569 1645 1721 zwo Juppen. 3 weiber bruß. zwo
863 1655 1645 1804 ballen anslehen und i ziger uß ein
875 1746 1365 1866 Picher endttragen.
679 1820 1632 1956 Dem Nieli Schickh habe er mit
851 1938 1656 2037 angeregter hulff 2 phar welhosen
663 2000 1643 2143 endtfrömbdett und zu Dänßhi
850 2104 1649 2225 uß einem speicher 4 mäß der her
842 2174 1314 2294 und 2 ma� nuß.
625 2273 1626 2413 Jergen zu Riederen uß ein keller
841 2354 1608 2443 ein halben kübell mit anckhen
841 2421 1632 2552 und ein küehelpfarren, Des gleche
627 2498 1623 2633 einem genandt Grutz daselbsten ds
807 2577 1621 2714 dem Keller i kübell mit knete
845 2662 1623 2792 ziger und 1 anekhen ballen gen
625 2766 1576 2930 Deßgleichen auch dem müller im
792 2802 1610 2977 Riedbach uß der Meli ein garh
807 2930 1347 3042 mit mahl endtragen
639 2947 1607 3125 zu Guttenrind 2 Tuppen, 3 weibet
623 3029 1583 3250 16 brüff. Zu Jagispac 5 Röchen.
796 3103 1602 3261 6. manen Hämbder pharhosen und
797 3235 1103 3355 wamfell.
608 3198 1613 3475 zu Martnand den fen
793 3323 1580 3504 und 2 störkh ziger. em aman
621 3406 1572 3625 zu Rüntz zwen Rübell mit aneken
772 3465 1570 3653 und 3 anekhen ballen. Ith an einem
745 3517 1584 3729 unbekhandten ahrot 1 ymben weg gene
2723 767 2854 871 146.
1968 853 2051 972 zu
1715 894 2693 1078 so dem Henmi Stägen uß dem Reller ein
1790 937 2782 1109 lübell mit anekhe 3 brott und 5 störken
1768 1070 2167 1195 sige endtragen.
1689 1161 2681 1304 zu oberwangen dem freyweibell us
1767 1237 2573 1370 dem Keller 3 Rübli mit knekhen.
1714 1341 2747 1458 In dem gman zu Liebenstorff uß dem spieher
1676 1411 2734 1559 Wolff thügzig Röeke. Klüin Hanssen
1676 1494 2790 1632 daselbsten 2 betthi uß dem spicher Und
1740 1578 2685 1677 den Eehaller selbigen ahrts 4 kubell
1673 1662 2772 1769 mit anckehen 4 käßen. Wie ingleichem
1750 1737 2754 1855 grossen Haussen daselbst zu Liebenstorfft
1757 1816 2775 1948 6 willige Röckh, vnd 6 Hambder, wegge¬
1746 1888 2270 1993 nommen und endttragen.
1698 1960 2701 2114 15 Zu Burmelß 4 rübell mit knrkehen
1747 2052 2314 2171 und 5 käsen gestalen.
1664 2121 2767 2293 th zu Graffenriedt einer wittfrauwen
1739 2220 2763 2367 zunff Röeke und 7 einlachen undt frambdt
1669 2284 2760 2465 Hanß Schreyern zu Oberrind 4 scheiben
1662 2377 1886 2448 Werch.
2015 2386 2665 2502 und Betder Schreyern
1744 2429 2695 2592 3Kübell mit anckhen 6 störkh ziger
1716 2517 2618 2653 und 3 anckhenBallen endttragen.
1658 2588 2603 2740 widerumb zu Friburgs huß einer
1719 2703 2670 2833 wiefrauwen 3 röeken 7 Hämbder und
1710 2755 2237 2875 3 fürtüeher genommen.
1638 2803 2612 2997 dem statthalter zu Ried 6 käsen.
1722 2907 2677 3087 2 kübell mit anckehen endtfrombdet.
1691 2996 2705 3205 gestetdigene auch die so woll hievor den 7.
1696 3110 2743 3272 vito allß zu Buren ussgefagte und bekhandte
1678 3166 2673 3320 diebställ ussert dem stier so er dem
1699 3239 2629 3396 streitt zu Bümplitz genommen zu haben
1693 3301 2745 3493 bekhandt hatte und daß er ime in demselben
1690 3395 2736 3558 gantz unrecht gethan habe, belibe auch
1688 3463 2681 3611 gantz Stiff, und Vest daruff daß die
1696 3525 2699 3694 Letst bekhandten Diebställ so er all mit
1673 3577 2645 3737 Hulff seiner hieaben vermeldten dreyen
1694 3655 2627 3800 gnspanen begangen, all dem wurt zu
1690 3722 2734 3878 Neüwenegs zugetragen annen abgenommen
1690 3776 2627 3939 und bey ime wührt verspert worden. Ist
1684 3820 2689 3982 mahl ledig, das 2 mahl mit dem kleinen d3 3
1713 3891 2587 4033 mahl mit zweyen steinen uffzogen.
