3024 4032
369 332 1523 631 Zr Rubungen beinersterg. v. wanshaß
440 473 1510 769 sond zu Nünsunge waß einer stulen d
431 596 1091 748 Mars huth erstwennt.
406 724 1501 932 Abermalen zu dagerschen, vß einem
427 861 1515 1063 Soycher vier leyben Srodt, vndelich
450 936 969 1113 Mussgenomen.
470 1056 1510 1292 zu Geytenwyl ein Nunen kornsek
429 1212 1505 1408 zur Elischi daselbst ein mauhenbt
453 1318 1505 1532 ein fragen und ein bar strümpff
430 1435 769 1615 gestolen.
448 1544 1480 1757 In hunzigeken ein Cackentiend
411 1684 1477 1839 E welchem er Ihme ein par hosenn
434 1788 908 1938 machen lassen
403 1889 1501 2094 Item zu Warb ein Gethun eines herr
410 2025 1506 2197 gesellen vß einem huß, ein nuenen¬
338 2123 1493 2328 Deß gemachten gutthuchenen Korf au
428 2228 1504 2411 einer grnenen klegi entfroundet, vn
357 2341 1498 2528 welchem Ihme zwo konen worden.
368 2459 1516 2662 In Vatternryl von einer Vösch, 8 Wur
407 2589 1507 2778 Himbder 7 ynlachen wnrd zuo bishe
392 2741 851 2879 ertzwackt.
304 2828 1295 3067 zu Alleerding ein lierlahln.
387 2891 1488 3154 zu gevenfingen by wyl zwes
349 3107 725 3287 Smedis
364 3132 1491 3430 nnd vff der Viseren vnß der
380 3238 1399 3520 stuben zwey brodt gestolen.
386 3355 1504 3683 Bychershabe er mit helffins zeich
326 3474 1499 3789 Ihtem Gelpolerg ein Käller gröffen
373 3604 1485 3927 frunff brodt vndetlich opffel daro ge
2648 218 2793 346 99
1612 304 2796 674 d enen
1595 395 2760 725 gonmuß diere Kinsen genomen, ein theyl
1629 477 2824 798 gmessen, vnd ews dem Erbeige 8 od 9. batze
1624 739 1801 877 glast.
1599 702 2844 1031 uff der leynen bey b�chstetten, aber in ein keller
1600 810 2851 1119 prechen, daruß zwegelten mit wyn und bredt
1606 1039 1851 1184 eewegen.
1598 1001 2861 1286 Item am einem anderen arte nicht wyten dadannen
1608 1126 2830 1366 Imeinseych broche, ußden sy den wansel
1603 1229 2803 1487 gesehren, von welchen Ihme eins zu theyln
1580 1346 2732 1557 werden, das er in Cuggistein vmb ein
1598 1482 2174 1686 zuldin verkhanft
1588 1599 2851 1812 Wychers zu Ebler Butfhell, habint sy aber
1600 1722 2761 1895 wolen im Joych erafret, darußetlichs
1613 1823 2793 2001 Ind vnd wyler hembdek, 7 oder S.
1605 1937 2756 2122 hyrlich(vnd 4. far sehuch entwendt.
1576 2074 2760 2261 Obermalen zu Äschli, dßeinem durch sy
1604 2180 2813 2383 igebrahnen Spgeler, ohngnerdt gybe
1612 2291 2778 2485 wech einhalbe hutz lades, solches alles
1587 2402 2280 2562 den im thal verkhorfft.
1605 2503 2774 2708 Item uff der leimen ein se yeh gröffnet
1592 2646 2769 2792 daruß 20 lb werch erkuckt vnd dem
1572 2732 2630 2923 Eheren zu Münsingen verkhaufft
1605 2901 2843 3093 Am einem anderen ortt vnderem haßgendat
1595 2994 2822 3175 habint sy im ein saych brechen wollen seit
1603 3098 2600 3286 aber darobverlagt worde.
1586 3175 2850 3469 Nicht eists von Äschli habent sy ußeinem
1589 3342 2755 3555 Sych 4 mäß mähl vnd 2t brodt
1599 3445 1935 3570 entwendt
1610 3528 2867 3730 Zwisch signeuw vnd langnouw aß einem
1579 3623 2805 3808 deych 4 mäßmäl 7 leben bleodt
1603 3752 2441 3948 und 60 Ehyer entragen.
