3024 4032
1041 858 1667 1034 Canahulsihmen
945 904 1654 1110 Eon Guttisholtz Lurernn
1157 1015 1455 1169 Gebiet
767 1168 1682 1325 34 Sye dieselbe mit Ihrem Kann Paster
826 1263 1676 1407 Leeman so zu Frieniserg vm
861 1337 1673 1505 yner Shindthut lofgenommen under
848 1457 1671 1605 sogen worden) als einem beschwyten
883 1534 1663 1680 bäsen buben, hin vnd wider Inn den
809 1610 1662 1762 Land vmbherzogen, desweg uch sch i
848 1706 1655 1857 dechtig gemacht das sy zuer Seheli
830 1789 1662 1939 vnd bubenstucken weserschafftsic
842 1893 1652 2012 vnd theilhafftig sein mechte. Die e
818 1968 1641 2109 heych aber von shwer Coff dißmd
809 2071 1645 2201 wegen schwangeren grossen veiss
816 2144 1634 2292 abet corturam nicht erforschet
792 2253 1272 2385 weerden khömen
799 2306 1625 2488 Ies uerkhandtnuß m 1 t
799 2424 1614 2562 Dei Stetten vnd Landts Eydtl
791 2521 1269 2625 Sirhen worden
798 2570 1432 2726 Den 25. mayi 1635
2674 755 2797 824 147.
1703 895 2679 1134 un Auniao i
1743 988 2483 1164 Crintes gewesner withet
1824 1073 2460 1220 an der beitenbrugge.
1777 1195 2731 1389 Iff desselben beses boß: vnd Vn¬
1764 1311 2747 1444 ordenliche lab wesen, auch seinethalben
1767 1379 2756 1516 underschidlich boß und gantz verzächtigen.
1767 1460 2785 1606 nemen gnädigt Herren und Oberen unß
1762 1531 2748 1692 gelangten berichten, wie auch böser uns
1740 1607 2778 1746 zigen und gehabter gemeinschafft lricht
1760 1690 2763 1811 sertig Böser buben Habendt hochge-
1753 1771 2817 1867 dacht Ihr Gr vff Inne greiffen alhero
1742 1849 2735 1985 In die gefängnuß führen volgendts
1726 1921 2745 2043 so woll den 19 aprilis 1688. Allß auch
1731 2007 2783 2141 Den 23. mai hernach in beysein und person
1739 2092 2674 2232 licher gegenwahrtt der hochgeachten
1735 2174 2814 2302 ehren vesten, fürnemmen, fromen, fursiehtigen
1733 2261 2762 2358 wysen herren herr Ullrich Bitznß des
1721 2322 2811 2429 meien Rhadts, Hr Hanß Ludwrig Cärbers
1738 2412 2759 2538 Anacs des Rhathauses, Vnd K. Abra¬
1715 2472 2800 2613 sem einners beid der bergeren im thurn
1718 2541 2773 2679 zu Marzili mit zimlicher marter exammi
1732 2617 2771 2744 ueren, vnd ferlehen lassen, vff die
1726 2680 2703 2814 fürgehaltnen pernneten, er aber anders
1720 2784 2731 2907 und mehr alls volgett begangen und ges
1702 2835 2725 2978 than z haben, mehr neht bekhändte, vnd
1662 2883 2757 3055 gestendig sein wolte. Allß das er von
1708 2969 2739 3139 den letstlich oben uß mit dem strangen.
1688 3060 2696 3183 hingerichten Hanß Jagi vor etwaß
1715 3117 2702 3257 abgernekhter zeit e synlachen, jedes
1709 3184 2661 3336 umb 2 gulden und 2 füehige röekh,
1712 3247 2706 3422 jeden umb 20 batzen umb bahr gelt er
1695 3310 2714 3483 khaufft, habe auch wolgewust das es
1676 3390 2782 3590 gestallne kleider und haußrath gewesen
1692 3485 2725 3679 Deßgleichen habe er von Hanß Flüekhinger
1703 3583 2672 3737 onst Waldhausi genandt, so anjetzo zu
1629 3626 2619 3789 Burdorff In gefanglicher verhafftung
2264 3756 2512 3884 ea
