3024 4032
688 502 1517 767 arsfiie lir
797 644 1611 911 dshe e ett
787 734 1605 971 lg dm Ghestehent
818 873 1520 1056 felthlich gemnst se
602 1087 1596 1345 Obgleichwol diser Hanß Kicher
597 1231 1596 1430 verwichnen 1637 jhres als ein starb
591 1303 1586 1538 muessig gehender gsell, ob etliche e
573 1397 1576 1609 diebstälen ergriffen, und dassertwee
596 1514 1569 1711 Den 3. junii besagten thars ußer
525 1586 1579 1823 klandtnuß mig herren zu einerse
516 1687 1560 1890 straff vnd miltten zeichtigung vunde
553 1817 1568 1973 Schallenwerch yngefesslet, hernuch ac
533 1905 1555 2088 desen, mit einer ernsthafften Eemaneg
449 1983 1529 2166 oiderumb ledig gelassen worden,. So
532 2091 1545 2253 hat er jdoch soliches nicht dermasseb
497 2183 1543 2348 hertziget, das er von synem angefangen
512 2293 1553 2439 bösen lebweste abgestanden, lich gel
517 2378 1544 2526 und ehrlicher ertarbeit beflichen u
472 2479 1538 2642 Sonder hatt sich solchem entgegen vnd
488 2578 1517 2733 mehr gstrucks widerumb zu vorge
496 2674 1514 2830 syyner böseen gsellschafft geschlagen
387 2742 1513 2934 zustälen angefangen. Gestalten
440 2830 1502 2974 ob denselben abermalen ergrife
458 2916 1513 3140 gfercklich allhar bracht volgendt
450 3012 1502 3217 geheiß hochtemelt ihr g durch de
392 3085 1489 3328 Dienere Großwegbell vnd Geis
429 3162 1493 3443 schryber wort genstlich examnis
400 3265 1496 3513 Vnd wyl er nicht mehr dan vorgens
418 3363 1483 3603 diebstäl bekhendt, uff verhoffen
424 3474 1456 3726 und versprochne besserung unt e
406 3511 1471 3788 abermaligen starcken censer, Con
391 3614 1465 3968 Ihr de ten end geob e
370 3725 1433 4020 eit demeyd weren velesen worden.
2633 477 2817 589 122.
1661 571 2854 832 sichen Ihne vfferlegten Eydt, auch widertharne
1693 687 2846 943 dgestraff vnd ernsthaffte verwargungen
1669 753 2834 992 geichter zumor gantz lychtfertigwyß
1674 859 2790 1095 din geschlachen den Eidtschandtlichen
1641 952 2811 1187 vbersechen, vein voriges diebisches lebwesen
1627 1065 2801 1286 röschers Zuneben, vrrstich furgenomen
1632 1151 2829 1378 Inostiger Kurtz verruckter tagen im
1637 1227 2808 1478 doff höchtetten, durch den Schmid daselbst
1635 1372 2805 1561 by nacht ergriffen, dem fregwegbell
1637 1461 2755 1656 vbergeben worden, der Inne dann
1643 1543 2680 1768 forgeklich elhar fhüeren lassen.
1626 1666 2797 1834 aalls nun er gefangte, gester ußgheiß
1658 1746 2791 1903 und beuelch E. G.shr Gnanden, duch
1581 1846 1776 1963 sagt
1606 1855 2824 2041 er hoch geachten, Ehrenuesten, fromen für¬
1634 1957 2789 2104 ninn vrrsichtigen wysen herren, herren
1612 2057 2777 2213 Burckhart FFischeren deß faths s eind
1599 2148 2776 2304 haller der burgeren, vnd herren danud
1629 2232 2757 2393 von Gerrens Großwegbells, zu
1606 2329 2756 2485 Marzelli im thurn mit zirlich marter
1615 2422 2769 2578 examniert ward, hatt er vber vor
1600 2493 2813 2648 sinde, nach disere nach volgende diebstäl
1594 2603 2765 2753 nit vnd ohne marter bekhandt, auch ann
1581 2693 2754 2871 demarter erhalten vnd bestähtiget,
1575 2800 2802 3034 Temlich syehr er nach letster Zuer erledigung
1588 2922 2777 3063 vnd eeydtlich Ewrysung, als baldt wider
1584 3017 2779 3182 uus zu vorigen sinen zwegen gsellen
1575 3095 2770 3276 schristen vnd Prter (deren zunamen
1579 3202 2761 3370 ihme unbekhandtsgent) kholnen, mit deren
1577 3300 2749 3480 hilff und bystand syent siy, wie ob ange
1558 3368 2699 3562 dentet worden, dem wieth in hoch¬
1554 3469 2718 3659 stetten in sein kellerbrochen eß dem su
1564 3558 2700 3728 vren Kubell mit ancken gestoten deren
1563 3612 2698 3831 dr einer durch zue gsellen entragen
1563 3728 2737 3901 der andere abler dem Wirth widerumb
1585 3816 2756 4022 zugstelt und er darob erdappet worde.
