3024 4032
430 386 1466 670 bordendtlichen zu Sigrißeyl haben.
431 554 1470 773 hilff vnd zustofung Christen Bonmed
449 698 1479 901 eerem bauren syne wycher efbrch
435 757 1472 994 uß welchem sy fünfftirchen allen saff
439 864 1465 1103 hundet ellen rystigs ein guthuhen
439 992 1459 1152 Vnberrock, eie par ermell, ein be¬
466 1078 1479 1276 strumpff, verlynlachen, Sechs pfund
448 1181 1463 1367 kuß, vnnd verbur Schuch gestolen
454 1285 1454 1463 er Lüsser synen theyl der huta
435 1396 1469 1558 zu Thun vnes Eekenthalbte frand
429 1515 651 1666 khaufft
415 1555 1444 1752 Nudenthalb Burgdorff habe er
445 1694 1453 1831 einem bachoten vier leiben brodte
427 1780 1174 1947 frowodet vnd genossen.
391 1947 1452 2158 Hff disere des gedachten
439 2110 1437 2259 decht Cussers begangee vilfaltige
421 2203 1438 2363 stal auch hacht vnd Schwärt mißhand
420 2317 1432 2468 Habent hochgenant mein g herren vn
387 2412 1417 2574 Oberren schuldtheys räth und be
404 2488 1431 2698 diser Loglichen Statt Gere, vff
382 2616 1430 2805 bydt zu richt erkhendt und gforen
362 2726 1431 2902 Das wan Inne dem Nachrichter
355 2822 1414 3016 der Inne ober Eß vffgewohnliche
372 2917 1406 3114 stath feüeren, ihme bllde von se
387 2996 1406 3243 hauk vnd erzeigendn eieen Rens
341 3132 1399 3356 haupt erbschluchen und also mit dem sh
398 3204 1410 3424 vom leben zum thad nach keyserlc
377 3354 1158 3523 rehten richten solle
309 3392 1385 3703 Disere Ertheil Ist an Ihme Zinstecg
367 3541 1394 3787 den 5. octobrs 1636 erstattetw
2527 378 2692 506 78.
1640 476 2508 732 Lungd pider ab.
1613 577 2509 808 der Buggesperg im aimpt
1769 702 2377 896 Schwertzenburg.
1962 905 2046 985 8
1608 896 2638 1085 er st den pit. Louembs 1636.
1524 959 2749 1202 wegen begangnen dritten thälers mit
1569 1062 2754 1297 Im Jurey vnd Ehebruch auf dem Eydt
1562 1189 2711 1407 verwisen worden, jedoch ist ihme der
1587 1319 2622 1503 um verganstiget warden biß uff
1570 1409 2499 1606 nachstkhünfftig kueyen stag.
1632 1705 2484 1981 A Bictr as
1689 1962 2565 2117 Dem Gaggisperg iu ampa
1692 2048 2354 2199 Schwartzenburg.
1531 2230 2710 2440 die istglychermassen jars und tags
1545 2351 2693 2537 obstätt wegen begangnen vierten thalers
1500 2457 2715 2608 im Hurey und eebruch von statt
1520 2555 2718 2751 vnd Landt Eydtlich Verwisen word
1674 2710 2577 2920 Ursula Rauwer von
1718 2872 2363 3007 großen Elffeltteren
1489 3058 2649 3266 dach dem selbige vs bevelch meyner gnedigk
1504 3085 2670 3333 herren unnd oberen den 17. jandarii 1637 durh
1508 3201 2618 3402 meyne hochehrende herren hrn Hanße Rudolff
1491 3246 2634 3460 Dteyger deß egats hr. Andryh Gottier
1494 3305 2596 3538 Nuren Ebbrcham Brunner unnd Emanmelln
1512 3383 2606 3598 Steyger mit betroüwung der marter exa
1505 3475 2605 3707 miniert worden unnd ernstlich betragt worden.
1494 3515 2695 3795 Wso sy mit denen bächeren so Anna Riuchti unndt sy
1494 3598 2600 3856 einanderen helffen entwenden hinkommen heye,
1489 3668 2403 3874 hatt sy mit unnd ohne marter besezendt
2372 3854 2502 3972 Vie
