3024 4032
597 514 1426 787 cstisis 1
870 726 1355 869 Awangen.
495 857 1536 1163 Hohls derselbne Zinstags den 5  2
935 1045 1036 1118 163
568 1047 1541 1268 tontus Anto. Eo s beuelch vnd ale
554 1160 1525 1324 memer g. herren vnd Oberren Id
461 1228 1543 1421 vnd gegenwrt der hochgrachten Klue
539 1344 1536 1540 uesten etc. Heren herren Johans Ru
490 1420 1530 1646 Steigers deß Raths, h. Johand
472 1556 1516 1733 Teerbers deß Jung vnd s. J
461 1675 1525 1824 Ludwig Terber Ammans Im R
505 1759 1537 1942 huß, vortt ernstlich auch mit beren
472 1885 1516 2045 ung der Mlartter, zu Karzei n
522 1979 1513 2114 Thnen Exumimient wald. hatt
531 2081 1513 2261 er darüber volgende bekeandtnn
527 2182 809 2349 gethan.
499 2292 1516 2482 Erstlich sie nicht Vhering denm dae E
456 2435 1513 2575 Vor ettlichen Jharen ann zweyen
499 2523 1523 2735 underschiidterlich orthel als u
476 2606 1513 2808 Hoof genant im Kaster Anders
444 2730 1516 2945 Gurgdorff, wie auch zu beigelis
469 2842 1512 3094 gholffen vrbrecht, vnd etliche v
493 2935 1508 3174 erehruenden, er sie aber dont
461 3019 1511 3267 hub solche thältr mit gfargens
436 3148 1499 3388 Endunderer gstallten Abgstrdt
429 3347 782 3483 worden.
476 3329 1514 3615 denne, khöme er auch nicht vm ober
413 3456 1503 3700 dan das er zu Vnterbarben alde
359 3555 1524 3870 Vor disem Afengeklich zugsezt wer
478 3648 1523 4005 e
325 936 500 1111 16
2419 280 2618 390 106.
1600 393 2652 748 ee dahen e
1569 465 2634 842 ehehen selee
1594 627 2652 917 nacht hroffen, vnd obsthon die Assere
1584 686 2655 1042 eentegl t hste hen
1576 831 2614 1133 Shabe er sich doch Conder dem gatten
1588 924 2688 1237 über den bach daselbst gaht, hinnech
1586 1088 2552 1330 wyt und se also fort khomen
1577 1212 2679 1461 Vsterffent dann die im Gendichts zingl
1584 1346 2715 1534 von Barenn in yner hennweyß nach
1556 1444 2680 1700 Funkrych. Ereembte Klunderung, ob
1591 1553 2640 1746 gchlichwol dieselbige anfangs mitt
1609 1650 2719 1834 Ien wortten entschuldig nnd ver¬
1589 1778 2658 1959 Ninn wollen: Ist er Jedach hernach
1611 1870 2760 2036 su sy ihme das ein und ander früffen
1599 1978 2731 2160 elich under augs erhalten, gestendig
1568 2111 2701 2267 wrden, das er vnd Hans Feiderich
1573 2213 2653 2376 aggenberg ihme gugen in zuer
1581 2299 2737 2465 trackheyt und uff syner Reyß
1581 2393 2754 2578 sy 2 donklonen, dysig keütgdieken
1576 2509 2726 2660 ein halbe Sihberkeonen mit gwolt
1587 2615 2712 2764 femen Siben krutzdickuber vnd
1570 2696 2701 2876 in Zwifacht dorblonen er Ihnen guts
1587 2824 2733 2986 villens geben, vff Ihr versprechen, das
1593 2925 2745 3079 Ihmee nicht verlassen, bederhumb be¬
1584 3033 2802 3225 seyten helffen wollint, da er zwar
1593 3147 2682 3285 ein bestes gethan, sine Consorsen
1588 3238 2774 3414 aber fune dahinden glassen habindt.
1566 3294 2745 3519 Vnsten klagt Hg 52 beutzdicken,
1581 3424 2771 3626 Ichs darblaren, 2 thaler, 4. Mar
1581 3540 2709 3717 Zeller halbe selber kronen ein
1588 3648 2780 3810 zuger dieken, Siben kronen Guntz
