2448 3264
639 578 1152 713 anns Wermeli Hor
684 659 1115 766 Runisperg im Amt B
493 737 1192 889 Derselbig ist den 13. augusti 1635 weg
514 803 1165 937 erzu kamptman Sampel Tschiffeli jun
490 862 1178 970 pünten gedinget, ein prütz gieben einhe
487 922 1177 1029 aber nicht gehaltenn, sonnder annheimbs
466 973 1192 1078 verbliben, berechtiget m 9s hrn zuerben
456 1021 1182 1136 Wnnd den 14. august durch ein ersamen
481 1079 1192 1189 Wyßen rath ehrloß unnd wehrlach
477 1138 1182 1247 erkhannt unnd allso uff abfrag losten
484 1193 908 1285 frag geläßen wordenn.
555 1726 1196 1837 histern Gaßer Bonn
831 1808 991 1896 Belle
509 1880 1196 1991 Der ist den 18. spembris 1635 wegenn
503 1949 1184 2046 synner einthannigkeit, daß er Ißetter
450 2003 1200 2098 pfander Pßauli Guggisperg unnnd ihr mit
453 2049 1217 2169 hafften Galtscher wider inne geredter khunten
461 2113 1211 2219 gschafft anelagt, nützit aber bewyßen khonnte.
466 2170 1201 2273 unnd sy bheins wegs ( ob glychwol vrs
442 2213 1208 2317 unnd recht daßelb vermögen entschlachen
451 2275 1202 2360 Wyellen mit dem hydt von Nynner
465 2309 1205 2429 pnediger hrr landen handt Gepieten
463 2400 856 2480 verwißen worden.
450 2437 1211 2556 Alls ein summus tröller aller trölleren
474 2505 1206 2621 kehrmechter vonnd inn halßstarigkeit ab
459 2586 748 2675 obertrëffendt.
1966 446 2029 506 4
1368 530 1998 726 r an alide Mae
1369 656 1738 769 her z volle
1315 769 1968 890 oDer ist den 22. septembris wegen
1671 720 1967 769 oDer ist den 22. septembris wegen
1371 769 1469 795 her z volle
1370 781 2004 921 begangnen vierten fählers imn Hurrey
1236 865 1298 918 e
1267 841 2020 986 unnd ehebrach von mynen y herren statt
1287 893 1974 1036 unnd landtschafft mit dem erbt biß
1277 963 1872 1104 uff gnadthin verwißen worden.
1279 1725 1330 1739 Der ist den 22. septembris 1635 mit
1471 1486 1949 1586 lig saus Wäben eier
1434 1574 1911 1675 hinderstß alhie sonst pürtig uß
1423 1640 1934 1739 Der Herrschafft Schenckenbergn
1276 1739 2033 1861 Der ist den 22. septembris 1635 mit
1304 1821 2029 1932 dem eybt für daß bürgeren zil (biß
1867 1739 1894 1743 Der Herrschafft Schenckenbergn
1302 1896 2040 1987 uff gt mynner gnedigen herren verwißen
1314 1951 2058 2064 worden wegen etlichen alhie gefangnen
1293 1994 2036 2100 dirnnen instionrt unnd angewißen die
1301 2047 2022 2161 wahrheit zuverhalten unnd daß sy ein
1332 2116 2038 2220 w��e persam nit angeben nach verleiden.
1326 2153 1490 2232 söllet.
1439 2317 1702 2416 Banens
1317 2434 1446 2498 dagtashenen
1728 2309 2037 2462 Wuller
1510 2404 1900 2498 an fahr zin der kuhen
1562 2474 1754 2554 Belpp.
1309 2498 2145 2692 dagtashenen
1804 2498 1898 2535 an fahr zin der kuhen
1314 2558 2140 2723 erwißen worden, wegen er gr danid dung
1349 2616 2103 2760 noüwer unnd Hanns Rißen (die janr
1325 2653 2102 2803 von schulden wëgen by 6 wuchene
