3024 4032
432 441 1272 682 Jano Joggli Gasser
388 667 1405 923 Ahu derselbige den 1. Aunn 1636
388 786 1392 964 beuelh meiner g. gereen vnd Oberen
393 887 1382 1092 durch die sichrachten len, esgergesten
381 1029 1399 1175 fromen, E. wesen herre laus Con
351 1085 1396 1250 deß aeakpr Christophell von Greffend
376 1184 1394 1330 S. Gubeiel Eort hattemeyls des Jungeren
304 1273 1411 1438 beid der burgeren vd herren Großin
376 1368 1398 1505 ell hrufungs, Annbesittlingers shut
380 1459 1395 1627 eynlicht vff der Srachen pruliche
351 1566 1392 1686 mniert worden hatten nach volgen
322 1665 1405 1796 Diebstul  mit vnd ohne marter aug
397 1765 1403 1917 vnd bekhent ouch volgene an der klarte
400 1859 1203 2016 erhallten vnd bestahtiget
278 2017 1417 2147 Erstelich habe er mit hilff und zusorung des
425 2112 1412 2295 Vnlungst allhie hingerichten Melchen
335 2211 1409 2399 Gregeensteins, zn Heinrichs Wyl vn
340 2306 1418 2506 Goltscharner pret, eine Teller gholffen d
373 2396 1427 2581 nen, und welchem s by ein massenn
1398 2489 1455 2624 6.
385 2550 988 2712 ancken entragen.
336 2656 1418 2836 enne mit hilff erstgedachte aberm
377 2749 1417 2943 Im Golothurner piet Eeß einem kell
374 2866 1413 3044 Siben huß färtin (deren Jedes ohngere
383 2928 1325 3160 10 Eu gewegen den frömbdet
294 3145 1423 3361 Mehr mithff zuthun Nigli Suunher
393 3183 1416 3464 vnd daß alten mans, so ferudrigte
369 3281 1410 3584 alhie ob der Schulzenmatten iner zu¬
382 3418 1427 3715 gefallen, obenshalb schun ein gyhe
385 3488 1414 3838 en zehen ethe
302 3578 1420 3911 en ah
223 2916 289 2982 2
214 3342 309 3477 5.
2463 277 2597 386 43.
1483 305 2627 624 gestolen, den sterk s miteinanderen theilt
1477 426 2598 744 und die Röck zu thunsumb  ser.
1441 653 1714 847 huff.
1498 682 2582 960 Elgistafft mit helff ensi der Katzen,
1492 805 2569 1055 guwer genant, sam wern virt anleunsch
1488 892 2580 1176 sie Er ein Kellir vffbrochen. Dvuß
1479 981 2564 1222 em Erbell mit aucken so voffnder Recht
1486 1115 2182 1334 vrgchalden erhekt.
1504 1207 2603 1477 Nichtwisch von Kurgdorsft mich zu thuen
1472 1337 2553 1530 Katzennompers vnd eins Jung sollen
1482 1470 2542 1648 Hanßdli genant im ein syche brochen
1490 1532 2596 1764 iß welchem sy ein wällen grobs thuch
1492 1610 2574 1816 Ao g6 ellen gehalten, Intmendt, vnd
1524 1746 2578 1921 zu Fouerdorff Cesteder aller lachs
1471 1838 2560 2018 demanerbofft, welches thuch Ihnen
1526 1966 2597 2131 ims Pfistens framw zu Rychenbrennen
1534 2049 2569 2202 irisch von Eßergdorff abkhaufft
1532 2151 2622 2286 vn ande allen um batzen geben die
1523 2235 2655 2418 vol gwüse, des es gstolen gut shr. habe syn
1520 2342 2257 2502 ouch mehr gheyssen bringen.
1531 2471 2637 2650 am Lüberberg zu Förterlen mit hilff
1513 2570 2628 2752 noch vier anderer syner gespanen deren
1495 2669 2629 2853 der einte Christen hiesse, die anderen Aitt
1533 2787 2598 2955 aber namens halber Anbekhant sert,
1514 2852 2674 3094 zs einem gennreten stork zwölff küs.
1491 2962 2631 3170 End belh ziechen ertfrährbdet, vnnd
1506 3067 2605 3293 zu Grötzenen umb fünffguldenn
1495 3184 1829 3324 vrkhaufff.
1521 3329 2691 3566 vnnd als s dadangen vber die Aren ge¬
1508 3398 2646 3641 tharer syent sy deselbst zun ein keller
1489 3547 2655 3740 gebrochenaß welchem svierleiben
1442 3642 2005 3810 br ich genanten.
1368 913 1482 1035 6
