4032 3024
1748 133 2034 243 Dnnnr
1860 222 2466 376 Ann Eholer unnver
1961 339 2443 446 Roll daheinem
1819 458 2523 604 So von Petter von Unng
1826 547 2533 692 eines Ehinds geschwengeret
1827 635 2533 766 unnd mit dem bösen siechtag
1806 707 2523 829 brladenn ist ✳ seist an
1788 784 2496 916 Es habe zu ufffoltern by
1819 867 2505 995 Ulli Kupfferstfind ein
1815 965 2535 1077 Lannge zyt gedienet und ie
1819 1022 2535 1156 furglich dz meitli so mit
1814 1108 2495 1222 iin gfanngen wordenn
1826 1189 2486 1306 uff der strasfunden, so
1803 1271 2531 1374 Im angmittet Es sölle mit
1812 1345 2526 1440 im anein kilbi, die gegen
1796 1421 2513 1508 Burren anet dem wasber
1831 1498 2542 1621 gsin, des es im gewillfaret
1821 1572 2532 1691 unnd mit ime dahin gangen
1815 1660 2501 1775 Welches aber ouch noch ein
1828 1723 2547 1847 andere gespiten by jenschen
1797 1799 2489 1904 Die es sinst seide vorhin
1821 1883 2505 2002 nie bekhent noch gsechen
1794 1953 2505 2069 Da habe das ein Madlen
1819 2039 2509 2153 genempt ein silbrmen ums
1804 2121 2523 2231 by Imgeheyt doch muge es
1821 2205 2527 2300 nit wüssem wo es damit
1789 2264 2487 2410 harkhonnn unnd als sy sich
1810 2352 2565 2473 nun gegen Burren genechmet
1797 2434 2444 2541 habe man sy gfengklic
1812 2496 2540 2624 angnomen derhalben hatt
1812 2579 2522 2714 es auch nit bestendig sie wöllen
3274 115 3357 178 20f
2559 124 3349 243 das es denn ihenigen, so stöcke
2592 193 3356 321 unnd spycher söllennt ufbrochen
2586 266 3377 404 geben, inn ein holz zeesenn
2591 354 3375 454 tragenn ✳ unnd es wüstsr von
2590 414 3388 541 denen sachen gar nit zesagen,
2592 512 3364 629 dannes jeyund gen frybers
2598 584 3374 721 zu siner mutter bruder gwöllen,
2583 801 3348 935 Item das obgemelt Madlen
2592 900 3319 1016 So sie zunammen nit gwüßt
2579 1068 3347 1216 Hatt anzeigt, Sie vatter sye
2586 1164 3350 1267 im inn siner angenden zegend
2592 1228 3327 1340 does eben zwey Jaralt gsin
2606 1312 3312 1406 mit tod abganngen und vor¬
2601 1361 3345 1498 nach im Bättell vnd dem All¬
2595 1454 3340 1564 müsen nachzogen, das es nit weßs
2609 1520 3373 1652 möge wo sin hennpt sye unnd
2600 1609 3380 1708 denn silbrmenring, so es by im
2606 1684 3362 1809 scherf sye nit köstlich dann
2598 1749 3356 1881 Im obgesagter frann monsche
2606 1830 3355 1941 denselbigen vff die Ehegeben
2606 1912 3359 2036 und es dennselben an der kilb
2606 1997 3375 2101 die da anet Bürren ssin umb
2605 2076 3339 2206 dey brisen versegzt habe,
2594 2152 3392 2282 Vnnd es habe vornach Im Elsis
2643 2231 3432 2359 gedienet Aber di es jeyunder den
2609 2323 3398 2462 jenigenn so sy Burren
2636 2430 3407 2534 embh spyeher vnnd anders
2644 2493 3377 2612 ollentt ufbrochenn und
2643 2591 3378 2697 nt frömbdet habenn
