4032 3024
1572 73 2250 180 wüssenn, mit denselbigenn
1568 139 2232 221 vnnd annderem gesottnem
1576 203 2247 292 anckenn, so er entfrömbdet
1570 287 2246 363 habe er das bemelt ancken
1543 349 2222 450 küble, so ime obgedachter
1558 412 2258 526 Caspar Mariz gebenn, darinn
1552 479 2255 625 by 14 Kronen ganngen, gefült.
1618 652 2228 752 Wyther ist ime ouch für¬
1617 729 2258 820 ghaltenn wordenn, ob er nit
1603 807 2255 908 uff ein zyt, einem Lanndtman
1590 872 2248 960 der domals betruncken gsin,
1613 941 2240 1035 sinen seckell uß dem bussen
1600 1010 2248 1114 genommen, unnd ime anzeygt
1587 1098 2234 1184 habe, er wöll im den selbigen
1612 1162 2264 1268 untz das er wider nüchter werd,
1584 1235 2249 1356 bhaltenn, unnd aber hernach
1577 1319 2251 1401 demselbigen nit widerumb über¬
1591 1383 2255 1471 antwurttet, Sunders selbs
1590 1466 1988 1562 behaltenn habe.
1551 1568 2259 1702 Daruff hatt er anzeygt, Es
1584 1660 2240 1754 habe sich eines Müllers Sun,
1587 1730 2236 1817 als er ab einem schiessennt
1569 1789 2256 1911 khommen by der Senssenn¬
1579 1875 2238 1967 brugg inn ein matten ze¬
1603 1944 2241 2043 schlaffen, unnd sin büchsen
1580 2000 2235 2118 nebennt sich inn gelegt, do
1575 2089 2251 2188 syennt iren zwen, Namlich
1560 2157 2259 2278 Niclaus Tachs, unnd sunst
1580 2233 2205 2356 noch ein klein manli hie
1560 2296 2273 2419 disenthalb der Senssenbrugg
1569 2380 2234 2487 uff der Linggen sythen in
1567 2452 2269 2577 einem nüwen hüssle won haft
2311 22 3094 204 vor im in dieselbigen matten
2314 107 3077 283 ganngenn, unnd demselbigenn
2331 168 3102 322 sin büchsen genommen, unnd dar¬
2329 265 3081 407 nach erst inne Liennharten
2312 328 3106 487 gheissenn, denselbigen gann
2311 402 3083 537 erwecken, unnd im anzeygen
2303 471 3107 636 es sye einer da fürganngen
2310 568 3096 687 der habe im die büchsenn
2312 656 3056 768 gnommen, unnd so er inen ein
2306 718 3110 858 masswyn bezalen, wöllenndt
2318 805 3068 923 sy ime anzeygen, wär der¬
2328 883 3079 994 selbig gsin sye, unnd als er
2331 966 3115 1076 zu ime in die matten khommen,
2318 1034 3082 1169 sig im der seckell zu dem
2308 1148 3101 1251 bussen ussgehannget, denselbigen
2316 1197 3134 1358 habe er im wider inn herrn gssossen
2320 1299 3029 1429 unnd damit uff geweckt.
2295 1450 3111 1584 Des Beltzes halbenn, darumb
2322 1547 3090 1638 er anzogenn worden, ob er nit
2317 1628 3084 1714 wüsse wie es ganngen sye, do
2321 1687 3054 1824 einer ein khinden beltzli zu
2315 1769 3064 1899 einem gätter ussziechenn
2321 1847 3165 1995 wöllenn, antwurttet er, habe
2325 1910 3070 2043 nie khein khinden beltz ge¬
2327 2002 3071 2120 nommen, allein sye er uff ein¬
2317 2062 3026 2191 mall für fruttings des
2321 2112 3128 2289 kürseners huss ganngen, da sye
2318 2205 3145 2362 ein Rot beltz brust tuch vornen
2344 2282 3171 2461 uff sinem laden gelegen, dasselbig
2337 2362 3121 2539 habe er angriffen, aber doch nit
2336 2433 3142 2604 der meynung söliches zenemmen
2353 2499 2950 2653 unnd zuueruntrüwenn.
