4032 3024
1750 177 2434 284 Antwurttet sy velti Gee
1768 239 2441 337 wersetig habe sy gelepg
1770 285 2475 417 unnd ein gschrifft vorglysen
1904 375 2466 472 ber sy biß jar, sonld
1787 445 2455 555 nüglich psin ✳ nach gfolget
1867 504 2435 609 unnd nit annderst ver
1771 591 2436 687 meint, dann sy thate der
1796 651 2478 751 acb äber recht unnd wyre
1789 726 2481 841 auch recht daran, derselbg
1787 798 2489 907 vehti derwer habe syauf
1793 866 2481 970 nach obbesttribner sach annde
1795 934 2469 1059 toufft Aber ire shiider sy
1802 1006 2462 1117 eit sunst nüt toufft wordenn
1783 1084 2483 1171 dann mit dem recten heybg
1807 1133 2483 1247 Touff in eren ufar kilchen
1805 1209 2502 1321 zu wyl unnd zwürtsbrunnen
1818 1335 2429 1442 vir lanng aber sy, das sy
1808 1417 2475 1523 Inn Wieli ze dob predig ysin
1808 1479 2459 1590 gibt sy dise antwürt, das
1810 1555 2432 1657 sy seinlichs nit wüsse, noch
1806 1621 2478 1725 anzeygenn sonne ✳ syr ouch
1807 1684 2497 1804 nie zu iren in ir hus khömmen
1795 1771 2494 1869 nnd diemit sich ergebenn
1827 1826 2447 1922 unnd ervottenn wonner
1831 1899 2506 1996 in g ferrn irenn wollend
1818 1954 2512 2078 gnedig syn unnd sy widerumb
1816 2023 2481 2144 denn zu dem iren laßsen, so
1816 2100 2508 2222 wolle sy sich der Töüfferich
1813 2180 2464 2300 sytt abthun unnd genulich
1819 2249 2461 2361 müssen ouch für hin zum
1813 2317 2421 2422 wortt gottes ✳ unnd zuͦ
1815 2367 2513 2501 einer cristenlichenn gmeinde
1819 2460 2510 2574 igen unnd albein dem zugelae
1818 2547 2494 2669 unnd nach zu somen ✳ das sy
2544 153 3314 283 von uch minen y zu gprysen,
2556 217 3324 326 unnd iren dem beuelih geben
2552 305 2715 394 erde
2546 328 3332 472 uffmitwuchen dem 27 tag wprilis
2543 419 3254 535 Dm 1525 jar hatt obgedacht
2541 485 3225 590 Eesy Egli ein glupt gethan
2558 545 3291 666 ib der Touffery hemushien
2558 614 3268 723 unnd fürwerthin wie einer
2525 673 3267 783 frommenfrouwen erpürt zum
2558 731 3333 834 vort Gottes unnd einer eristen
2560 796 3314 883 lichen gmmind jgan, darüber ist
2572 843 3283 960 ledig usglassen worden
2590 921 3226 1069 f zinstag dem d xxri tag
2570 1040 3291 1122 Aprilis dn 15t5 jar versenti
2590 1091 3274 1199 bus h Caspar Kouffmans des
2568 1169 3270 1267 ttate Marin Murners
2583 1207 3223 1329 der Burgerenn Gröry vonn
2580 1303 3314 1412 Ponerstal Großweybels hat
2679 1468 3197 1579 Claubo Malliart
2697 1560 3226 1645 von Fherrare by Lyon
2668 1617 3240 1733 Ein fersthen flechter
2546 1709 3306 1829 zu Marckzili anzeigt, er habe
2582 1786 3325 1906 zu Grünff sy sannt Peter
2589 1858 3294 1958 vi forin verdienurt ✳ unnd
2583 1916 3356 2030 so er nit wäre krannet worden
2575 2008 3310 2113 dann inn die von grunff
2564 2078 3280 2192 inn siner frannckteyt er¬
2588 2156 3319 2277 haltenn, wurde er nit alher
2579 2203 3332 2339 kommen sin, seye ouch erst vor
2574 2277 3364 2404 dryenn wuchenn von Grunff
2607 2369 3395 2501 sopenn unnd sie einem meyster
2598 2439 3366 2565 lichenn unnd werffenn wollen,
