4032 3024
1641 1535 2360 1633 Vff Monntag dem Letstenn
1699 1616 2358 1699 tag jenners im 1575 jar
1718 1665 2359 1773 presentibus Herr Wolffganng
1677 1729 2351 1844 Meyenn des Rhats, Hanns
1710 1821 2352 1924 vogts, unnd Abraham Tillyers
1705 1889 2339 1993 der Burgerenn, Geörg vonn
1692 1946 2344 2080 Römerstal Grossweybels, Hat
1744 2096 2342 2236 Niclaus Liennhart
1784 2183 2335 2321 der Metzger alhie pürtig
1595 2264 2346 2395 Zu Marckzili, über das er sich
1658 2323 2340 2464 nechermals zebedennckenn
1653 2430 2327 2549 gnommen, uß was ursachen unnd
1652 2494 2326 2606 warumb er angfanngen bider¬
1655 2560 2325 2704 benlüthenn by nechtlicher wyss
3178 89 3248 165 21
2430 143 3239 254 ire käller zeoffnen, unnd inen dz
2436 215 3277 311 ir darvss zeentfrömbden, Anzeygt
2436 285 3196 384 wie dz er verschiner jarenn ein
2430 354 3257 460 Lanngwirige Leystung gehept,
2439 423 3277 525 unnd inn derselbigen habe er das
2438 508 3242 587 sin verthann, dann es habe im
2432 573 3182 687 khein württ uff dem Lannd
2428 656 3240 739 meer beyttenn, sunders allwegen
2424 709 3266 841 bezalt sin wöllenn, unnd obschon
2424 799 3174 892 er etwan ein kronen, oder mer
2417 872 3195 976 zusamen gebracht, unnd sölichs
2400 938 3228 1066 inn her zeschickenn gsinnet gsin
2405 1039 3178 1138 sye, habe er doch allwegen dasselbig
2400 1106 3228 1203 den württen geben, unnd sy damit
2406 1173 3197 1298 bezalenn müssenn, darnach als
2423 1248 3180 1368 sin husfrouw zu heinrich zimmer¬
2399 1318 3177 1455 man, der inne ussklagt, khommen
2401 1397 3139 1507 unnd er pättenn, dz er ira all
2400 1465 3131 1590 monat ein kronen, abzenemmen
2406 1555 3138 1656 bewilliget, unnd er inn die
2414 1605 3205 1754 statt widerumb wandlen dörffen,
2407 1688 3158 1837 dz nun by 2 jar sye, unnd gsechen
2408 1757 3142 1890 dz sine khind grossen hunger
2399 1834 3169 1952 unnd mangell lydenn müssenn,
2410 1916 3213 2030 sye er dardurch leyder bewegt
2399 1987 3198 2116 wordenn, mit denen schlüßlen
2393 2045 3136 2197 so by ime funden, den lüthen
2396 2124 3185 2252 by nacht ire käller zeoffnen,
2388 2187 3144 2342 Demnach inen das ir darus
2379 2268 3153 2397 zeentfrömbdenn, unnd so aber
2416 2372 3187 2464 semlichs nit also ussbrochenn
2391 2442 3166 2542 wäre, wurde es villicht (Leyder)
3087 2525 3193 2574 ⁕ aber
2393 2509 3191 2616 meer beschechenn sin, dann es ⁕ be¬
2393 2568 2756 2704 schechenn sye.
