4032 3024
1660 143 2290 252 gewäsenn ✳ be nacht unnd
1653 189 2307 353 nätell uff frver strah a
1660 261 1880 353 fallenn
1895 269 2322 391 unnd inne uber
1717 328 2300 450 topent unnd verbeit
1646 390 2279 509 debennt ✳ soll der
1644 478 2305 572 halbenn anzeigenn unnd der
1656 562 2271 638 grendtliche war gert se¬
1653 612 2309 726 snnen ✳ ob sy bryd sich dese
1646 690 2291 776 t vor im berndt ✳ unnd be¬
1650 746 2278 833 radtstklapet ✳ unnd er toshe
1647 809 2294 927 gdachts zutis fos inn jan
1650 879 2279 998 ffallen ser ouch usz wac
1650 958 2273 1083 ersattenn unnd warumb sy
1662 1034 2011 1143 lichs gethann
1677 1186 2277 1307 f seinlichs fùr taltung
1659 1277 2293 1387 hetter anzeigt, Es habe sich
1688 1360 2272 1435 or acktagenn begebnnn de
1662 1402 2265 1493 er mntobgesagten Hanns
1641 1467 2249 1578 ben gan zochstett min
1647 1543 2286 1621 ganngenn ✳ woll mins daselbst
1663 1610 2282 1690 von f. Heinrich von Erlachs
1671 1679 2276 1762 eixen vorlaßner witwenn
1638 1739 2274 1864 kornnheempfachen an die
1629 1828 2244 1923 sumpfets ✳ so sy aller zur
1622 1888 2276 1991 sonen verhent, da sy aber
1632 1948 2278 2080 dieselbige nit in bochster
1622 2020 2233 2160 fundenn unnd also siich ver¬
1639 2108 2272 2205 rattiget ✳ das sy prstnacht
1629 2162 2247 2266 widerumb aldar uff dem
1638 2239 2273 2366 oldenn konen ✳ so synd
1634 2307 2253 2433 athalter nti iunn mit
1614 2388 2269 2493 einem pos begegert ✳ den
1617 2455 2244 2557 bignnn sage er ein pntt
1611 2511 2279 2639 aben gewinstht unnd dar
1598 2593 2231 2726 angsprochenn, er habe mit
3083 77 3164 156 40
2356 166 3158 286 Imzeerdenn, von weyennet was
2378 227 3153 332 vorttenn, die er Lutz alhie inn
2375 285 3154 390 eines Pfisterb uuß smit halben
2376 367 3072 467 s goshenn ✳ das er inne ge¬
2369 430 3112 543 uediget ✳ unnd uszgan las
2368 501 3106 613 er tabe ine dasgelt ✳ so er
2357 585 3106 671 albiehur senen verlorenn
2360 662 3097 736 vr untruwet fernber
2358 720 3134 830 jabe ur genntzlich in dhumen
2376 797 3073 891 rax pstenndeg sin wollenn
2355 880 3128 980 das er solichs geredt ✳ wolle
2368 949 3083 1060 s ouch nit grndt jan ✳ desz
2350 1042 3083 1122 halbenn habe er inne nt
2367 1084 3102 1197 nyth antastet, sunders die
2374 1170 3096 1273 ach also berouwen lasen
2362 1261 3069 1366 oblenn, sye ouch gennzlich
2364 1326 3057 1430 it gsumet gsin ✳ iueleyds
2359 1394 3079 1516 zuzefügenn, dann er sye schon
2368 1481 3055 1571 syn inn janngen ✳ unnd min
2351 1547 3137 1661 gut nacht gewùnstet ✳ dinselbig
2353 1625 3068 1714 vr tanns sim widernns
2351 1667 3111 1807 jinder sich fromen ✳ unnd vrsagt
2358 1756 3088 1881 r lüt habt soliche wort
2340 1819 3157 1949 ja us gossenn unnd predt ✳ das
2337 1899 3048 2015 dem inne lutz rwypt
2357 1949 3118 2090 in ros umbheschlingen unnd
2352 2013 3056 2166 inen knaben den er hinder
2333 2094 3134 2234 Im shept abzesetzenn unnd zu
2317 2155 3166 2304 Den süni geschlagg ein yf
2340 2220 3124 2387 klichs sabe inne sinn ver
2340 2298 3091 2428 etz ob er aber solichs mit
2336 2373 3153 2508 men dolffen denn er angehent
2330 2411 3133 2573 oder mit dem vogell den er d
2321 2478 3154 2624 sannden pffragenn ✳ gethann
2331 2555 3143 2701 mote vr int wüssenn ✳ danner
2342 2617 3150 2778 gan ✳ wir obgrimbt ✳ fùr gang
