4032 3024
2733 527 2840 604 116.
2189 561 2852 667 Uf sampstag den 5. tag brachmo
2264 622 2850 703 nats diß hinlouffenden 159 s jart
2240 671 2844 760 Ist Niclaus Heini von Wyllen, uß
2250 718 2822 797 der Vogti Friedusperg durch die
2259 771 2865 852 Edlen uesten frauen fürnemmen
2242 822 2858 912 Ersamen vnd wyßen, Herren Herr
2244 865 2842 964 Authoni Amen des paths Hans fu
2245 917 2861 1013 dolff Kürchtolt der Burgeren unnd
2263 977 2848 1059 liclaus von Grafenriedt, Großweibel
2239 1035 2858 1111 zu Martzilli Zur und mit der Marter
2250 1078 2829 1166 gepaminiert vnd den grundt syner
2241 1134 2812 1226 begangnen diebstelen halb hanntz
2217 1185 2826 1288 ernstlich vermant und anzuzegen
2244 1236 2536 1318 befragt worden
2227 1297 2832 1414 Haruff hat Erbekhent, wie das
2234 1379 2769 1454 er dorEtlichen Jaren Rudolff
2252 1430 2793 1508 Veben von Syßelen 15 ordnenn
2244 1477 2806 1551 genommen, die er imme aber hernach
2207 1518 2782 1610 wider ersent unnd imme darumb
2228 1572 2586 1654 unclagbar gemachet.
2205 1638 2813 1753 Item so habe er vor 5 oder 6 jaren
2230 1713 2802 1812 alhie Zum Pfisteren ein Silbermen
2228 1764 2813 1849 Bechen genommen, Wollichen er aber
2233 1824 2682 1912 augentz wider Vmen geben
2196 1902 2750 2003 Mer habeer, vor etwas dits
2218 1975 2806 2053 Aiclaus Graff von Büren zu Ar
2227 2017 2837 2111 berg uß einem stal j satel genommen
2223 2066 2749 2157 der er aber Ime wider geben
2211 2134 2836 2249 Vytter hat er Bektzent wie das
2222 2216 2810 2310 er Cuni Zügli ein boßen gerttel
2224 2258 2480 2357 habe genommen
2239 2367 2803 2469 mnne s habe er ouch bendicht Egsli
2211 2425 2815 2520 vor etlichen jaren ein grabschufflen
2244 2466 2735 2569 so syner magen entfragen
