4032 3024
1461 498 2016 652 suh zinstag den 27. ag brechen
1475 603 2017 704 nath Dist 15 l Jac ist
1471 650 2027 767 Hans Brächbul durch die fra
1447 706 2011 810 fürnemmen ehrsammen und us
1476 754 2030 866 Herren h Hans Wyerman be
1439 807 2025 922 Raths, Vetter Lands der burgern
1473 861 2017 973 vnd Niclaus von Graffenriedt
1489 915 2010 1016 großweibel, In der Manen
1453 967 2003 1078 Keffi, dur Marter von syner
1475 1027 2011 1134 ußgesoner worten wegen, so er
1463 1095 2029 1184 vermeint nun g herren sen
1462 1146 1993 1234 In synem gegn hrn Chunradt
1479 1196 1984 1316 vogt Rechtshandel parthysch
1454 1319 1515 1434 6
1511 1317 2020 1451 daruff er anzeigt er halte nin
1488 1411 2021 1509 g herren nit vartische dann
1511 1474 2021 1572 so mit Inen wolle zufriden sye,
1493 1537 2021 1635 aber mit h Chunradt vogt khem
1506 1599 2028 1689 er nit zufriden syn, uß der ursach
1495 1653 2021 1741 wie das er von des Thänig, hinder
1464 1715 2029 1801 ime verpptnen auts by herrenn
1475 1765 2027 1867 Jacob Vogt in vsfprochen, das
1494 1826 2019 1930 von Ime h Chunradt vogt
1485 1883 2033 1967 Binliff krdnen minder in dicken
1489 1946 2026 2052 darnach ouch achtzechen kronenn
1499 2004 2035 2114 ein von synet wägen geben und
1482 2076 2025 2168 bezalen müßenn, da er inn
1499 2142 2031 2245 aber nüzig zethun und schuldig u
1501 2204 2038 2302 sye, dahar aber Chunradt vogt
1476 2243 2042 2358 vermeint hat, er sye ime ehwas
1485 2312 2043 2417 Busßen ze thun, dannenhar erg
1491 2388 1776 2473 daßselbign abguow,
2548 490 2662 605 166
2073 547 2635 700 Item der Worttenhalb, so er
2054 639 2637 766 Wider h. Venner Sagergereth
2081 705 2663 827 und ußgoßen haben solle, syge ihme
2096 768 2686 884 nit inne wüssen Jedoch so etwas
2098 832 2653 947 geschrechen oder greth were, so so es
2071 884 2652 1018 uit der ursach bschechen, das Bläßi
2072 958 2638 1050 Dürig inn hieuor gemeltem
2076 1022 2610 1126 handel ein sächer vnd sey
2077 1081 2651 1205 Letstlich wider Ine khundtschafft
2060 1155 2352 1248 Redenwellen,
2041 1266 2652 1412 Letstlich hat er anzeigt, er habe
2062 1360 2664 1471 Imr h Chunradt vogt, ouch woll
2051 1427 2670 1542 Inn der venner stuben fürghalten
2058 1493 2650 1596 Er gseche woll aber das er nit vill
2099 1550 2665 1643 haffen wurd, dann er stäts mit
2093 1617 2647 1723 ynen verwantten ✳ und byständen
2074 1677 2328 1780 zustandt habe,
