4032 3024
1518 523 2048 639 ff Mectay den 7. tag jornur
1523 586 2044 687 disse 15 9 2 jaro ist Madler
1501 640 2042 740 Inn gegenwürtig elheit der frommens
1531 695 2051 785 nemmen, ersammen und wißer hern
1514 732 2051 817 sr anthom elmen̄ des ratzs ✳ und me
1522 773 2043 855 vhm Graferdt Großweibs dend
1493 830 1996 906 manen tesfy befragt worden
1526 887 2058 985 Und ist ire fürgehalten Den gred
1536 945 1983 1019 der warheyt anzuzeigen, wie
1976 974 2069 1034 vnnd
1530 989 2051 1061 andere mit Spitalmeyster Burg
1533 1034 1915 1117 husfrouw gehandtlet
1540 1120 2044 1218 uff dat so anzeige Namlich das si
1543 1194 2070 1280 begäben und zugetragen, das sy gen
1545 1241 2024 1319 Buris hnsfrauw in Summer
1545 1290 2053 1369 exittal gewärchet, darnach ouch
1564 1339 2070 1423 mutter alda gespunnen, für die selich
1554 1385 2063 1466 tauwen habe er Buri Jra 1 b
1533 1438 2078 1510 Im galt das überig alles ge ge
1559 1482 2077 1551 gäben und brzalt und allweg einze
1554 1522 1872 1605 brott umb in
1510 1603 2074 1704 Dene deß oethshalb hatt sy angegt
1553 1667 2078 1745 wie das ernempte spittal meister Im
1525 1720 2072 1795 Ersten jar ime apittal khommen
1543 1764 2072 1838 Habe Urjula Gugger fra sölliches
1563 1804 2081 1892 nammen buris zuhanden geschet
1557 1858 1736 1934 vnd gaben
1639 1920 2083 2008 dischmachers halb haff sy anse
1543 1976 2081 2053 wir das niemallen dheinen the stit
1559 2016 2087 2098 Guris huß gewärchet suhdes
1566 2063 2080 2150 alles ussenthalb dem huß mechen
1551 2124 1695 2199 laßen
1517 2181 2092 2269 Item so hatt sy wither gekhandt, das
1572 2236 2077 2313 gemeltem Buri jerlichen acht ofu
1548 2274 2081 2363 zins von dem Undern stübli Beet
1526 2345 1936 2426 und ußrichten müße
2578 466 2686 552 143.
2087 517 2687 644 Cetstlich hat sy bekhendt wie woll
2122 594 2697 672 war das fra gemelts Buris zusprau
2140 636 2705 720 azeigt, sy habe gar schön duch im spirtel
2130 680 2671 759 machen laßen und sölliches nach weren
2109 722 2680 822 Iun ir huß falttet, withert sie fra
2127 776 2287 844 nit bewüst
2136 849 2693 953 uff vorgemeltem jer und tag ist auch
2131 919 2706 990 das Feller meitli genempt Anna Klater
2139 963 2715 1043 der stat Zürich pürtig durch hieuor
2131 1010 2658 1097 gemelte Herren, Inn der Instl
2108 1060 2408 1144 gefragt worden.
2103 1141 2716 1236 hatt anzeigt, wie das der spittalnschryber
2116 1219 2694 1299 zu der Spittalmeistere grots, sy muße
2094 1261 2672 1332 Ir werchluth nit aber nutnen mit
2121 1302 2678 1379 gält bezallen sunders ouch mit brott
2108 1350 2669 1421 vnd anderem wie auch ander spittal
2133 1393 2472 1476 meister gethan habe,
2104 1480 2658 1567 hatt auch anzeigt, wie das gemelte
2109 1531 2673 1615 Burrs Zusfrouw allein syn vatters
2126 1585 2463 1668 selligen schwöster sye
2094 1659 2670 1772 Ist auch nie wythes bekhandtlich
