4032 3024
1506 492 2029 675 Hf Mitruchen den 12. aag
1497 603 2038 718 apprellen, diß 15 9 2 ar
1483 658 2040 769 Ist Hans Bachs Jacob Will
1511 718 2035 840 eggen und Petter Diegrich
1494 773 2046 887 zu Marzilli der spänigenn
1504 835 2037 930 101. kronen minder ein
1505 893 2036 1009 halben guldis, wegen, gegen
1513 956 2029 1073 ein andren verhört worden
1538 1057 2044 1195 aruff Hans Dachß anzeiste
1508 1160 2049 1260 habe die thenigen p0i ordnen
1525 1220 2051 1315 munder j guldis, vetter Dietir
1543 1283 2041 1384 elligen gegen Jacob Willenegger
1501 1345 1996 1449 inzezüchen nie ubergeben.
1531 1450 2055 1552 Wytter hat er dachs anzeigt wie
1525 1523 2060 1611 das er vetter Diettrich synem
1542 1583 2058 1671 schwager selligen ein Zedel gben
1526 1624 2073 1730 von Jaggi Willenegger, ein bunt
1532 1695 2052 1803 gelts inzezüchen, darumb er
1514 1758 2057 1868 glich darnach vernügt und behalt
1500 1826 2063 1915 worden, derhalben, der vernelen
1548 1887 2052 1988 Zedel vor langist gerantzeliert
1531 1948 2055 2028 hette söllen werden, so weie
1515 1998 2066 2094 villiche nit so großen costen uff
1541 2050 2052 2149 geloffen, des er Diebtrich sllig
1544 2107 2066 2201 ein ursach ist, warumb er de
1546 2170 2069 2266 aber syner schwester und schwöster
1538 2225 2070 2307 Sun etliche mal vor rath unn
1526 2266 2062 2375 gricht zugestanden, sye das habe
1576 2318 2077 2428 s der ursach gethan, das sy ly den
1544 2371 2079 2492 spruch so nun g herren gent
2556 500 2675 590 155.
2080 549 2686 663 gehand habend werden, dann der
2080 600 2685 744 selbig vermüge Liewyl vil rostenn
2086 670 2675 813 off gelauff sye. Das er indrtrich
2081 733 2664 865 Ime Willengger den halbigen
2098 803 2657 923 theile der pvi konen, wider
2068 861 2369 974 kligen sölle etc.
2073 974 2642 1118 Jaggi Willenrgger zeigt ouch an
2076 1054 2670 1189 wie war sye, das Hnnns dachs
2093 1128 2663 1225 Stag gertt er habe synem schwagte
2089 1178 2669 1289 Petter Dienerich sellig die 2v.
2083 1238 2663 1342 fronen, minder 1 gulds nie über
2091 1299 2621 1429 geben, von Ime Willenegger
2069 1369 2338 1469 ingezuchen
2073 1495 2704 1627 Eetstlichen zeigt Vetter Drettrich
2106 1570 2684 1667 an wie er des mit vermöge daun
2100 1638 2652 1745 so darumb mit gewust habe
2098 1708 2687 1806 ob der ihenig zedel gut oder nit
2101 1760 2682 1866 sige Fewe ob die Spänigenn
2101 1825 2695 1933 pvi Rtonen, minder j. Guldis
2111 1895 2705 1998 zwey mals behalt syge gesyn oder nit
2095 1956 2689 2067 dem er sy gar nüt empfangen
2104 2015 2237 2111 habe c.
2109 2100 2715 2232 acob Willenegger und Petter drof¬
2112 2192 2677 2286 sich bätten ych nun g herren
2103 2245 2663 2345 vmb verziechung vnd das ir
2105 2312 2693 2411 ein g g ime dachßenn
2093 2362 2602 2482 das best thun wellenn
