4032 3024
1360 562 1454 674 her
1503 532 2023 656 ff fryttag dem 28. tag a
1476 617 2024 711 en diß gegenwürtigen 1 5 gbr
1457 674 2024 772 Jars, ist Hans Jacob Wider yn
1452 733 2023 824 von Fulender Zürich gepietts, dur
1483 786 2036 889 die frommen fürnemmen und
1461 847 2030 961 Wysen herren h Hans Rudofff
1478 914 2033 1008 Berchtoldt des Raths h. Niebars
1496 973 2044 1068 von Graffenriedes, Großweige
1453 1038 2037 1144 Inn der manen besy syner ge
1519 1096 2046 1202 machten schulden halben, befragt
1478 1161 2041 1263 worden, wein er schuldig vnnd
1496 1221 1900 1326 wir er sy gemachet .
1451 1354 2048 1478 Erstlichen zeigt er an, wie das
1502 1432 2061 1531 IrHans Jacob Steinnegger der
1550 1486 2072 1575 zumacher under etlichen malenn
1525 1540 2057 1642 gelt fürgestreckt vnd gelychen, das
1508 1598 2067 1698 dan thur 8i lb v ß um
1476 1688 2077 1794 Denne habe Er ime ein lede
1517 1747 2071 1864 göller, vmb ei kronen verkhaufft
1495 1832 2070 1947 Demnach ist er J Ludwig vn
1476 1899 2080 2005 Erlachs jungfrouwen un frdnen
1558 1945 2082 2055 schuldig, so aber gemelter Steings
1558 2008 2082 2122 sölliches versprochen für inne zu
1543 2089 1717 2180 palleno
1500 2157 2078 2291 Item so sye er ime umb schu son
1498 2223 2058 2353 Ime gemacht und gebeseret
1568 2315 1707 2408 chuldig,
2536 483 2645 575 159.
2048 518 2656 666 Mer Ime vmb ein alle Barreth
2093 597 2583 706 oer ime verkhoufft schuldig.
2514 679 2693 770 lb
2073 753 2638 874 Item so habe hieuor gemelter
2088 839 2637 926 Stennegger Ime ein Iwer mit
2096 886 2679 999 itber beschlagen vmb p7 lb vekhonfft
2087 939 2681 1040 das er aber vermeint nit mer dann
2100 1003 2368 1097 1 lb wärt syn,
2106 1065 2625 1180 sölliches sye er ime Steinegger
2116 1137 2530 1240 chuldig aber nit wythers
2085 1231 2662 1344 Hans Knopfenn dem schärer vr
2110 1313 2641 1399 er vmb ein Pott Bar hoßen, vnd
2102 1368 2639 1464 ein gott dafetin wansock, sampt
2112 1427 2638 1526 einem manttel pp b schuldig
2125 1484 2457 1577 oer Ime abkhonfft
2101 1563 2695 1692 Item so ist er Hans von Danhusen
2119 1645 2670 1734 dem krämmer umb e barhoßenn
2123 1698 2692 1799 so er von ime khoufft p7 b schuldig
2142 1783 2651 1878 denne einem krämer uß dem
2120 1859 2684 1940 amenthal, ist er umb ormensyn
2118 1907 2705 2004 und sunst, so er ihme abkhönfft ud abe der
2138 1962 2242 2049 shuldig
2171 2011 2709 2143 Pettermans von Wattenwyls
2103 2051 2175 2137 E.
2115 2099 2678 2216 gmogfrouwen före 1 b schuldig
2149 2164 2708 2264 s ime gelychen, dargegen er aber
2172 2231 2716 2331 von Eelicher sachen wegen gearge,
2133 2309 2244 2382 net
