4032 3024
1494 603 2024 723 Mer hat es bekhennt, wir die
1507 680 2011 796 ein Glaßer gescheln uf dem
1453 737 1984 867 Sibenthall Irer die Ehe¬
1481 807 1962 911 versprochen vnd Irer ein
1484 876 1946 983 kleynen gulden eig
1480 936 1946 1053 uf ehe siben sya ouch
1486 1025 1762 1131 geschwacht
1428 1180 2038 1287 Eestlichen hat es anzeigt, wie
1484 1248 2020 1345 das es vorschines Dienzag
1509 1308 2021 1412 znacht Den 15. di nouenb
1455 1373 2030 1472 In h machis haffner
1509 1425 2009 1533 Stalden mit ihm haffnors
1512 1503 2006 1591 knecht vnd einem petten
1505 1559 2017 1657 genampt sim glas malle
1510 1601 2021 1706 gestelln sanpt seinem gold
1526 1667 2000 1781 schmid geftelen wra syn
1500 1734 1997 1839 namen nit bekhandt
1453 1796 1995 1925 Ein schlaff drunck ge¬
1511 1882 1991 1985 than, da sye aber nüt
1489 1937 2032 2041 wytters noch bos vrgan
1437 2054 1971 2172 Ist mit dem bid für
1505 2113 2000 2220 burgren il verwißen
1518 2169 1813 2293 worden.
2511 559 2625 646 140
2069 587 2650 715 di donstag den 5. tag christ
2092 668 2661 761 wnets dß 158 s hatt ist
2066 717 2649 815 Ingägenwurtigkleyt, der fromen
2071 768 2674 858 iinnemmen ersamen und wysenn
2070 817 2642 923 Heren sr petter. dal die deß raths
2080 868 2647 967 Eudwig Zechender der Burgerenn
2057 914 2657 1036 und Nulans von Grafenredt, groß
2055 971 2183 1057 weibel.
2053 1072 2663 1177 Ist Andrs fletsther von Dürenkhot
2062 1136 2644 1223 fürgehalten von eins jungen Meitlis
2058 1192 2627 1279 wägen, so er dweltiget und geschändt
2072 1242 2622 1332 habensölt, deß halben, ist er ganz
2058 1297 2633 1380 ernstlichen zu Marzilli der grunt
2073 1352 2584 1427 der warheit, dur und mit der
2061 1401 2526 1484 Marten befragt worden.
2057 1459 2648 1556 deß des er Hheins wägt gloubenn
2083 1532 2649 1609 noch bekehandtlich syn wollen, sunders
2076 1574 2696 1673 anzeigt, wie daser verschinen herpsts
2089 1630 2667 1713 inem meister Buben zogen habe
2061 1679 2636 1755 So sy gemelts meitli ouch do
2074 1727 2651 1800 sin und drü kleine Rüdli ußge
2075 1774 2686 1856 läßen, da habe er andres fletscher
2067 1819 2688 1907 vilgemelts meitli gefragt, was es
2074 1869 2651 1959 mit thun welle, do habe es greth
2071 1916 2660 2002 mit guust voruween gnaden ze
2074 1968 2674 2055 melden) Es sye sys ägeli und
2077 2012 2672 2094 do die buben zu hutt gestoßenn
2049 2063 2639 2149 Etwas zits nach demselbigen da
2077 2114 2645 2187 habe er synem meister eläset, da
2078 2159 2656 2233 syie gedachts Meitl, vnd sunst eins
2076 2197 2672 2285 kleinsmeitli, da rede das hieuor
2077 2255 2648 2345 anzogen, ob es syner rüben brucht
2072 2289 2683 2386 habe, damn es syner schon brucht heig,
2077 2356 2649 2446 dnesyne vß söllichen Vrsachenn
2059 2388 2650 2491 uemeind er fletscher, das siy sölliches
2065 2461 2465 2553 Meitli sgeschänt habe
