4032 3024
1449 556 2086 705 Zum anderen so ist obgesagten
1498 640 2081 758 fuchs ouch brfchandtlich wrd
1526 696 2091 818 wir das Hans Wröller im heß
1474 749 1981 825 Imme hr. Predicanten zi
1983 777 2028 831 k
1941 798 2075 860 h
1422 802 2053 897 mit gunzeekaufft umb vn bnd vin
1424 854 2012 954 zimeldezn Barem gelt, derheyßen
1999 869 2068 971 d
1557 903 2069 1006 entlenen, da imme hr. predier
1526 958 2083 1062 von selbigen gelt nit ner worden
1544 1006 2082 1106 Dann e b zu dem so haben
1530 1061 2088 1167 Euchs die gemelte khu verki
1507 1110 2083 1226 Und das gelt in syn nun verne
1520 1201 2082 1323 Zum dritten ist er auch bekend
1513 1292 2096 1383 worden, das er ud b zu Bugkt
1518 1343 2078 1432 Inzogen inn nammen nuthan
1579 1399 2079 1479 Willisowinen die imme l
1575 1440 2081 1529 predicanten ouch gehat, daruon
1575 1495 2081 1589 aber inner zu ouch nüt worden
1597 1581 2091 1701 zum dienten ist er auch bkent
1533 1668 2063 1737 worden, das er von gemelter
1524 1713 2085 1795 frouwen, innamen vermelts
1563 1766 2079 1860 herren predicanten in 2 jn
1546 1818 2080 1920 zogen snnd in syner uug g
1569 1889 1721 1962 pracht
1524 1955 2073 2062 Dem kunfften ist er ouch B
1521 2029 2076 2126 Khandtlich, das er in vermet
1571 2086 2080 2166 Herren predicanzen nammen vn
1572 2135 2068 2218 wirt zum hertzen alhiepu¬
1525 2178 2069 2274 ingezogen und in synen de
1496 2239 1752 2326 vrrwende
1554 2317 2084 2432 Zum sechsten hatter bekhend
1497 2391 2086 2484 wie das er ouch inn vorgesazt
1555 2445 2066 2537 herr Predicanten wannen un
1549 2502 2077 2581 Gillian Herman dem schu
1733 2559 1773 2587 4
1556 2553 2077 2644 alhie in b ingzogen, pprofi
1558 2606 2065 2689 söllichs buch in synen auch gew
1556 2655 1787 2746 und verthann
2581 556 2681 623 731.
2137 598 2742 716 Zum Eibenden hat er verzächen
2118 663 2767 769 bltie das er von 7. Bauidt Escharer
2133 714 2766 811 dem jungen innammen offtgemeles
2150 772 2753 869 t prdianren v lb empfangenn
2131 819 2730 906 Imme gedr aber sellige nit oberant,
2108 862 2765 969 wortet, sunders ouch inn synen nug
2145 919 2452 1015 gewendt worden
2122 997 2750 1128 Zum Achtisten ist er bekhandtlich
2112 1078 2732 1179 worden, daß er im l von Vetter
2131 1133 2697 1242 feren im forst, innammen ho
2154 1188 2717 1284 predicanten von Cappellenn
2112 1254 2723 1342 imme aber sölliches bewilliget inzu
2119 1307 2714 1405 Zrchen) insynen nun gewende
2112 1411 2689 1513 Wyther hat offtgemelter Marti
2118 1480 2687 1575 Fuchs Beklende, wie das ert
2129 1545 2744 1634 sin. 3. Innammen offtgedachts r¬
2144 1595 2706 1677 predicanten inzogen, vnd vonn
2130 1641 2729 1734 eins bätthtswägen zwo thut 5 lb.
2130 1700 2712 1792 und alles in synen nitz geprucht
2108 1806 2722 1921 Eetstlichen ist er ouch bekhandt
2120 1889 2694 1975 lich worden, das offgedachter
2116 1934 2705 2033 herr vrdicant ime etlichsgelt
2136 1990 2715 2075 geben, deß er melter Marti fuchs
2124 2044 2711 2132 aber vermeint es sölle imb an syn
2125 2094 2727 2185 Uny und arbeit abgen unnd für
2126 2139 2656 2234 das selbig gerechenet werden.
2110 2222 2718 2359 bntlichen ist imme auch fürgehalten
2122 2317 2745 2398 worden wie das er mit Etlichen luth¬
2117 2361 2740 2450 en alhie gehandtet habe, alls mit schryben
2124 2398 2690 2500 Jagenberg, albrecht von Geyerts
2120 2460 2743 2549 vnd andern mer, hatt haruff anzigt
2107 2507 2736 2588 und verziehen, wie das er mitthein¬
2121 2554 2729 2654 ein mie dheins boßes gehandlet
2121 2595 2738 2708 habe, sunders alles Eher Erbs vnnd
2104 2647 2257 2736 gues.
