4032 3024
1607 500 2159 617 Uff sampstag den 6. d here
1608 575 2168 677 Des 1191 jars ist gund
1627 618 2169 722 Andres dem Schryber den
1610 691 2154 803 lid geben worden von wegn
1650 757 2161 841 das der zwen Eiden vbr¬
1638 796 2169 904 sechen hat der Ein von sind
1643 869 2177 973 Thurish der ander von Hein
1612 934 2119 1025 Wyldts dochter die denn
1642 990 2158 1098 bracher hat gehan. Da sol
1631 1054 2169 1158 er  jar lang leysen.
2776 510 2824 568 18
