4032 3024
1558 588 2094 715 uff Donstag den 5. tag au
1566 661 2098 768 monats, diß gegenwertigen 119
1556 714 2097 822 Jars Ist Warti Fuchs duch
1568 764 2085 860 die frommen fernemmen br
1575 817 2091 913 sammen wyßen herren z Viner
1572 875 2084 965 Huber des raths und Jörgli
1572 927 2084 1014 piat der Burgeren, Nielaus V
1589 974 2099 1069 Grafenriede Großweibel zu
1572 1029 2092 1115 Marzilli one vnd mit der l¬
1582 1074 2095 1180 er syner begangner betrogenteit
1583 1134 2094 1220 Do er mit etlichen nachgenam
1591 1195 2096 1288 e personen, begangen und urbe
1596 1245 1670 1320 hat.
1567 1317 2093 1433 Haruff Hat er anzeigt und be
1592 1403 2099 1480 wie das der predrant von froun
1592 1452 2099 1516 en Cappellen ine offt unnd
1594 1495 2080 1577 mengsmaln beuolchen habe,
1600 1548 2096 1632 selt inzezüchen, ouch impv
1603 1595 2097 1687 malen gelichen, das ungenache
1584 1646 2103 1730 allessamenthafft so er Ime hi
1600 1705 2086 1787 halten by fünff und sechzig
1593 1750 2101 1832 kronen gebracht, demnacha
1573 1803 2108 1882 imme von synes gegen ime g
1587 1854 2097 1936 predranten any und arbe
1586 1897 2098 1985 noch khein ersagung, derhalte
1572 1948 2092 2030 er in sölcher meinung obe
1593 1995 2110 2077 dachtesumma abgezogen und
1578 2043 2100 2132 dardurch brzale werdenß
1541 2150 2105 2256 Wither so ist imme fürgehabetn
1554 2216 2105 2310 von albrächt von Glyertz wegen
1590 2265 2099 2365 syner gegbegangensschafft se
1572 2317 2095 2423 gegen ime gehalten habe, da
1589 2366 2096 2467 er bekhent wie das er zun
1585 2437 2101 2523 et was geles ufbrechen sölte.
1577 2477 2102 2575 söllicher summ, ime achtzch
1571 2542 2067 2630 kronen hinder halten habe.
2599 543 2698 610 132
2114 597 2776 702 Mehr ist im aber fürgehalten worden
2149 669 2746 756 anträffend und von wegen, Hans
2121 725 2737 812 Rudolff Hagenbergs deß schrybers
2156 773 2725 880 oer innnammen synen etliches gelt
2125 831 2730 927 ebr�chen und entleüt habe, der
2130 891 2760 983 Ime vndermehrmalen, vnd er Ime
2148 937 2775 1029 gelichen hat uff die fünfftzigkonnen
2136 994 2745 1087 hinderhalten, und noch uncagbar
2136 1052 2306 1138 gemachet
2120 1145 2721 1258 Item so hater Bekhent, wie das
2147 1229 2739 1311 so vor etlichen jaren Hans Schär
2119 1280 2741 1364 jeziger zyt wirt zum bären alhie
2131 1329 2754 1412 innammen und uß henelch Terdnnas
2136 1384 2746 1468 Thalspärgers ingenommen und emp
2149 1440 2725 1517 fangen habe, Minthalbe kehnen
2143 1483 2668 1557 daruon erfange ein kheit von
2141 1534 2761 1623 Hügregnnüy und arbeyt versprochen
2143 1585 2760 1673 vnd darumb ich than, die Obgemelte
2149 1636 2706 1725 sum hinder imme behalten habe,
2308 1727 2434 1786 er kon
2140 1739 2699 1836 Denne hat eier vetter Züricher
2149 1805 2737 1882 mit gunst zemelden) Ein stierli
2136 1846 2756 1927 umb syben frdnen könfflich hingeben
2138 1901 2691 1987 darumb ich june noch unclagbar
2144 1961 2395 2033 gemachet hab
2121 2037 2728 2139 Istem so hab ich vor fünff jaren
2125 2112 2698 2203 Niclaus Stryt (wilt gunst vor
2132 2149 2733 2256 Vweren gnaden Zemelden, Ein Roß
2136 2215 2710 2299 umb sechs kronen abkaufft, deß
2133 2261 2723 2353 Er ine aber darumb nit vernügt,
2158 2466 2703 2556 Bitter Hiemit euch nun
2220 2522 2751 2610 gnedig Herren, vmb gnädigeliche
2224 2579 2502 2663 verzichung etc.
