4032 3024
1454 518 2028 677 Dene so habe er ouch zufuten
1495 610 2020 738 verschiner ußtagen vnder weyen
1514 678 1962 783 malen in Hembde genomen,
1958 713 2000 773 y
1501 726 2016 857 verkhaufft das dit an synete
1495 800 1784 897 lyb verschlißen
1480 881 2037 1036 Aber hat er anzeigt, wie das er aus
1510 976 2022 1079 vor etlichen wuchen, einem Im
1513 1038 2002 1149 Adelboden vß einem Wansel
1549 1093 1771 1182 E. genomen,
1483 1170 2031 1282 Wytter hat er Bekhende wiede
1524 1245 2017 1356 er auch verschiner ußtag Hans Ps
1531 1318 2031 1405 enampt ein wellig wamsl
1549 1372 2030 1486 stolen vnd das zu Wallis su
1516 1439 1813 1546 behalten gebenn
1486 1537 2041 1653 Ater hat er verzächen wie dase
1520 1622 2023 1721 villgan Zuricher dem schryber
1503 1686 2020 1781 zu frutigen uß einem feller in
1520 1739 1983 1845 Deßen genomen, daruon i
1512 1804 2041 1906 Clani Fra dem Bulffernach
1516 1857 2033 1964 zu frutung umb 7 franckriche
1523 1920 2031 2023 Dickpf. Eerkaufft, vnd der
1512 1991 1979 2092 driten halb verbrucht
1458 2075 2042 2213 Lerstlich hat er bekhende wie
1525 2161 2031 2255 das er vnd mit Holff Jage
1504 2214 2014 2310 Annan von Sanen vor den
1524 2269 2028 2373 oder vier wuch zu Marthan
1516 2322 2044 2422 uß einer weid ein poss entfurh
1513 2388 2026 2477 und das zuälen einem schmid
1524 2419 2047 2532 umb und Wältsch kronen veshauff
1527 2492 2049 2586 und uß dem erlösfen gelt ein
1494 2528 2044 2638 jeder zu Viffißh ein schwert erhliht
1389 2596 2031 2679 Ist vorgemelter gat Goller uff
1389 2637 2031 2726 geiei urfech uf donstag den 22.
1382 2665 2053 2778 Brachet des 1t 92 gars ußgelaß
2540 489 2661 572 164.
2136 560 2676 685 uff tag vnd jar als vrstadte
2104 639 2642 728 Ist Jacob Annan von Sanen
2109 697 2644 789 pürtig, ouch zu Marzilli durch
2094 756 2631 868 vorgemelte e gantz ernstlich
2107 811 2640 911 syner begangner diebstälen unnd
2107 870 2616 985 mußhandlung wegen befragt
2107 946 2252 1019 worden.
2075 1008 2648 1142 Erstlichen hat er Bekhent wie
2099 1120 2626 1203 das ungenarlich vor einem jar
2110 1169 2612 1266 inem vatter 1 Eeßli und in
2106 1223 2613 1336 Feider Entfrömbdet habe,
2080 1331 2619 1417 Mer hat er bekhent, wie das
2100 1388 2632 1488 er ouch vor eine Jar by einem zu
2095 1443 2612 1537 Hasli gedienet, dem habe er
2092 1499 2615 1600 ein Lawe Segeßen genomen
2078 1587 2642 1705 Witer hatt er Bekhendt wie das
2089 1677 2657 1772 vor gemelt Bath Boller zu Mart
2102 1733 2614 1833 benach uß einer weid ein roß
2089 1795 2632 1895 entfürten, daßelbig haben sy zu
2093 1855 2659 1955 alen, vmb vd weltsch konen ver¬
2085 1919 2620 2004 khoufft und uß dem erlösten geht
2095 1975 2665 2084 zu Viffiß ein Jeder Ein schwart
2099 2049 2341 2159 erkhaufft.
