4032 3024
1588 566 2093 698 Aber hat sy bekhent wie Hans
1569 652 2087 735 Banener Er Ehman, vor einem
1590 699 2107 798 Uli Fisther uf Echorren ein Pide
1619 749 2111 853 goit verunthrüwet, welcher
1614 793 2078 900 alhie inn der stat verkaufft,
1567 873 2111 1010 Weo hat sy anzeigt, wie ouch i
1612 942 2107 1046 man versthines winter Hans
1607 996 2094 1086 Ieinchuß in fryburg gepiet
1598 1058 2091 1148 Imppen enthragen, wolliche
1605 1103 2099 1216 mit einanderen frhrer hus.
1616 1158 1907 1247 haltung genoßen,
1600 1243 2094 1354 Item so habeer vor etwas zyts
1588 1309 2099 1417 zu Niderwangen y Hünes
1588 1367 1770 1449 gestollen,
1566 1449 2095 1567 Aber habe Ir Vilgedachter Eheman
1598 1533 2090 1613 einem andeman den frammen
1577 1581 2101 1667 Büren genampt ein maß gesotnen
1595 1625 2096 1718 ancket genommen, welicher sy auf
1582 1674 2094 1779 Inn fres hußhaltung verbruchen
1576 1754 2090 1883 Aber hat sy bekhent, wie das ihr
1577 1838 2085 1921 man derschinen winter, einem
1581 1884 2086 1975 schumacher alhie in Barschu
1578 1942 2089 2030 entfrömbdet, daruo fraeins d
1564 1992 2088 2090 Fra kinden die andere zweyw
1534 2074 2092 2176 Item so habe ouch er vil gediche
1562 2145 2077 2227 ehemen verschines ußzue, zu
1560 2197 2073 2295 Fybegs huß 15 hußkasflin
1526 2246 2080 2338 gestolen, weliche sy ouch in jre
1537 2289 2081 2382 ußhaltung mit einanderen s
1547 2350 1678 2421 brucht
1522 2390 2071 2511 Mer hat sy bekhent, wie das r
1560 2483 2068 2559 man vor etwas zies zu nider
1551 2525 2067 2589 wangen by einem brunnen eit
1552 2571 2074 2658 lachen und ein böße fäder rittet
1555 2620 1666 2693 nammen.
2681 560 2787 638 122
2182 584 2785 704 Aber habet ir man Peter Span
2196 666 2786 783 zu Liebenwyl vor etlichen tage
2185 726 2742 827 vier strangen garn entfrandet,
2158 843 2770 945 Letstlich hat sy bekhent, wie das
2193 906 2776 1006 syl Leider, uß großem widermut,
2181 952 2799 1083 petter dietrch getröüwt habe, sy wolle
2168 1005 2772 1124 imme syn huß anzingen, des sy aber
2197 1067 2520 1171 nit gesumnet syge
