3024 4032
651 404 709 500 2.
679 2211 731 2283 4.
768 318 1955 471 Elsbet Küchler halben über einer E. v. b. von Jerneren bracht, noch
788 384 2005 551 neben abent den hr. landtvogt uff 9. hl Hanen beschriben, dem hr. land
789 491 1952 627 vogts trachselwald, der Heinen hermats halben beßere luterung gegeben
792 562 1891 692 und auch zum halten allso sy dienet, nach pforschen zu was zyt sy
786 646 1876 782 daselbst ußem dienst kommen und wo sy dißmalen syn möchte.
784 719 1951 844 NB. Der hr. landtvogt von Trachselwald gibt bricht, daß sy ein gyglinen syn
789 798 1015 903 sölle. Und 46.
781 945 1967 1117 Magdlen wolf erklagt sich ab demnes Berner nem abgescheiden
793 1073 1904 1165 nen und auch ab Abratiam pryma dem Nagler und synem
796 1168 1949 1269 wyb, grober scheltworten und noch darzu ab imme Berner der nit
790 1243 1926 1360 wider erstattung des zubracht gutlins, der Reparaton und
799 1317 1966 1444 ersagung begerende, wort und wort sind zwischen inen allersyts
799 1408 1973 1522 bernachteil habender eheren ehgehept, der klegerin und auch dem
1533 1505 1577 1538 orden
811 1507 1962 1606 beclagten ehevolk jedersyts 1 lb uferlegt umb daß ein diser h. zyt
817 1590 1915 1683 sy ein ergerliches gefacht mit ea angefangen und die abgescheidnen
815 1653 1962 1772 beide gewisen sich durch mittal guter fründen zu verglychen, und wyl er
824 1727 1922 1856 den vorweitel noch armenglosen schuldig, sol er (namlich Berner
814 1827 1940 1955 biß montag abschaffen, wo nit demmalen wider sie erschynen und mit
813 1914 1358 2019 gst und bezalung gehalten worden.
811 2195 1972 2344 Anthoni wolt v. tun, so underschidenliche klagten ab michel im Hof
832 2272 1997 2423 dem weibel zu Stäcisburg anzubringen der meint, der access abgeschlagen
840 2356 1975 2501 und ergerisen worden, sich umb sach die da vorgrichtlich bim h. predi
840 2429 1914 2549 lanten von Stafisburg angmelden, damit er mehren, wann er es der
842 2510 1828 2629 wichtigkeit syn uneine, der sach bschaffenheit berichten könne.
2061 739 2129 861 6.
2083 1292 2129 1391 7.
2084 2234 2137 2337 8.
2108 362 2175 457 5.
2290 335 3512 479 H. Geörg Kilchberger der Predig Binglen, vmb dermaliger erörterung
2311 444 3109 577 willen syner sach uff den 9. ap hiehar citieren
2296 715 3520 842 H Jacob Schwygers halben, so einem gwüßen meiger 20 l. gelichen.
2314 811 3517 937 mit dem vorbehalt, daß von jedem rind, so er vor wider erstattung
2305 901 3521 1034 deß gelts megen werde, er nie einen guten riemen geben sölle, sol
2313 1002 3305 1134 h Fischer eigentlich nachforschen war der merger seye.
2287 1263 3521 1414 von H. Hans Jacob dem preditanten zu Siseten ist anzogen worden.
2317 1376 3497 1507 daß er in verdacht seye einer unehrlichen dochter, die ien ein gutt
2307 1474 3490 1616 zu Burge, by einer gwüßen wittfrauwen Buler gut gewonet,
2321 1555 3460 1684 vatter zu syn. Cog dem h. sichs und der l. zu Burgdort
2319 1626 3517 1764 zubefelchen die bemelte gutterin für sich forderen und mit ernst
2337 1723 3500 1853 zu befragen, war na die dochter verdieget habe, vnd wo sy hin
2340 1825 3443 1950 kommen seye, und mehren dies bscheidts zubericht, damit
2326 1911 3482 2015 man sich ferners wüste fallen, den 16. 41 uff yngelangte antwort an
2339 1975 3480 2079 vogt von Nydren zu schryben erkent worden, daß darin greit den schumacher von
2340 2028 3466 2131 Walpers wyl er uff frytag den 20. jung hargehalten sölle, von man vernemmen
2345 2085 2970 2179 dar imme, das kind werding befelchen habe.
2309 2142 3463 2279 h. Samuel Greber vnd Samuel Kummel als fehr¬
2327 2252 3049 2398 läßige kilchganger, har bescheiden.
