3024 4032
2526 316 3268 468 frytags den 30. martii 1649.
2282 416 2578 554 S. mortet
2276 525 3033 694 H Decan Ferner H. Ascheer
2273 662 3016 775 N. aucher hiecker, perset
2317 840 3473 953 Elebet Hyselman hatt er, das auch Hans Kröneris
2311 946 3521 1025 Stiefvatter sich alhie yngestelt und etwas schrifftlicher kundt
2308 1021 3469 1132 schafft wider sy mitbracht, bekent, von imme gredt haben
2311 1079 3521 1191 daß er nur einen habe wie ein fenster negelin, daß
2308 1158 3527 1280 aber sy auch von syner kriegspflicht gwüßt habe, seye
2305 1255 3494 1369 gar nit, dann er der Stiefvatter selbs, habe es na
2308 1364 3488 1450 uff befragen verlaugnet, und ist styff daruff be¬
2303 1421 3508 1553 heuet, daß das kind ime Kröm zugehore, als der by
2323 1507 3494 1620 am oster abend beschlaffen, und wyl aber sy eine
2295 1594 3484 1727 hingegen auch glychsam der impeter vorschrawen vnd er
2317 1683 3488 1818 selbs nit verhanden sich über ein anclag zuverantworten
2302 1760 3452 1879 Ist imme das kind weder in noch abgesprochen,
2317 1839 3495 1959 sonders sy zur gedult biß nach syner wider heimkonfft
2320 1922 3506 2040 gewisen, Rußer, vmb daß er sich der sach vil angeben
2322 2014 3497 2146 Vnd die Instrenge proder Bursachet, alhie für si
2331 2094 3480 2219 abzuschaffen ime syn recomen jedoch gegen synem stief
2331 2189 3484 2328 son vorbehalten ufellt, sy umb dem dorten fäler in
2319 2283 3498 2375 veleiden erkent, der er vogt deßen berichtet, vnd mi
2329 2355 3478 2461 besolchen worden, auch den Knecht an liederholen der sich ins
2344 2440 3363 2547 eratt gang im straff auch Einol. 4 lb
