4032 3024
1356 524 1954 687 wöllte imme an einen sienge
1367 611 1941 720 Jonner unnd fründ Hanns W
1349 658 1898 786 von Grolley ein Grieff
1344 713 1969 835 des Inhallts, wie das er mitt
1355 775 1960 912 imme umb das iheng, so ee
1368 827 1954 975 Nünchen wyler feyl gotten e
1349 896 1964 1011 maln reder ghalten. De wäre er
1352 946 1972 1071 idthar den willen khommen und
1340 1005 1971 1137 woller den 11 unnd in
1347 1077 1973 1203 drumb gäben, dieselbige khauff
1335 1149 1973 1266 sum zu deyen stösen unnd zu
1346 1208 1955 1340 zebezalen, deßhalb wo im je¬
1342 1279 1962 1385 lieben mitt imme zeureckten
1346 1326 1974 1437 sollee er zu imme gan Münken
1353 1387 1702 1479 vyler khommen
1694 1413 1987 1501 Daslih
1344 1459 1983 1574 in angäben habe bemellter Eyt
1418 1506 1982 1636 Inn ein missyff verzeyhnet
1390 1577 1964 1703 olche Missyff er bezallt vnnd
1347 1642 1966 1761 in seinen saunden gnommen, sich
1328 1674 1983 1818 damit gegen lauppen zu gren
1342 1763 1961 1868 Da imme unnderwäsen ein welh
1324 1820 1979 1931 kamb, der türscher spreach dheins
1333 1876 1970 1988 wags khöndig gsein, begegnett
1325 1937 1945 2047 den er zu einem dienstknacht
1318 2002 1978 2113 gedingert, ouch angendes dem selbig
1312 2054 1962 2175 ettlich gälln, imme fürzesezen
1399 2117 1959 2219 chwezn, vnnd darumb v¬
1395 2180 1966 2294 sen, imme ein schul dorieff
1384 2248 1986 2357 Item zelassen. Söllicher wye
1474 2313 1976 2411 der welsch knab, mitt
1295 2351 1965 2483 im gan lougen zuͦm Eschel
1774 2471 1911 2559 wölt
2039 576 2726 706 wölcher Schryber eitgegen der welsche
2028 646 2722 762 spnach nitt bricht gsin) gangen
2060 709 2724 821 Alda dem Schryber, die vorgemellte
2070 757 2723 876 erdichte byhäundige missyff zeuer
2040 826 2730 942 läsen fürgleyn, ouch glycher gstalln
2046 904 2697 1001 wie zu Eryyburg, seinen namen von
2058 942 2691 1054 dem schryber verlaugnett, sich mi
2055 1004 2665 1118 Inhallt der felschen Missyff Vl¬
2104 1064 2502 1173 ross Almman zu Miu
2071 1124 2638 1238 vnnd den welschen knaben, nach
2064 1196 2660 1313 Hanns Wyß, genempt danin
2079 1266 2686 1369 is berug (inn dem derselbig
2071 1334 2661 1431 welsch knab vermeinen, er liesse
2065 1397 2723 1492 den schuldbrieff schryben) angeben
2064 1457 2726 1559 Namlich, wie das er von bemelln
2063 1516 2719 1616 Hanns Wysen dem Welschen haben
2076 1573 2720 1680 Ein gutt zu Muncheneyler inn
2080 1642 2681 1733 sinen zilen unnd marcen gelas
2077 1697 2687 1796 umb 1 u unnd in lb d
2068 1744 2713 1849 eekhoufft, vnnd darumb ein gutter
2072 1811 2715 1917 woluerstiplotter khauffbriff vsgrich
2058 1871 2714 1970 darum vermeldett stunde, das er dar¬
2068 1926 2689 2021 umb volkhommenliche bezalung er¬
2056 1972 2635 2084 laugett unnd aber nitt beschä
2040 2022 2704 2132 wäre, sonnders dmme allem un slb
2042 2091 2699 2184 deren gewärtt hätte, gelopte deß
2050 2142 2693 2251 halb die erzellen  2 b uff gwüs
2044 2188 2715 2314 zil unnd tag zebezalen. Wölches
2046 2274 2699 2370 sin vnwaarhafft angäben, derselbig
2042 2323 2701 2432 Schryber, oie vermerckhung, des falsch
2029 2382 2656 2482 derhinder stäckenden berrups
