<?xml version="1.0" encoding="UTF-8" standalone="yes"?>
<PcGts xmlns="http://schema.primaresearch.org/PAGE/gts/pagecontent/2013-07-15" xmlns:xsi="http://www.w3.org/2001/XMLSchema-instance" xsi:schemaLocation="http://schema.primaresearch.org/PAGE/gts/pagecontent/2013-07-15 http://schema.primaresearch.org/PAGE/gts/pagecontent/2013-07-15/pagecontent.xsd">
    <Metadata>
        <Creator>prov=University of Rostock/Institute of Mathematics/CITlab|PLANET AI GmbH/Gundram Leifert/gundram.leifert@planet-ai.de:name=German_Kurrent_XVI-XVIII_M1(htr_id=19584)::::v=2.6.7
prov=University of Rostock/Institute of Mathematics/CITlab|PLANET AI GmbH/Tobias Gruening/tobias.gruening@planet-ai.de:name=de.uros.citlab.module.baseline2polygon.B2PSeamMultiOriented:v=2.6.7
prov=University of Rostock/Institute of Mathematics/CITlab|PLANET AI GmbH/Tobias Gruening/tobias.gruening@planet-ai.de:name=/net_tf/LA73_249_0mod360.pb:de.uros.citlab.segmentation.CITlab_LA_ML:v=2.6.7
Transkribus</Creator>
        <Created>2021-08-09T22:59:55.681+02:00</Created>
        <LastChange>2022-09-09T17:58:18.468+02:00</LastChange>
        <TranskribusMetadata docId="1334778" pageId="52354294" pageNr="55" tsid="114635872" status="IN_PROGRESS" userId="9570" imgUrl="https://files.transkribus.eu/Get?id=EQNHRLPFXHVOYAYBGQFVHATM&amp;fileType=view" xmlUrl="https://files.transkribus.eu/Get?id=IYVSAIRXXGCVNNACBKEOJXGV" imageId="22027823"/>
    </Metadata>
    <Page imageFilename="Foto 23.07.21, 10 06 10 AM.jpg" imageWidth="4032" imageHeight="3024">
        <ReadingOrder>
            <OrderedGroup id="ro_1687514014953" caption="Regions reading order">
                <RegionRefIndexed index="0" regionRef="r1"/>
                <RegionRefIndexed index="1" regionRef="r2"/>
            </OrderedGroup>
        </ReadingOrder>
        <TextRegion orientation="0.0" id="r1" custom="readingOrder {index:0;}">
            <Coords points="1253,578 1253,2435 1959,2435 1959,578"/>
            <TextLine id="r1l1" custom="readingOrder {index:0;}">
                <Coords points="1248,635 1300,648 1544,609 1621,652 1729,621 1772,650 1834,637 1881,668 1899,603 1730,593 1703,567 1676,586 1638,565 1522,576 1468,548 1426,575 1364,551 1251,572"/>
                <Baseline points="1260,608 1291,607 1322,605 1354,604 1385,603 1416,603 1448,603 1479,603 1510,603 1542,604 1573,605 1604,606 1636,609 1667,611 1698,614 1730,618 1761,621 1792,627 1824,631 1855,637 1887,644"/>
                <TextEquiv>
                    <Unicode>gesthribner wortten halb, anzogen</Unicode>
                </TextEquiv>
            </TextLine>
            <TextLine id="r1l2" custom="readingOrder {index:1;}">
                <Coords points="1255,676 1408,672 1471,701 1603,677 1656,709 1789,694 1839,719 1888,708 1891,665 1728,621 1621,652 1513,615 1338,638 1298,599 1258,623"/>
                <Baseline points="1265,663 1295,663 1326,665 1356,665 1387,665 1418,666 1448,668 1479,668 1510,669 1540,671 1571,671 1602,674 1632,675 1663,677 1694,680 1724,682 1755,685 1786,688 1816,693 1847,696 1878,701"/>
                <TextEquiv>
                    <Unicode>wordent, da er mitzit anders thun</Unicode>
                </TextEquiv>
            </TextLine>
            <TextLine id="r1l3" custom="readingOrder {index:2;}">
                <Coords points="1241,739 1287,753 1329,725 1377,748 1439,730 1475,750 1608,727 1650,753 1788,746 1828,776 1907,774 1910,715 1832,695 1770,719 1572,676 1471,701 1407,672 1244,680"/>
                <Baseline points="1253,723 1285,724 1317,725 1349,725 1382,725 1414,725 1446,725 1478,726 1511,727 1543,728 1575,729 1607,730 1640,733 1672,735 1704,738 1736,740 1769,743 1801,747 1833,750 1865,755 1898,759"/>
                <TextEquiv>
                    <Unicode>khonden, dann der wortten bhelich</Unicode>
                </TextEquiv>
            </TextLine>
            <TextLine id="r1l4" custom="readingOrder {index:3;}">
                <Coords points="1264,807 1341,823 1477,789 1553,825 1656,795 1916,846 1919,783 1881,761 1830,779 1778,744 1730,772 1610,730 1485,753 1317,728 1267,748"/>
                <Baseline points="1275,779 1306,780 1338,782 1369,783 1401,783 1433,785 1464,785 1496,786 1528,786 1559,788 1591,789 1623,789 1654,791 1686,792 1718,795 1749,797 1781,799 1813,803 1844,806 1876,810 1908,815"/>
                <TextEquiv>
                    <Unicode>zesin, doch khönne er by din gen</Unicode>
                </TextEquiv>
            </TextLine>
            <TextLine id="r1l5" custom="readingOrder {index:4;}">
                <Coords points="1263,850 1449,868 1481,844 1564,843 1598,871 1657,864 1721,893 1777,858 1799,879 1844,864 1911,883 1912,842 1781,809 1748,827 1710,797 1563,815 1482,786 1345,820 1264,807"/>
                <Baseline points="1274,842 1305,842 1336,842 1368,842 1399,842 1431,842 1462,842 1493,842 1525,842 1556,843 1588,843 1619,845 1650,846 1682,847 1713,849 1745,850 1776,853 1807,856 1839,858 1870,861 1902,864"/>
                <TextEquiv>
                    <Unicode>lich mit befunden, noch wüssen</Unicode>
                </TextEquiv>
            </TextLine>
            <TextLine id="r1l6" custom="readingOrder {index:5;}">
                <Coords points="1485,884 1499,887 1509,877 1517,881 1524,876 1564,885 1576,881 1580,886 1585,882 1599,882 1600,860 1579,857 1563,842 1549,848 1531,841 1510,851 1500,842 1486,842"/>
                <Baseline points="1496,873 1527,872 1558,873 1589,876"/>
                <TextEquiv>
                    <Unicode>redt</Unicode>
                </TextEquiv>
            </TextLine>
            <TextLine id="r1l7" custom="readingOrder {index:6;}">
                <Coords points="1265,919 1408,939 1462,923 1499,951 1562,917 1601,949 1639,922 1796,923 1870,948 1923,944 1925,899 1767,862 1724,891 1658,864 1486,885 1391,851 1335,877 1268,846"/>
                <Baseline points="1275,902 1308,902 1342,902 1375,902 1409,902 1443,903 1476,903 1510,903 1544,904 1577,905 1611,906 1644,908 1678,909 1712,911 1745,913 1779,916 1813,919 1846,923 1880,927 1914,932"/>
                <TextEquiv>
                    <Unicode>das ses geigen hab unnd obwol</Unicode>
                </TextEquiv>
            </TextLine>
            <TextLine id="r1l8" custom="readingOrder {index:7;}">
                <Coords points="1268,992 1402,972 1459,995 1520,982 1609,1018 1670,1017 1717,985 1774,1018 1906,980 1907,941 1692,925 1608,946 1562,917 1512,945 1472,922 1269,935"/>
                <Baseline points="1278,972 1308,972 1339,972 1370,972 1401,972 1432,973 1463,974 1494,974 1525,974 1556,974 1587,975 1617,975 1648,975 1679,977 1710,977 1741,978 1772,978 1803,979 1834,980 1865,981 1896,981"/>
                <TextEquiv>
                    <Unicode>er seinliches ußpossen, so habe ers</Unicode>
                </TextEquiv>
            </TextLine>
            <TextLine id="r1l9" custom="readingOrder {index:8;}">
                <Coords points="1277,1062 1344,1070 1412,1037 1460,1060 1536,1035 1659,1066 1686,1043 1722,1080 1804,1045 1881,1071 1911,1060 1913,989 1774,1018 1714,986 1642,1015 1502,976 1388,1002 1278,989"/>
                <Baseline points="1287,1031 1317,1031 1348,1032 1379,1032 1410,1034 1440,1034 1471,1035 1502,1036 1533,1037 1563,1037 1594,1038 1625,1038 1656,1040 1686,1040 1717,1041 1748,1041 1779,1041 1809,1041 1840,1043 1871,1043 1902,1043"/>
                <TextEquiv>
                    <Unicode>doß mitt Jnns Werch gebracht</Unicode>
                </TextEquiv>
            </TextLine>
            <TextLine id="r1l10" custom="readingOrder {index:9;}">
                <Coords points="1270,1122 1422,1138 1459,1120 1508,1139 1600,1116 1624,1135 1726,1104 1782,1140 1858,1118 1896,1137 1897,1070 1822,1055 1734,1080 1686,1043 1659,1067 1584,1045 1556,1071 1493,1044 1434,1065 1391,1044 1344,1070 1271,1059"/>
                <Baseline points="1280,1094 1310,1094 1340,1095 1371,1097 1401,1097 1431,1098 1462,1098 1492,1100 1522,1100 1553,1100 1583,1101 1613,1101 1644,1101 1674,1101 1704,1101 1735,1103 1765,1103 1795,1103 1826,1103 1856,1103 1887,1103"/>
                <TextEquiv>
                    <Unicode>noch seirlichs zechund begärtt</Unicode>
                </TextEquiv>
            </TextLine>
            <TextLine id="r1l11" custom="readingOrder {index:10;}">
                <Coords points="1282,1223 1482,1200 1562,1233 1608,1212 1682,1242 1727,1221 1751,1244 1809,1208 1865,1236 1912,1228 1914,1183 1887,1188 1810,1130 1748,1171 1656,1182 1562,1140 1464,1142 1408,1167 1285,1131"/>
                <Baseline points="1292,1200 1322,1200 1353,1199 1383,1199 1414,1199 1444,1199 1475,1200 1505,1201 1536,1202 1566,1203 1597,1205 1627,1207 1658,1208 1688,1210 1719,1211 1749,1212 1780,1215 1810,1215 1841,1217 1871,1217 1902,1218"/>
                <TextEquiv>
                    <Unicode>der anndern wortten halb das</Unicode>
                </TextEquiv>
            </TextLine>
            <TextLine id="r1l12" custom="readingOrder {index:11;}">
                <Coords points="1290,1258 1343,1274 1374,1257 1404,1277 1471,1261 1505,1295 1532,1279 1580,1306 1670,1282 1698,1306 1776,1270 1902,1291 1904,1238 1831,1219 1749,1245 1725,1221 1692,1243 1612,1211 1562,1234 1508,1203 1291,1230"/>
                <Baseline points="1301,1257 1330,1257 1360,1256 1389,1256 1419,1256 1448,1256 1478,1257 1507,1258 1537,1259 1566,1260 1596,1262 1626,1263 1655,1265 1685,1266 1714,1268 1744,1269 1773,1271 1803,1272 1832,1273 1862,1274 1892,1275"/>
                <TextEquiv>
                    <Unicode>man im fürghallten, er habe der</Unicode>
                </TextEquiv>
            </TextLine>
            <TextLine id="r1l13" custom="readingOrder {index:12;}">
                <Coords points="1285,1324 1320,1313 1407,1338 1542,1318 1600,1339 1708,1326 1829,1347 1899,1333 1901,1290 1785,1272 1750,1303 1699,1306 1602,1274 1554,1299 1502,1295 1470,1261 1287,1261"/>
                <Baseline points="1296,1311 1325,1313 1355,1314 1384,1316 1414,1317 1444,1317 1473,1319 1503,1320 1533,1322 1562,1322 1592,1323 1622,1323 1651,1325 1681,1326 1711,1326 1740,1328 1770,1329 1800,1329 1829,1331 1859,1332 1889,1332"/>
                <TextEquiv>
                    <Unicode>meerensyl wyberen uss der</Unicode>
                </TextEquiv>
            </TextLine>
            <TextLine id="r1l14" custom="readingOrder {index:13;} place {offset:7; length:10;} place {offset:24; length:3; continued:true;}">
                <Coords points="1279,1412 1355,1382 1484,1426 1534,1397 1559,1416 1630,1390 1914,1414 1916,1347 1792,1337 1712,1369 1543,1318 1281,1351"/>
                <Baseline points="1290,1376 1320,1377 1351,1378 1382,1379 1412,1380 1443,1381 1474,1382 1504,1383 1535,1385 1566,1385 1597,1386 1627,1387 1658,1389 1689,1389 1719,1391 1750,1391 1781,1392 1811,1395 1842,1395 1873,1397 1904,1398"/>
                <TextEquiv>
                    <Unicode>gmeind Touffellen, vnnd Be¬</Unicode>
                </TextEquiv>
            </TextLine>
            <TextLine id="r1l15" custom="readingOrder {index:14;} place {offset:0; length:7; continued:true;}">
                <Coords points="1288,1457 1379,1479 1444,1445 1466,1466 1524,1456 1558,1485 1690,1450 1918,1461 1918,1420 1817,1397 1609,1427 1543,1396 1495,1425 1432,1425 1352,1381 1289,1384"/>
                <Baseline points="1299,1437 1329,1440 1359,1442 1390,1443 1420,1445 1451,1446 1481,1446 1512,1448 1542,1448 1573,1448 1603,1448 1633,1448 1664,1448 1694,1448 1725,1448 1755,1448 1786,1448 1816,1448 1847,1448 1877,1448 1908,1449"/>
                <TextEquiv>
                    <Unicode>lehingn nach sinem willen</Unicode>
                </TextEquiv>
            </TextLine>
            <TextLine id="r1l16" custom="readingOrder {index:15;}">
                <Coords points="1296,1546 1363,1526 1396,1544 1447,1502 1500,1530 1563,1500 1672,1548 1723,1549 1807,1498 1920,1528 1920,1467 1803,1479 1699,1451 1670,1475 1624,1461 1550,1479 1518,1453 1376,1479 1296,1461"/>
                <Baseline points="1307,1506 1337,1506 1367,1506 1397,1506 1427,1506 1457,1506 1487,1506 1518,1506 1548,1506 1578,1506 1608,1506 1638,1507 1668,1508 1698,1508 1729,1508 1759,1506 1789,1506 1819,1506 1849,1506 1879,1506 1910,1505"/>
                <TextEquiv>
                    <Unicode>ghan, pibt er bescheyden das</Unicode>
                </TextEquiv>
            </TextLine>
            <TextLine id="r1l17" custom="readingOrder {index:16;}">
                <Coords points="1305,1603 1355,1609 1432,1577 1504,1592 1544,1572 1579,1598 1646,1580 1675,1608 1731,1589 1774,1605 1894,1577 1893,1520 1796,1542 1751,1528 1721,1551 1633,1534 1578,1549 1484,1515 1397,1547 1371,1523 1346,1544 1304,1534"/>
                <Baseline points="1314,1572 1342,1572 1370,1572 1399,1572 1427,1572 1456,1572 1484,1572 1513,1572 1541,1572 1570,1572 1598,1574 1626,1574 1655,1572 1683,1572 1712,1572 1740,1571 1769,1570 1797,1568 1826,1565 1854,1562 1883,1559"/>
                <TextEquiv>
                    <Unicode>sr seinlichs mitt gredt, vnnd</Unicode>
                </TextEquiv>
            </TextLine>
            <TextLine id="r1l18" custom="readingOrder {index:17;}">
                <Coords points="1295,1647 1366,1637 1461,1678 1528,1652 1707,1678 1777,1641 1835,1678 1890,1644 1927,1652 1927,1593 1884,1578 1848,1601 1699,1591 1677,1609 1470,1586 1356,1609 1295,1597"/>
                <Baseline points="1305,1632 1335,1634 1366,1634 1396,1634 1427,1634 1458,1634 1488,1635 1519,1635 1549,1635 1580,1635 1611,1637 1641,1637 1672,1637 1702,1637 1733,1637 1764,1635 1794,1635 1825,1634 1855,1634 1886,1632 1917,1631"/>
                <TextEquiv>
                    <Unicode>wöll dessen nitt bstendig sein</Unicode>
                </TextEquiv>
            </TextLine>
            <TextLine id="r1l19" custom="readingOrder {index:18;}">
                <Coords points="1310,1728 1340,1707 1428,1727 1558,1710 1653,1747 1737,1708 1826,1748 1962,1729 1962,1650 1875,1652 1850,1677 1773,1657 1706,1686 1657,1669 1562,1686 1531,1666 1494,1688 1309,1642"/>
                <Baseline points="1320,1703 1351,1704 1383,1706 1414,1706 1446,1707 1478,1707 1509,1707 1541,1707 1573,1707 1604,1707 1636,1707 1668,1706 1699,1706 1731,1706 1763,1704 1794,1704 1826,1704 1858,1704 1889,1704 1921,1704 1953,1704"/>
                <TextEquiv>
                    <Unicode>sonnders erwarffen, wie die wyberae</Unicode>
                </TextEquiv>
            </TextLine>
            <TextLine id="r1l20" custom="readingOrder {index:19;}">
                <Coords points="1310,1782 1332,1774 1397,1808 1470,1781 1759,1800 1871,1778 1901,1764 1901,1738 1816,1746 1736,1708 1649,1745 1574,1719 1484,1747 1441,1724 1381,1749 1309,1731"/>
                <Baseline points="1319,1769 1347,1769 1376,1767 1404,1767 1433,1769 1462,1769 1490,1769 1519,1769 1548,1770 1576,1770 1605,1770 1634,1770 1662,1770 1691,1770 1720,1770 1748,1769 1777,1768 1806,1767 1834,1764 1863,1763 1892,1758"/>
                <TextEquiv>
                    <Unicode>Inne darumb mitt facht an</Unicode>
                </TextEquiv>
            </TextLine>
            <TextLine id="r1l21" custom="readingOrder {index:20;}">
                <Coords points="1320,1832 1395,1865 1554,1844 1603,1879 1825,1839 1932,1862 1933,1763 1758,1788 1715,1814 1536,1781 1495,1805 1321,1787"/>
                <Baseline points="1331,1826 1360,1827 1390,1829 1419,1830 1449,1832 1478,1833 1508,1833 1537,1835 1567,1836 1596,1838 1626,1838 1656,1838 1685,1838 1715,1838 1744,1837 1774,1836 1803,1835 1833,1833 1862,1832 1892,1829 1922,1826"/>
                <TextEquiv>
                    <Unicode>langen unnd beclagen wöllind</Unicode>
                </TextEquiv>
            </TextLine>
            <TextLine id="r1l22" custom="readingOrder {index:21;}">
                <Coords points="1320,1916 1418,1892 1481,1939 1564,1907 1597,1936 1701,1922 1794,1941 1945,1917 1945,1852 1798,1851 1780,1869 1709,1853 1660,1881 1504,1840 1384,1864 1321,1833"/>
                <Baseline points="1331,1886 1361,1887 1391,1889 1421,1890 1451,1892 1481,1893 1511,1894 1542,1895 1572,1897 1602,1898 1632,1899 1662,1899 1692,1899 1722,1899 1753,1899 1783,1898 1813,1896 1843,1893 1873,1890 1903,1886 1934,1881"/>
                <TextEquiv>
                    <Unicode>gutter hoffnung, es werde sich mit</Unicode>
                </TextEquiv>
            </TextLine>
            <TextLine id="r1l23" custom="readingOrder {index:22;}">
                <Coords points="1366,1949 1406,1965 1412,1960 1440,1969 1448,1978 1467,1971 1474,1979 1491,1980 1493,1935 1469,1932 1440,1900 1430,1895 1418,1893 1401,1900 1395,1894 1389,1899 1369,1894"/>
                <Baseline points="1377,1949 1403,1951 1429,1952 1455,1953 1482,1955"/>
                <TextEquiv>
                    <Unicode>kinde</Unicode>
                </TextEquiv>
            </TextLine>
            <TextLine id="r1l24" custom="readingOrder {index:23;}">
                <Coords points="1564,1958 1656,1974 1684,1965 1703,1979 1737,1964 1774,1987 1890,1987 1902,1976 1931,1998 1965,1977 1963,1904 1951,1902 1799,1940 1718,1936 1699,1922 1681,1935 1669,1923 1594,1937 1563,1929"/>
                <Baseline points="1575,1968 1600,1966 1625,1965 1651,1964 1676,1964 1701,1962 1727,1962 1752,1962 1777,1961 1803,1961 1828,1961 1853,1960 1879,1959 1904,1959 1929,1958 1955,1958"/>
                <TextEquiv>
                    <Unicode>pitter vmb gnad</Unicode>
                </TextEquiv>
            </TextLine>
            <TextLine id="r1l25" custom="readingOrder {index:24;}">
                <Coords points="1338,2050 1385,2032 1477,2065 1538,2029 1560,2032 1594,2060 1621,2051 1624,1990 1576,2012 1557,2010 1526,1979 1460,1999 1438,1998 1414,1978 1372,2005 1340,1997"/>
                <Baseline points="1350,2021 1376,2021 1402,2022 1428,2024 1454,2025 1480,2027 1506,2029 1532,2031 1558,2031 1584,2031 1611,2030"/>
                <TextEquiv>
                    <Unicode>unnd verzychung</Unicode>
                </TextEquiv>
            </TextLine>
            <TextLine id="r1l26" custom="readingOrder {index:25;}">
                <Coords points="1523,2098 1539,2098 1547,2094 1557,2094 1557,2033 1545,2033 1535,2023 1523,2023"/>
                <Baseline points="1533,2057 1547,2057"/>
                <TextEquiv>
                    <Unicode></Unicode>
                </TextEquiv>
            </TextLine>
            <TextLine id="r1l27" custom="readingOrder {index:26;}">
                <Coords points="1402,2163 1481,2172 1571,2144 1620,2147 1662,2178 1713,2166 1752,2181 1793,2157 1841,2169 1947,2138 1948,2087 1889,2078 1813,2112 1771,2075 1710,2070 1661,2076 1606,2112 1403,2090"/>
                <Baseline points="1413,2136 1439,2136 1465,2137 1491,2138 1517,2139 1544,2139 1570,2141 1596,2142 1622,2143 1648,2144 1675,2145 1701,2146 1727,2147 1753,2147 1779,2147 1806,2146 1832,2145 1858,2142 1884,2141 1910,2137 1937,2133"/>
                <TextEquiv>
                    <Unicode>ff obgemelltn tag uff ein gmein</Unicode>
                </TextEquiv>
            </TextLine>
            <TextLine id="r1l28" custom="readingOrder {index:27;}">
                <Coords points="1335,2200 1547,2192 1619,2225 1721,2201 1800,2234 1827,2210 1939,2199 1940,2150 1754,2180 1663,2179 1613,2151 1574,2173 1446,2165 1396,2133 1336,2152"/>
                <Baseline points="1346,2175 1375,2179 1404,2181 1433,2184 1462,2186 1491,2188 1520,2191 1550,2194 1579,2195 1608,2196 1637,2198 1666,2198 1695,2199 1724,2199 1754,2199 1783,2199 1812,2198 1841,2196 1870,2194 1899,2192 1929,2189"/>
                <TextEquiv>
                    <Unicode>Vefechn mit abrag des costens sine</Unicode>
                </TextEquiv>
            </TextLine>
            <TextLine id="r1l29" custom="readingOrder {index:28;}">
                <Coords points="1344,2255 1469,2247 1508,2273 1592,2267 1644,2287 1684,2269 1721,2293 1763,2271 1907,2269 1910,2216 1775,2232 1721,2201 1615,2221 1516,2192 1347,2193"/>
                <Baseline points="1356,2223 1383,2227 1410,2230 1437,2233 1464,2237 1491,2239 1518,2241 1546,2244 1573,2246 1600,2248 1627,2249 1654,2250 1681,2251 1708,2252 1736,2252 1763,2252 1790,2252 1817,2250 1844,2250 1871,2249 1899,2247"/>
                <TextEquiv>
                    <Unicode>gefangenschafft ehgluffen, ledig</Unicode>
                </TextEquiv>
            </TextLine>
            <TextLine id="r1l30" custom="readingOrder {index:29;}">
                <Coords points="1383,2300 1461,2328 1516,2291 1558,2326 1600,2307 1641,2336 1681,2314 1792,2342 1968,2317 1971,2273 1755,2267 1705,2285 1678,2265 1630,2281 1502,2272 1469,2247 1385,2251"/>
                <Baseline points="1395,2277 1423,2282 1451,2285 1479,2288 1507,2291 1536,2294 1564,2297 1592,2300 1620,2303 1648,2306 1677,2307 1705,2309 1733,2310 1761,2311 1789,2312 1818,2312 1846,2312 1874,2310 1902,2310 1930,2307 1959,2304"/>
                <TextEquiv>
                    <Unicode>gelassen unnd imme die wirs</Unicode>
                </TextEquiv>
            </TextLine>
            <TextLine id="r1l31" custom="readingOrder {index:30;}">
                <Coords points="1344,2358 1473,2351 1624,2398 1680,2363 1763,2398 1830,2370 1909,2375 1912,2327 1659,2342 1598,2309 1556,2324 1515,2291 1348,2291"/>
                <Baseline points="1356,2328 1383,2333 1410,2336 1437,2339 1464,2343 1491,2346 1518,2348 1546,2351 1573,2353 1600,2355 1627,2358 1654,2359 1681,2361 1708,2362 1736,2363 1763,2364 1790,2366 1817,2366 1844,2366 1871,2367 1899,2367"/>
                <TextEquiv>
                    <Unicode>husse, biß vff miner herrn</Unicode>
                </TextEquiv>
            </TextLine>
            <TextLine id="r1l32" custom="readingOrder {index:31;}">
                <Coords points="1355,2428 1461,2401 1543,2445 1608,2429 1689,2456 1762,2443 1803,2457 1901,2434 1905,2387 1806,2373 1737,2399 1663,2380 1597,2388 1538,2360 1500,2374 1471,2351 1411,2367 1361,2355"/>
                <Baseline points="1368,2384 1394,2387 1420,2389 1446,2391 1473,2395 1499,2399 1525,2401 1551,2404 1578,2407 1604,2410 1630,2414 1656,2415 1683,2418 1709,2419 1735,2421 1761,2421 1788,2423 1814,2423 1840,2421 1866,2421 1893,2418"/>
                <TextEquiv>
                    <Unicode>gnad, zemyden gepotten worden</Unicode>
                </TextEquiv>
            </TextLine>
            <TextEquiv>
                <Unicode>gesthribner wortten halb, anzogen
wordent, da er mitzit anders thun
khonden, dann der wortten bhelich
zesin, doch khönne er by din gen
lich mit befunden, noch wüssen
redt
das ses geigen hab unnd obwol
er seinliches ußpossen, so habe ers
doß mitt Jnns Werch gebracht
noch seirlichs zechund begärtt
der anndern wortten halb das
man im fürghallten, er habe der
meerensyl wyberen uss der
gmeind Touffellen, vnnd Be¬
lehingn nach sinem willen
ghan, pibt er bescheyden das
sr seinlichs mitt gredt, vnnd
wöll dessen nitt bstendig sein
sonnders erwarffen, wie die wyberae
Inne darumb mitt facht an
langen unnd beclagen wöllind
gutter hoffnung, es werde sich mit
kinde
pitter vmb gnad
unnd verzychung

ff obgemelltn tag uff ein gmein
Vefechn mit abrag des costens sine
gefangenschafft ehgluffen, ledig
gelassen unnd imme die wirs
husse, biß vff miner herrn
gnad, zemyden gepotten worden</Unicode>
            </TextEquiv>
        </TextRegion>
        <TextRegion orientation="0.0" id="r2" custom="readingOrder {index:1;}">
            <Coords points="2057,581 2057,2361 2750,2361 2750,581"/>
            <TextLine id="r2l1" custom="readingOrder {index:0;}">
                <Coords points="2552,616 2566,614 2577,616 2578,613 2585,613 2593,618 2607,615 2603,562 2578,564 2576,567 2570,565 2559,576 2549,577"/>
                <Baseline points="2561,608 2597,605"/>
                <TextEquiv>
                    <Unicode>52</Unicode>
                </TextEquiv>
            </TextLine>
            <TextLine id="r2l2" custom="readingOrder {index:1;}">
                <Coords points="2051,719 2103,691 2220,722 2298,683 2461,688 2478,671 2703,693 2700,616 2665,604 2538,629 2472,606 2434,634 2300,624 2207,651 2148,633 2109,650 2047,616"/>
                <Baseline points="2061,698 2092,693 2124,690 2155,687 2187,684 2218,682 2250,681 2281,679 2313,678 2344,677 2376,677 2407,675 2439,675 2470,675 2502,675 2533,675 2565,674 2596,674 2628,674 2659,674 2691,672"/>
                <TextEquiv>
                    <Unicode>Huff zinstag den 22. tag august</Unicode>
                </TextEquiv>
            </TextLine>
            <TextLine id="r2l3" custom="readingOrder {index:2;}">
                <Coords points="2065,748 2249,763 2313,738 2410,761 2478,741 2532,754 2559,730 2619,752 2716,738 2714,691 2694,686 2568,701 2527,678 2477,707 2411,683 2331,711 2299,684 2277,703 2171,683 2145,706 2064,703"/>
                <Baseline points="2075,738 2106,740 2138,740 2169,740 2201,740 2232,738 2264,738 2295,737 2327,735 2358,733 2390,731 2421,729 2453,728 2484,726 2516,724 2547,723 2579,722 2610,720 2642,720 2673,720 2705,720"/>
                <TextEquiv>
                    <Unicode>dise 15 eptmbris jans inn gägenwürig</Unicode>
                </TextEquiv>
            </TextLine>
            <TextLine id="r2l4" custom="readingOrder {index:3;} person {offset:12; length:13;}">
                <Coords points="2050,795 2111,829 2193,787 2228,812 2342,814 2431,786 2523,807 2697,771 2695,735 2618,752 2561,730 2531,753 2467,742 2405,761 2317,740 2247,767 2049,752"/>
                <Baseline points="2060,794 2091,794 2122,794 2154,792 2185,792 2216,791 2248,790 2279,788 2310,788 2342,786 2373,785 2404,783 2436,782 2467,780 2498,779 2530,777 2561,776 2592,774 2624,774 2655,773 2687,771"/>
                <TextEquiv>
                    <Unicode>kheytt Herr Bilgian ueles des</Unicode>
                </TextEquiv>
            </TextLine>
            <TextLine id="r2l5" custom="readingOrder {index:4;} person {offset:7; length:18;}">
                <Coords points="2048,874 2107,891 2200,861 2251,879 2279,853 2314,876 2398,847 2432,864 2579,841 2598,856 2622,833 2669,847 2667,790 2515,807 2461,789 2419,814 2291,818 2186,790 2117,832 2044,801"/>
                <Baseline points="2057,857 2087,853 2117,851 2147,849 2177,847 2207,845 2237,844 2267,843 2297,842 2327,841 2357,840 2387,839 2417,839 2447,837 2477,836 2507,834 2537,833 2567,831 2597,828 2627,825 2657,822"/>
                <TextEquiv>
                    <Unicode>Thans, Vurentz Bechtoldis der</Unicode>
                </TextEquiv>
            </TextLine>
            <TextLine id="r2l6" custom="readingOrder {index:5;} person {offset:13; length:19;}">
                <Coords points="2061,933 2099,913 2256,925 2336,896 2419,927 2578,884 2656,903 2740,874 2738,831 2443,867 2383,847 2248,879 2214,860 2132,885 2058,868"/>
                <Baseline points="2070,909 2103,906 2136,903 2169,901 2202,899 2235,897 2268,896 2301,894 2334,893 2367,892 2400,890 2433,889 2466,888 2499,887 2532,885 2565,882 2598,881 2631,878 2664,876 2697,873 2730,870"/>
                <TextEquiv>
                    <Unicode>Burgeren her Wilhelmen vom stein</Unicode>
                </TextEquiv>
            </TextLine>
            <TextLine id="r2l7" custom="readingOrder {index:6;}">
                <Coords points="2536,993 2552,992 2557,985 2573,994 2580,985 2599,994 2630,974 2636,978 2652,974 2644,883 2624,883 2618,890 2610,888 2598,896 2576,896 2563,889 2548,904 2539,897 2527,898"/>
                <Baseline points="2543,960 2575,949 2607,951 2639,947"/>
                <TextEquiv>
                    <Unicode>Ist</Unicode>
                </TextEquiv>
            </TextLine>
            <TextLine id="r2l8" custom="readingOrder {index:7;}">
                <Coords points="2061,1009 2118,994 2179,1005 2225,979 2268,993 2318,962 2345,969 2356,958 2371,970 2409,960 2406,897 2351,926 2291,906 2245,931 2220,916 2170,932 2118,914 2074,935 2058,929"/>
                <Baseline points="2070,971 2095,967 2120,964 2145,962 2171,960 2196,958 2221,957 2247,957 2272,956 2297,956 2323,954 2348,954 2373,954 2399,953"/>
                <TextEquiv>
                    <Unicode>Großreybells etc.</Unicode>
                </TextEquiv>
            </TextLine>
            <TextLine id="r2l9" custom="readingOrder {index:8;}">
                <Coords points="2370,1030 2390,1029 2392,1026 2406,1023 2410,1025 2416,1018 2430,1015 2426,960 2413,961 2408,964 2399,961 2388,970 2365,967"/>
                <Baseline points="2379,1008 2418,1005"/>
                <TextEquiv>
                    <Unicode></Unicode>
                </TextEquiv>
            </TextLine>
            <TextLine id="r2l10" custom="readingOrder {index:9;} person {offset:0; length:10;}">
                <Coords points="2191,1082 2224,1088 2292,1052 2367,1059 2417,1044 2491,1046 2522,1063 2570,1034 2567,985 2440,1021 2395,1007 2361,1021 2327,997 2303,1006 2237,981 2186,992"/>
                <Baseline points="2201,1055 2226,1050 2252,1046 2277,1043 2303,1041 2328,1040 2354,1039 2379,1038 2405,1038 2430,1037 2456,1036 2481,1034 2507,1034 2532,1031 2558,1026"/>
                <TextEquiv>
                    <Unicode>Hanns Lixx alhie</Unicode>
                </TextEquiv>
            </TextLine>
            <TextLine id="r2l11" custom="readingOrder {index:10;}">
                <Coords points="2268,1110 2309,1110 2323,1101 2333,1111 2347,1107 2372,1123 2400,1129 2433,1106 2449,1104 2448,1043 2428,1051 2416,1043 2367,1062 2337,1052 2332,1057 2314,1053 2296,1067 2268,1063"/>
                <Baseline points="2279,1097 2305,1095 2332,1095 2359,1094 2385,1094 2412,1094 2439,1095"/>
                <TextEquiv>
                    <Unicode>pürttig</Unicode>
                </TextEquiv>
            </TextLine>
            <TextLine id="r2l12" custom="readingOrder {index:11;}">
                <Coords points="2080,1211 2124,1200 2156,1225 2226,1194 2318,1207 2359,1180 2396,1211 2445,1181 2534,1211 2585,1171 2704,1162 2702,1126 2538,1131 2491,1109 2422,1146 2387,1132 2347,1155 2202,1167 2098,1106 2075,1122"/>
                <Baseline points="2090,1193 2120,1191 2150,1190 2180,1188 2210,1187 2240,1187 2270,1185 2301,1184 2331,1182 2361,1180 2391,1179 2421,1178 2451,1176 2481,1174 2512,1172 2542,1170 2572,1167 2602,1164 2632,1161 2662,1158 2693,1154"/>
                <TextEquiv>
                    <Unicode>uff genampter herrn fürhallten</Unicode>
                </TextEquiv>
            </TextLine>
            <TextLine id="r2l13" custom="readingOrder {index:12;}">
                <Coords points="2081,1268 2127,1253 2153,1277 2224,1242 2256,1269 2332,1241 2431,1257 2478,1232 2518,1254 2602,1224 2664,1247 2722,1216 2719,1163 2674,1161 2577,1204 2450,1190 2392,1210 2356,1181 2318,1207 2289,1190 2269,1210 2210,1200 2148,1222 2124,1201 2079,1219"/>
                <Baseline points="2090,1248 2121,1247 2152,1245 2183,1244 2214,1242 2245,1241 2276,1239 2307,1238 2338,1237 2369,1236 2400,1235 2431,1233 2462,1231 2493,1230 2524,1228 2555,1226 2586,1224 2617,1223 2648,1220 2679,1218 2711,1215"/>
                <TextEquiv>
                    <Unicode>begantlich unnd anred worden. Als</Unicode>
                </TextEquiv>
            </TextLine>
            <TextLine id="r2l14" custom="readingOrder {index:13;}">
                <Coords points="2083,1324 2182,1295 2222,1324 2480,1284 2539,1317 2620,1274 2729,1278 2727,1235 2584,1229 2488,1262 2328,1242 2254,1268 2224,1242 2167,1273 2125,1251 2081,1275"/>
                <Baseline points="2093,1295 2124,1295 2155,1295 2186,1295 2217,1295 2249,1293 2280,1293 2311,1293 2342,1292 2373,1291 2405,1290 2436,1289 2467,1287 2498,1286 2529,1284 2561,1281 2592,1279 2623,1276 2654,1274 2685,1271 2717,1266"/>
                <TextEquiv>
                    <Unicode>namlich das er inn zytt, diewyl</Unicode>
                </TextEquiv>
            </TextLine>
            <TextLine id="r2l15" custom="readingOrder {index:14;}">
                <Coords points="2085,1363 2135,1347 2204,1377 2328,1342 2413,1374 2463,1343 2579,1364 2662,1338 2709,1355 2745,1329 2743,1286 2627,1274 2541,1316 2461,1284 2299,1325 2220,1324 2188,1295 2084,1325"/>
                <Baseline points="2094,1350 2126,1349 2158,1347 2190,1346 2222,1346 2254,1344 2286,1343 2318,1343 2350,1342 2382,1341 2414,1340 2446,1340 2478,1338 2510,1337 2542,1335 2574,1334 2606,1333 2638,1331 2670,1328 2702,1326 2735,1322"/>
                <TextEquiv>
                    <Unicode>er by seinem Meyster dues Horlocher</Unicode>
                </TextEquiv>
            </TextLine>
            <TextLine id="r2l16" custom="readingOrder {index:15;}">
                <Coords points="2093,1424 2210,1396 2370,1417 2420,1389 2462,1423 2540,1389 2579,1421 2618,1422 2702,1382 2701,1337 2584,1364 2335,1349 2317,1368 2295,1355 2175,1377 2136,1348 2091,1359"/>
                <Baseline points="2102,1401 2131,1400 2161,1398 2190,1397 2220,1395 2249,1395 2279,1394 2308,1393 2338,1392 2367,1392 2397,1391 2427,1391 2456,1389 2486,1389 2515,1388 2545,1386 2574,1386 2604,1383 2633,1383 2663,1380 2693,1379"/>
                <TextEquiv>
                    <Unicode>gediene, demselbigen einem meyste</Unicode>
                </TextEquiv>
            </TextLine>
            <TextLine id="r2l17" custom="readingOrder {index:16;}">
                <Coords points="2091,1494 2130,1504 2171,1468 2229,1486 2297,1457 2361,1493 2410,1454 2544,1484 2581,1450 2633,1462 2689,1445 2687,1396 2594,1425 2542,1390 2462,1424 2422,1389 2386,1413 2353,1389 2263,1420 2181,1404 2089,1445"/>
                <Baseline points="2099,1463 2129,1461 2159,1460 2190,1458 2220,1457 2251,1456 2281,1455 2312,1454 2342,1452 2373,1451 2403,1449 2434,1448 2464,1448 2495,1446 2525,1445 2556,1444 2586,1443 2617,1442 2647,1440 2678,1439"/>
                <TextEquiv>
                    <Unicode>leyder) ein besteckt mässer und</Unicode>
                </TextEquiv>
            </TextLine>
            <TextLine id="r2l18" custom="readingOrder {index:17;}">
                <Coords points="2094,1552 2206,1548 2268,1516 2320,1547 2368,1518 2414,1551 2481,1501 2722,1532 2718,1441 2690,1436 2521,1486 2470,1490 2441,1466 2362,1494 2314,1464 2230,1488 2168,1470 2131,1504 2092,1493"/>
                <Baseline points="2103,1518 2133,1518 2163,1517 2194,1517 2224,1515 2255,1515 2285,1514 2315,1512 2346,1512 2376,1510 2407,1509 2437,1508 2467,1506 2498,1505 2528,1503 2559,1502 2589,1501 2619,1499 2650,1497 2680,1494 2711,1493"/>
                <TextEquiv>
                    <Unicode>sunst zwölff misser mnnder ettliche</Unicode>
                </TextEquiv>
            </TextLine>
            <TextLine id="r2l19" custom="readingOrder {index:18;}">
                <Coords points="2471,1544 2500,1545 2514,1540 2534,1545 2552,1531 2560,1537 2568,1528 2576,1532 2595,1531 2593,1505 2567,1508 2550,1499 2538,1508 2532,1504 2524,1509 2510,1507 2500,1516 2481,1503 2469,1504"/>
                <Baseline points="2480,1532 2506,1533 2532,1532 2558,1530 2585,1526"/>
                <TextEquiv>
                    <Unicode>elößs</Unicode>
                </TextEquiv>
            </TextLine>
            <TextLine id="r2l20" custom="readingOrder {index:19;}">
                <Coords points="2102,1581 2290,1607 2335,1565 2476,1596 2543,1592 2606,1558 2740,1567 2739,1532 2651,1512 2475,1541 2367,1515 2314,1543 2273,1515 2207,1548 2101,1540"/>
                <Baseline points="2111,1568 2141,1566 2172,1566 2203,1566 2234,1566 2265,1566 2296,1565 2327,1565 2358,1565 2389,1565 2420,1563 2450,1562 2481,1562 2512,1561 2543,1559 2574,1559 2605,1557 2636,1556 2667,1554 2698,1552 2729,1550"/>
                <TextEquiv>
                    <Unicode>malen verkhoufft, das pelle daruon</Unicode>
                </TextEquiv>
            </TextLine>
            <TextLine id="r2l21" custom="readingOrder {index:20;}">
                <Coords points="2096,1640 2125,1631 2148,1651 2208,1631 2231,1653 2267,1631 2399,1630 2449,1653 2596,1614 2686,1638 2684,1565 2654,1560 2535,1596 2357,1584 2338,1566 2285,1607 2095,1593"/>
                <Baseline points="2106,1623 2134,1625 2162,1625 2191,1625 2219,1625 2248,1625 2276,1625 2305,1623 2333,1623 2362,1622 2390,1621 2418,1620 2447,1619 2475,1617 2504,1616 2532,1615 2561,1614 2589,1614 2618,1613 2646,1613 2675,1613"/>
                <TextEquiv>
                    <Unicode>behalleen unnd inn sinen nun ver</Unicode>
                </TextEquiv>
            </TextLine>
            <TextLine id="r2l22" custom="readingOrder {index:21;}">
                <Coords points="2097,1695 2221,1681 2264,1702 2292,1681 2384,1696 2444,1675 2516,1691 2583,1670 2608,1686 2623,1669 2669,1684 2666,1625 2597,1615 2450,1651 2270,1626 2242,1654 2207,1631 2095,1645"/>
                <Baseline points="2106,1682 2133,1680 2161,1679 2188,1677 2216,1677 2243,1676 2271,1674 2298,1674 2326,1673 2353,1673 2381,1671 2409,1671 2436,1670 2464,1670 2491,1668 2519,1667 2546,1667 2574,1665 2601,1663 2629,1662 2657,1659"/>
                <TextEquiv>
                    <Unicode>bruchn, für wölches aber gedacht</Unicode>
                </TextEquiv>
            </TextLine>
            <TextLine id="r2l23" custom="readingOrder {index:22;}">
                <Coords points="2109,1755 2165,1735 2229,1755 2289,1718 2367,1746 2402,1710 2525,1733 2605,1705 2672,1744 2706,1736 2704,1678 2106,1690"/>
                <Baseline points="2117,1727 2147,1724 2177,1722 2208,1719 2238,1717 2269,1715 2299,1713 2330,1712 2360,1710 2391,1709 2421,1709 2452,1707 2482,1707 2513,1706 2543,1706 2574,1706 2604,1706 2635,1706 2665,1706 2696,1706"/>
                <TextEquiv>
                    <Unicode>hörlocher ein nröuen erlegt woln sye.</Unicode>
                </TextEquiv>
            </TextLine>
            <TextLine id="r2l24" custom="readingOrder {index:23;}">
                <Coords points="2112,1787 2159,1807 2252,1774 2433,1809 2474,1772 2506,1800 2612,1777 2738,1786 2754,1733 2589,1751 2402,1712 2368,1746 2282,1725 2236,1756 2168,1736 2112,1753"/>
                <Baseline points="2121,1779 2152,1776 2183,1775 2214,1773 2245,1772 2277,1772 2308,1770 2339,1770 2370,1770 2401,1770 2433,1770 2464,1770 2495,1770 2526,1770 2557,1770 2589,1770 2620,1770 2651,1770 2682,1770 2713,1770 2745,1770"/>
                <TextEquiv>
                    <Unicode>Denne als er kurtzlich hieuor, umb</Unicode>
                </TextEquiv>
            </TextLine>
            <TextLine id="r2l25" custom="readingOrder {index:24;}">
                <Coords points="2090,1833 2177,1829 2236,1864 2419,1847 2450,1820 2509,1852 2633,1826 2672,1846 2753,1827 2753,1785 2090,1787"/>
                <Baseline points="2100,1821 2132,1821 2164,1823 2196,1823 2228,1823 2260,1823 2292,1823 2324,1823 2356,1823 2388,1823 2421,1823 2453,1823 2485,1822 2517,1821 2549,1821 2581,1821 2613,1821 2645,1821 2677,1821 2709,1821 2742,1821"/>
                <TextEquiv>
                    <Unicode>sant Johanns Tag sy dem predicene</Unicode>
                </TextEquiv>
            </TextLine>
            <TextLine id="r2l26" custom="readingOrder {index:25;} place {offset:3; length:9;}">
                <Coords points="2113,1910 2215,1884 2323,1916 2373,1894 2477,1920 2567,1892 2640,1922 2672,1889 2743,1916 2743,1824 2540,1853 2453,1819 2390,1855 2235,1862 2170,1827 2113,1833"/>
                <Baseline points="2124,1877 2154,1880 2184,1881 2215,1883 2245,1883 2276,1884 2306,1884 2337,1884 2367,1884 2398,1884 2428,1883 2458,1883 2489,1883 2519,1881 2550,1881 2580,1881 2611,1881 2641,1881 2672,1881 2702,1881 2733,1883"/>
                <TextEquiv>
                    <Unicode>zu Peppepwyl zedienen anpstanden.</Unicode>
                </TextEquiv>
            </TextLine>
            <TextLine id="r2l27" custom="readingOrder {index:26;}">
                <Coords points="2106,1949 2275,1951 2310,1983 2350,1950 2399,1986 2492,1944 2588,1963 2635,1938 2745,1953 2744,1900 2683,1889 2630,1908 2530,1895 2476,1920 2372,1893 2329,1916 2160,1891 2106,1914"/>
                <Baseline points="2117,1943 2147,1944 2178,1944 2209,1946 2240,1946 2271,1944 2302,1944 2333,1943 2364,1943 2395,1941 2426,1940 2456,1940 2487,1938 2518,1938 2549,1937 2580,1937 2611,1938 2642,1938 2673,1940 2704,1941 2735,1943"/>
                <TextEquiv>
                    <Unicode>hab er dem selbigen ein par allers pyt</Unicode>
                </TextEquiv>
            </TextLine>
            <TextLine id="r2l28" custom="readingOrder {index:27;}">
                <Coords points="2125,2032 2186,2042 2227,2017 2272,2041 2442,2000 2467,2016 2533,2001 2591,2029 2668,1993 2715,2015 2714,1940 2634,1939 2588,1963 2496,1930 2446,1979 2312,1983 2275,1951 2124,1953"/>
                <Baseline points="2135,1997 2163,1998 2192,1998 2220,2000 2249,2000 2277,2001 2306,2001 2334,2001 2363,2001 2391,2000 2420,2000 2448,2000 2477,1999 2505,1998 2534,1997 2562,1997 2591,1995 2619,1995 2648,1994 2676,1992 2705,1991"/>
                <TextEquiv>
                    <Unicode>tifflen, sampt einen verschuch</Unicode>
                </TextEquiv>
            </TextLine>
            <TextLine id="r2l29" custom="readingOrder {index:28;}">
                <Coords points="2119,2088 2157,2066 2294,2074 2328,2053 2399,2092 2499,2102 2564,2073 2613,2096 2759,2061 2759,2018 2729,2006 2704,2024 2666,1996 2591,2029 2534,2000 2493,2027 2436,2000 2292,2037 2155,2037 2119,2017"/>
                <Baseline points="2129,2055 2160,2056 2191,2058 2222,2058 2253,2060 2284,2060 2315,2061 2346,2061 2377,2061 2408,2063 2439,2063 2470,2063 2501,2063 2532,2062 2563,2061 2594,2061 2625,2060 2656,2058 2687,2057 2718,2055 2750,2052"/>
                <TextEquiv>
                    <Unicode>genommen unnd die wyrtstiffell</Unicode>
                </TextEquiv>
            </TextLine>
            <TextLine id="r2l30" custom="readingOrder {index:29;}">
                <Coords points="2122,2128 2183,2142 2230,2126 2299,2157 2327,2134 2347,2155 2520,2133 2543,2149 2612,2121 2722,2129 2722,2068 2649,2098 2563,2074 2502,2100 2429,2098 2325,2053 2287,2075 2209,2065 2169,2093 2122,2089"/>
                <Baseline points="2132,2115 2162,2115 2192,2115 2223,2115 2253,2117 2284,2117 2314,2117 2345,2118 2375,2118 2406,2118 2436,2118 2467,2118 2497,2118 2528,2118 2558,2118 2589,2118 2619,2117 2650,2117 2680,2115 2711,2115"/>
                <TextEquiv>
                    <Unicode>einem welschen mann alhie vnnder</Unicode>
                </TextEquiv>
            </TextLine>
            <TextLine id="r2l31" custom="readingOrder {index:30;}">
                <Coords points="2127,2177 2325,2169 2436,2199 2479,2171 2526,2191 2556,2177 2581,2201 2709,2181 2709,2140 2678,2134 2349,2153 2327,2132 2300,2153 2213,2124 2186,2141 2127,2132"/>
                <Baseline points="2138,2171 2166,2171 2194,2172 2222,2172 2250,2172 2278,2172 2306,2173 2334,2174 2362,2174 2390,2174 2418,2174 2446,2174 2474,2174 2502,2174 2530,2174 2558,2172 2586,2172 2614,2172 2642,2171 2670,2171 2699,2171"/>
                <TextEquiv>
                    <Unicode>dee fronen umb vi batzen ver</Unicode>
                </TextEquiv>
            </TextLine>
            <TextLine id="r2l32" custom="readingOrder {index:31;}">
                <Coords points="2122,2252 2187,2241 2228,2266 2303,2267 2362,2243 2490,2266 2560,2242 2631,2264 2681,2231 2736,2255 2724,2170 2580,2203 2555,2179 2490,2175 2454,2206 2364,2180 2326,2210 2265,2206 2232,2176 2122,2175"/>
                <Baseline points="2133,2223 2162,2226 2192,2228 2222,2229 2251,2231 2281,2232 2311,2232 2340,2234 2370,2234 2400,2232 2430,2232 2459,2232 2489,2232 2519,2231 2548,2229 2578,2229 2608,2228 2637,2226 2667,2226 2697,2226 2727,2225"/>
                <TextEquiv>
                    <Unicode>khaufft, vnnd die schu lipind noch</Unicode>
                </TextEquiv>
            </TextLine>
            <TextLine id="r2l33" custom="readingOrder {index:32;} place {offset:3; length:9;}">
                <Coords points="2132,2314 2186,2291 2237,2330 2634,2291 2687,2311 2713,2307 2713,2234 2573,2265 2532,2247 2491,2265 2467,2249 2449,2264 2131,2257"/>
                <Baseline points="2142,2292 2170,2292 2198,2291 2226,2291 2254,2291 2282,2291 2310,2291 2338,2290 2366,2289 2394,2289 2422,2289 2450,2289 2478,2289 2506,2289 2534,2289 2562,2289 2590,2289 2618,2289 2646,2289 2674,2289 2703,2289"/>
                <TextEquiv>
                    <Unicode>zu Pappegwyl udr einem nop</Unicode>
                </TextEquiv>
            </TextLine>
            <TextLine id="r2l34" custom="readingOrder {index:33;}">
                <Coords points="2135,2374 2186,2386 2241,2352 2296,2386 2341,2366 2408,2387 2550,2351 2660,2376 2660,2296 2646,2294 2573,2294 2530,2316 2489,2302 2355,2311 2339,2326 2174,2288 2136,2310"/>
                <Baseline points="2145,2343 2170,2345 2195,2346 2220,2347 2245,2348 2271,2349 2296,2349 2321,2349 2346,2349 2371,2349 2397,2349 2422,2349 2447,2349 2472,2349 2497,2349 2523,2348 2548,2348 2573,2348 2598,2348 2623,2348 2649,2348"/>
                <TextEquiv>
                    <Unicode>dahin un sy behallen vrbors</Unicode>
                </TextEquiv>
            </TextLine>
            <TextEquiv>
                <Unicode>52
Huff zinstag den 22. tag august
dise 15 eptmbris jans inn gägenwürig
kheytt Herr Bilgian ueles des
Thans, Vurentz Bechtoldis der
Burgeren her Wilhelmen vom stein
Ist
Großreybells etc.

Hanns Lixx alhie
pürttig
uff genampter herrn fürhallten
begantlich unnd anred worden. Als
namlich das er inn zytt, diewyl
er by seinem Meyster dues Horlocher
gediene, demselbigen einem meyste
leyder) ein besteckt mässer und
sunst zwölff misser mnnder ettliche
elößs
malen verkhoufft, das pelle daruon
behalleen unnd inn sinen nun ver
bruchn, für wölches aber gedacht
hörlocher ein nröuen erlegt woln sye.
Denne als er kurtzlich hieuor, umb
sant Johanns Tag sy dem predicene
zu Peppepwyl zedienen anpstanden.
hab er dem selbigen ein par allers pyt
tifflen, sampt einen verschuch
genommen unnd die wyrtstiffell
einem welschen mann alhie vnnder
dee fronen umb vi batzen ver
khaufft, vnnd die schu lipind noch
zu Pappegwyl udr einem nop
dahin un sy behallen vrbors</Unicode>
            </TextEquiv>
        </TextRegion>
    </Page>
</PcGts>
