4032 3024
1239 546 1926 692 enne annderer dießstälen halb
1254 645 1935 755 laßen es mes gunglich by hieuor
1263 700 1921 818 gethaner versphnn gelebn
1260 760 1938 881 mie hochem bezugen das wanderr
1319 842 1919 949 iun sin läbenlageit,
1259 886 1903 1017 fro Oden habe pitter deß
1267 961 1923 1093 halb nich in sr herrn ganz
1268 1017 1911 1137 tungenlich vmb gned vnd ver¬
1282 1086 1889 1202 zychung dess epiettens, wo
1267 1153 1891 1281 Iune gnad bewisen, er sich
1272 1236 1942 1353 funchin besserrn, söllicher sachn
1283 1300 1922 1408 enthallten vnd furchin Erlich
1307 1357 1937 1455 der redlich, inn allen den, das
1559 1425 1629 1476 wit
1261 1430 1943 1533 In undegäben, halben und nag
1294 1490 1423 1559 wölle.
1316 1551 1905 1675 st ein mal lür uffzogen und
1349 1633 1797 1734 die nit bshantlich
1291 1706 1936 1805 ist uff sampstag dem 26. augusti
1304 1767 1899 1845 570 jar uor minen yn herren
1296 1818 1902 1900 ledig erkhennn, doch das er Inn der
1292 1869 1895 1958 Erffy mitt rutten geschlagen werden.
1377 2018 1930 2146 f ziistay dem xpix tag
1327 2104 1942 2206 augusti Den 15 5. jar ist
1350 2171 1940 2270 vom Heren Grossweybell
1362 2237 1823 2325 Vilhelm vom sten
1462 2313 1918 2422 Petter Rod von Oulens
1498 2379 1896 2481 der herschafft Milden
1314 2421 1940 2565 inn der mannen kaffy befreg
1945 696 2009 779 s
1955 768 2010 816 lib
2019 514 2679 641 unnd imme fürgehallnen worden.
2017 562 2663 700 ob er bekanntlich ein unnd plouben
2009 624 2701 755 wöll, das er der vordrigen taxen
1999 669 2672 828 ffommen, daselbst einem bruder
2008 735 2690 889 at so inn gefengknus glaͤgen
2020 817 2680 968 zugrufft unnd im fürgäben, er
2040 877 2698 1020 wöllee selbiger Nache zu Im schon
2036 946 2711 1056 vnd ertwas mit Ien reden vnnd
2037 1008 2690 1141 alß sich by nachtlicher weyl hinzu
2035 1083 2653 1184 gemacht, an die gefengkenns
2052 1129 2685 1242 die tile ufwägen, das malen
2054 1185 2677 1308 schlosse, daran zerbrachen, vnd
2049 1241 2678 1362 also genampten einem bruder
2064 1306 2652 1432 so de kessy heimlich hlffen
2057 1368 2708 1487 wille abe vnderstannden habe,
2051 1480 2698 1618 Ist hierüber sin antrurtt, das
2058 1557 2709 1674 das er seinlichs mit gethan noch
2072 1634 2711 1725 vil min nie Inn sinen Eim
2066 1681 2719 1780 noch gmitt genommen, noch vil
2065 1733 2704 1824 minder sölliches mit der than
2076 1790 2734 1891 zuthund vndestande habe. dann
2081 1850 2733 1942 als steinlichs am vrschinnn don,
2093 1906 2692 2001 tag beschächen sin söll, sich er
2086 1962 2698 2066 uff selbigen tag zu Milden zu
2089 2037 2692 2115 Märit gstin, vnd des tags mie
2087 2080 2701 2173 gen Vätterlingen khommen
2101 2131 2716 2224 mitt cochem bezüg, das er zu
2107 2188 2695 2270 sätterlingen einer g heren
2095 2237 2722 2330 Hus, nie angeurtt, vnnd deß¬
2099 2298 2699 2380 halb nie darin gsin, noch weder
2106 2351 2719 2442 tile oder schloß zerbrächen, noch
2089 2407 2728 2504 imme ußhälffen wöllen, dann
2094 2468 2697 2555 so er söllichs Im Ein f vnd
