4032 3024
1283 541 1352 645 ch
1381 539 1926 652 fürgäben, berures nus g
1248 603 1945 728 herr schulthys Nägelis sum habe
1408 661 1874 775 der Büchsten uff inno
1279 749 1413 817 unnd
1413 749 1613 846 daby ond
1607 751 1945 865 gsprochen er
1278 803 1948 908 wurde noch reden das man
1276 880 1944 991 in den kopf von den elchsten
1324 935 1962 1044 annen houwen werd. Solle deß
1297 1001 1966 1099 halb anzeigen, ußs was grund und
1343 1063 1898 1185 sich er bewigt sye, sölliche
1320 1137 1728 1254 mett ußzestossen
1262 1296 1973 1429 Vff steinlichs hatt in angezesht, den¬
1306 1380 1995 1475 ach er also daselbst zu langenhebt
1300 1437 1942 1525 ein sn wyl im wüeshuß
1387 1479 1981 1575 sen, vnnd mitt gurn gsellen
1339 1553 1953 1640 st bezächt worden, immassen
1327 1632 1987 1697 das der derglyschen by vyl sines
1318 1666 2002 1776 abens nih beschehnes sye, deheid
1325 1724 1934 1836 ettlich von den keiegsluchen aupfan
1333 1780 1996 1887 erden, sonnderlich einer von Solahrs
1384 1853 1984 1959 obgedachte ins g hrr schuldig
1320 1913 1960 2016 Nägelis sun, was derselb zu zu
1336 1974 1796 2077 bigen hutte angfang
1369 2039 2011 2148 öchte in villichen fürghaltene wort
1353 2102 1971 2211 im wynfucher gredt haben, aber
1416 2164 1983 2260 se im gar unbewüße, dann
1727 2224 1771 2268 e
1331 2217 1956 2327 ir wusse auch it wige In
1440 2274 1958 2387 Iun hab, also sich er, als
1400 2337 1962 2440 stadt di wyn beladen
1383 2379 1989 2518 w�ßen, wölle deßhalb deren
1399 2452 1942 2586 Domaln by im grusen
2055 529 2786 661 glauben gäben unnd was dieselben
2066 574 2713 723 sagen, das in domals gredt und
2073 650 2742 792 gethan habe, aured sin, vnnd Irer
2070 720 2785 855 zügnus teüwen. Unnd wann dann
2081 782 2658 895 r ettwas ungerürlichs vff
2088 861 2650 964 zr Hernn, oder den Herr
2070 915 2733 1031 Schultheys Nägelin unnd sie
2076 978 2748 1095 sun greden habe er umb soüil
2093 1044 2713 1152 vberzogen dann es habent
2086 1107 2765 1225 zur ei s herren und ober
2114 1184 2763 1280 gmeinlich, vnd des gesagt her
2090 1246 2735 1353 Schulchers Näpeli ouch sins su
2111 1311 2668 1422 allwigen vil gus bewisen
2111 1373 2760 1485 erzugt, wäre deßthalb auch Ime
2113 1444 2772 1550 von gantzen hengen leyd das zu
2109 1513 2679 1601 ertwas ungefälch zustunde
2122 1583 2682 1677 pitter deßhalb hochgenomet
2103 1624 2794 1738 tin sr herren vnd meipkliche
2111 1705 2785 1801 den er hirdurch nächte beleydige
2116 1759 2783 1872 haben umb gnad unnd verzyhig
2124 1833 2706 1931 gantz rungenlich und demutag
2120 1890 2721 2000 mitt anzigung und höchlich
2125 1953 2782 2064 versprächen, das er sich um fürhin
2122 2024 2711 2122 ragten und halben wölle, das
2114 2087 2640 2180 niemandts kheim arcs
2120 2136 2621 2244 von im sachen wrde.
2126 2198 2758 2306 wölli derweyen in s herren nacht
2127 2258 2778 2361 das söllich alles munkner vnbe¬
2130 2324 2743 2415 suwe wys beschächen unnd in
2135 2368 2786 2479 die sach von hetzen lyd syn. Inne
2134 2427 2633 2540 darüber gnädigklich ze bede
