4032 3024
1294 595 1908 733 uff zinstag dem 18. tag juli
1300 660 1885 759 Dan 15 70t jar ien gegen
1322 719 1919 820 württigkheyrt, Herrn Ballus
1307 779 1929 893 Baldis des Thars Gnchoni Michels
1303 836 1895 940 der Burgeren, Wilhelmen vom
1315 907 1907 1012 Dem Großwybels tc. Ist
1432 1012 1766 1142 m zaunger.
1288 1120 1912 1250 zu Marckzili abermals befraggen
1307 1204 1927 1310 unnd ernstig fürghallten worden.
1292 1272 1928 1373 namlich, alsdann sy ej haupte
1302 1326 1891 1429 hievor bekhantlich worden, das
1310 1395 1938 1477 sy mitt Bastian Meyer ires mans
1300 1448 1926 1543 bruder ein blurschand begangen,
1314 1503 1944 1597 also man zu vermellen Gastien Meyse
1311 1559 1947 1667 ouch griffen, vnnd pfengklich jung
1306 1630 1954 1714 legn, wöllicher inn seinem spand
1306 1675 1933 1783 bekhennn unnd fürgäben, nambich
1323 1734 1941 1840 das er des vesten vermeinens vnnd
1321 1788 1959 1896 sinnes sye unnd ouch daruff sterben
1328 1854 1946 1958 wölle, das sy atem imme sein
1327 1908 1942 2006 lichs Inn einem pfannenklusen,
1334 1976 1941 2075 oder surpen, so sy gebhochen hatt
1338 2034 1931 2136 zuässen gäben oder im trannek
1333 2087 1947 2198 uf einem kleinen bächerln
1351 2161 1927 2263 den sy imme allein fürgstell
1355 2216 1904 2317 unnd stunst niemandes, dann
1343 2266 1967 2379 Ime, daruß minckein lassen,
1365 2330 1966 2438 zerrincken gäben, Dann sy habt
1353 2395 1970 2500 erstlich, eitwen vff das dritt mal
2530 481 2600 544 48
1986 507 2679 659 nach Im gschickt, er sollte khommen
1973 565 2692 714 dir man wäre dahenmen. Zum annderen
1990 633 2647 761 das sy zu nacht kochert vnnd nie,
2002 672 2671 830 mands Inn die kuhi zum häffnen
1998 745 2685 868 unnd dem fürer wöllen khommen
1999 794 2649 944 lassen, zum dritten das sy als
1994 848 2685 980 obgemell, im ein kleines bächerli
1999 943 2638 1055 fürgstellen unnd sunst niemandes
2003 991 2692 1092 dann ine daruß trincken lassen
2032 1049 2624 1158 wöllen, Zum riertten, das sy
2018 1085 2670 1211 Imme mornndes nach biß für das
2034 1150 2719 1274 ihrr sinnst nachgfuffen unnd mit
2027 1220 2682 1313 an dnn sin khönnden, immassen
2033 1269 2672 1381 das sy imme daruon gelieben do
2030 1339 2716 1437 se aber vornacher mitt Iren nit wol
2034 1386 2701 1496 zu friden unnd des einen gewäßen
2055 1440 2701 1553 syenden. Deßhalb söllee sy nun
2052 1498 2700 1612 moln die grundtliche waarheytt an,
2047 1582 2162 1679 zeyg
2056 1653 2710 1785 Vff seinliches Ist nochmals der be¬
2071 1741 2688 1825 gtwonen blurschand anred psin
2070 1781 2715 1878 Aber der annderen artticklen halb
2070 1844 2736 1942 wie dieselbige ira nach einander
2074 1894 2730 1998 fürgehallen woden mit bbhaurlich
2092 1940 2734 2035 in wöllen. Mirt söllichem
2082 2003 2734 2108 versprëchen. Es hab sich begäben
2079 2052 2740 2161 Nachtdem sy Irer zuuor lang erlict
2095 2106 2735 2211 ner kranckhrytt widerumb vfkhome
2097 2153 2736 2241 unnd inn eines iren nachpuden
2088 2195 2745 2304 huß 14 tag lang genant, das
2099 2259 2747 2355 darzzwüschen, vorgedachter Bastian
2100 2309 2735 2412 Meyer irs gewäßnen ehemains
2090 2358 2749 2475 Buder gan Burgdorff khommen
