4032 3024
1235 566 1927 681 Demnach sig er hinab gen solachr
1261 654 1905 734 zopen, willens ettwan ein meyste
1276 687 1906 790 zestuchen, dnn dem er aber daselbst
1256 741 1906 842 Inn eines Derenmans hus über¬
1266 801 1926 909 nach glägen, hab er alda ein schrär
1266 862 1878 959 eitfrombdett unnd zu Mulchy
1259 901 1931 1027 des mütts krächt umb bi batz
1263 966 1666 1073 zekhauffen gäben
1236 1058 1894 1177 Denne im mineshuss zu Mülchi
1274 1143 1927 1223 aber ein schweitt genommen damir
1271 1198 1917 1290 ins holtz zag da im die puren
1285 1250 1929 1340 nachgezagt, vnnd er Inen domaln
1281 1312 1930 1403 dasselbig guts willens, widervmbhin
1289 1380 1528 1463 haben habe
1304 1461 1887 1588 Syches so ist er behantlich, das er
1290 1542 1906 1637 zu Münstingen im wirtshus
1292 1597 1905 1693 ein daipire entfrömbdet unnd
1298 1646 1951 1745 dasselbig alhie an der spittaalgess
1293 1706 1939 1797 des vetter schmiden, bim krumnt
1313 1757 1911 1853 schmidkächen, umb ein halben
1314 1821 1650 1912 guldin verschoufft
1610 1881 1655 1926 1
1297 1924 1956 2050 Demnach hatt er anzziygt unnd ver¬
1363 2011 1941 2105 rochen (als man inn dessen eines
1345 2062 1930 2161 die bstalcg gezogen) das er gievor
1350 2119 1937 2212 inen frauwen manttell, dem
1325 2170 1960 2263 Kuger im obren spittaal vrkhoufft
1333 2225 1951 2327 unnd dargegen uss dem erlößen
1347 2279 1968 2382 gält von einem schumachen f gsell
1336 2339 1928 2447 ein schwartzen manttell umb
1336 2395 1959 2512 dey diekffen gekhaufft, wölchen
1785 2490 1978 2560 mantell
2032 565 2706 670 Mamnttell Hanms Zeunder der mässe,
2047 628 2719 733 schmid gsell bim schlüssell für den
2051 686 2675 790 sinen angesprochen, vnnd er der pe¬
2042 734 2683 851 dachu Zundr Imme denselbigen ge¬
2055 809 2350 899 nommen habe.
2018 874 2709 990 Vnnd also hiemitt mizin anndes
2053 935 2726 1040 enerrlichs gehandlen haben, bethanelich
2058 990 2723 1088 sein wollen, doch sich biß uffmordig
2067 1053 2602 1141 sag ze bedencken gnommen
2044 1431 2719 1577 Eodem praesentibus obstatt. Ist inn
2099 1523 2497 1626 der frouwen kiffy
2153 1606 2719 1720 Freni Zwalen von Brygk
2221 1688 2580 1777 uss wallig land.
2037 1751 2730 1854 Examiniertt, vnnd Ire erstlich für,
2098 1817 2713 1910 gehallten worden, namlich ob fra
2095 1873 2721 1967 mit meee Ingedenck, das sy des
2118 1933 2721 2026 fordrigen Jans von Wägen jer
2112 1984 2749 2084 verübten zaubey unnd feilensachen
2115 2053 2713 2146 uss miner sy herrn landen
2108 2112 2741 2201 vnnd greietten vnermitt dem
2088 2162 2740 2257 Eydt verwisen worden sye unnd
2104 2223 2763 2324 sy aber yezmaln über söllichen ien
2116 2281 2710 2385 gedannen eydt sich herrn pe¬
2120 2336 2371 2445 lassen.
