4000 3000
66 30 142 107 30.
608 24 702 92 Shuben
169 50 356 141 Die Jäni¬
401 42 930 165 Schwartze, derenn Inn dem an
186 104 950 203 ihr gu amptsman den hr vogt zu Signauw
204 150 902 242 gelangten bericht meldungg geschicht, sos
211 186 907 264 uß dem Sack gezogenn, vnnd wo sy selbige
209 231 916 304 bekommen, anlangen thut, hat sy vermeldet
213 266 926 351 als sy obgemelter Ursula Steffflerin etwas
216 312 914 384 vom bedeng vff Lupffung geholffenn, vnnd sich
207 348 911 421 mit dem haupt oberg an ein trang gestoßenn
201 384 925 471 der gstallteng das fra hubenn unnd thüthlihind
213 426 908 509 ob ung das waßer gefallenn unnd allenktlich
220 468 921 541 naß wordenn, habe der hr. Predicannt
200 510 914 575 zu Wolckrinngen zu Fra gesatt, er habe da
201 545 893 610 ein Hubeng tnn demsackh hiemit die selbig
216 603 904 662 her fürzogeng unnd fra gebeng, welche sy sals
199 616 926 705 aberet empfangen unnd uffgelegt, auch so gang
214 665 941 733 behaltenn, iß das ghr anndere huben wider
217 703 916 774 rumb trocheng worden, habe aber volgenuts
225 738 902 827 olche heuben widerumb vonn Saunden geben
214 828 944 913 eriners anntreffendt, das sy inn dem wirts
199 882 905 939 huß zu dem Herren Predicanten zu Wolckeine
216 934 926 989 unnd deßelbenn hußfrauweng geredt, das sy mit
225 964 928 1035 ampt der wirtig zur rönen unnd anserem
214 1009 926 1070 wyberen vonn Berin eine gadenfhart gethag,
219 1053 919 1111 unnd unnder den selben frauwen eine ein magt
219 1083 923 1148 ghan, welche derselben, als sy geschlaffenn, die
216 1121 913 1192 Kleider vnnd außers genommen, vnßd die Frio
238 1159 927 1224 alda habe ligeng laßenn. Darüber hat sy an:
228 1197 934 1262 gezeigt, whar syn, das sy ire schwöster die
223 1234 926 1286 wirtung zur ronenn zu Burgdorff unnd etliche
231 1275 832 1334 wyber mit einanderen eine baden fhart
837 1293 909 1335 am
240 1311 938 1367 ereusten ort verricht, welcher irer schwest
232 1355 925 1399 durch der selbenn magt die kleider unnd anderen
237 1382 904 1443 achein eintfrömbset unnd dargegenn der
231 1420 935 1479 magt kleider an stath gelaßen wordenn
228 1456 907 1526 ggennt, da nun sy Madelang Wnadtli die
223 1501 923 1566 rigeng uß gezogenn unnd der magt hfindern
223 1537 916 1599 laßne kleider anngelegt, dem meytli nachge
219 1580 927 1650 ylt, inn hoffnung daßelbig etwann uf (der straß
228 1615 930 1691 an zu trettung, welches sy doch neinaten betretfen
228 1660 354 1705 mögeng
206 1718 928 1797 Anlangendt Jannethig, das sy dem jenigen
234 1779 910 1854 nan, welchen sy schlaffenn ligend funden, den
231 1821 890 1895 erkel uß dem sackh gezogen unnd by dem
220 1864 909 1934 sachs konen daruß gekommen haben söllenn
204 1907 912 1971 Darüber hat sy bekannt, als sy unnd erwegen
219 1955 918 2020 ein zug anntroffen, daruff geseßen unndt
215 1986 909 2064 einen zut langg gerittenn, Volgennts aber
212 2027 934 2111 widerumb abgeseßen unnd uff der straß
226 2076 945 2151 einen man, welcher trunnekon gsig und (geschlaaff
222 2119 927 2186 unden, sy nit minder, dann das sy sich zu dem
223 2161 933 2238 selbigen genachet unnd inne werkenn, als er
222 2205 932 2276 aber nit erwachenn wohle, sye sy nach malenn
214 2246 917 2309 fort ganngen unndt habe weder inen seckel
217 2292 827 2359 noch gellt niemalen inn genden ghag
167 2364 949 2457 b
666 2437 1013 2541 iff nachmalen im
197 2465 659 2553 in herr Magdalena Wadtli
190 2479 1028 2577 das loch widerumb hinab geschürt unnd volgendts
201 2535 1024 2625 Inn das Schallenwerkk erkhenndt, Jedorh
215 2553 1041 2669 uff der driffen fürbiet unnd abtrag costens deselb
217 2652 511 2718 überhebt worden.
1198 136 1687 236 Duns n
1148 308 1852 409 lo uff Frybag den 22. augusti 1616
1143 377 1865 463 Jarß durch herren Johann Heendern deß rhats
1140 417 1831 501 Bueckart Fischern Großweybel unnd Johann
1146 459 1826 539 Byßen grischtschrybern, verluth ab gangnen
1134 490 1837 589 shats beuelch Vierentz Ritz wegeng deß dure
1149 532 1838 619 iund fürgenommen gefarlichen durchbröwnes ein
1140 566 1834 651 nes wolbeschloßnen spychers thüren, wie auch
1146 599 1832 681 begangnen zu griffs etliches gellts, Iun der
1146 633 1833 721 Nannen keffi Alhie mit worffeng examinier
1141 669 1812 744 wordenn snndt befragt wordenn, hat der sel
1148 702 1686 791 bige sich harüber erlüteret, wie volgt
1142 847 1810 927 Jantlichen alß er vor etwas Zytts zu
1141 891 1813 963 Morb gewärchet unndt alda vernommen das r
1163 930 1729 997 einem Trog Inn einem Seycher da selb
1155 969 1702 1040 gellts alß namlichenn by den zwey
1750 976 1828 1016 ndert
1158 1003 1804 1059 fronen lige, habe er sich unnderstanden daßelb
1158 1038 1790 1104 ze enntfrömbden, vnndt daruffthig mit eine
1143 1074 1814 1147 Nerrer, die thurenn Ze öffnen, gegen dem schlo¬
1171 1108 1717 1179 eboren, nach dem vnndt aber er gesechen
1153 1147 1784 1205 sölliches nit erschießlich syn wurde, unnver
1151 1180 1790 1249 Dannen er ein führ gereicht, vnndt vrneint
1155 1222 1718 1289 dem selbenn den Rigell söllicher thüren.
1157 1258 1699 1315 nen, wie aber er darnach gesechen, da
1166 1264 1753 1354 thür angangen, sye er ann eine schrecken.
1154 1327 1690 1394 unndt habe da selbst by einem brum
1156 1360 1686 1418 rechen, vnndt daßelbige führ mit den
1158 1399 1718 1454 köschenn wöllenn, nachdem nun der Zei
1167 1427 1751 1490 in sinerem Spycher Verubte sach venommn
1167 1464 1717 1512 elß bald haruf deng trog so inn den
1165 1502 1711 1564 gsitz Inn sinen Keller tragenn laßen
1164 1540 1742 1596 er Ritz noch mals by nachts ime inn
1167 1578 1799 1638 gebrochen vnndt also sölliches gellt vß dem T
1159 1607 1694 1665 enntfrömbdet, welliches er glych dan
1156 1651 1688 1707 den Gerd vrgrabenn, vnndt vonn den
1158 1683 1695 1740 aller dingen nützit verthan, dann
1164 1716 1709 1763 Nielauß Hackbrätt alhie Eing Cron
1175 1755 1694 1811 unff batzen, Item einem Meittli an
1170 1791 1684 1849 welliches meittli sy zmur Gien
1158 1824 1693 1871 Vernuer einem zu Almendingen auch
1155 1862 1693 1922 dem allten bellmundt zu Mürchli
1164 1893 1663 1953 batzen, vmb die Hoßenn so er trei
1177 1932 1669 1993 vmb ein par hoßen vnndt Schuch, an
1173 1975 1693 2037 Cronen Vß gebenn, vnndt vnngethan
1176 2013 1658 2065 einer Cronen sunst hin vnndt wie
1170 2042 1613 2107 eben nit durch vß ge rechnen
1171 2077 1592 2141 Vberig aber so vnngefhar by
1183 2110 1614 2177 sin, nach dem er es also vast
1177 2151 1646 2213 behalltenn dem jenigen selber
1175 2179 1598 2246 unndt unngenottiget wider
1185 2212 1671 2285 ersach aber mehren theilß disers
1183 2249 1695 2315 nach sye, nachdem er zu Wborbin
1176 2284 1726 2342 gewihnet, habe er do maln dem selbn
1173 2322 1662 2395 man umb den huß zinß wärche
1180 2352 1671 2421 gstallten, das er ziemit keing ba
1182 2385 1696 2462 kommen mögen, syn wyb unndt e
1187 2422 1690 2495 zu ernehren, vnndt also ganntz Kei
1181 2454 1695 2534 ghan auch sine gellten, so ime sehn
1182 2483 1695 2577 gestillenn, sonnst hette er tagliche
1870 41 1976 107 191
