4000 3000
53 71 151 137 206
183 107 1042 250 Vus ge, Sirnder kulten vnndt  nhrundet
148 185 1041 298 Inne aber zu sollichem annders mut, dann de¬
161 229 1039 341 horo der Zinnger vnndt mangeb, da er sich kumerli
162 287 1026 399 hin durch brinngen mögen, Verursachet vnnd
181 344 989 443 gebracht habe. Welliiges aber Innne Vonn
180 405 1001 511 grunndt sines Herheuch Leydt sye, deßer sie
177 464 1023 575 sölicher Igstallt vergeßen, Vnndt bätthe den
203 526 926 626 wegenn ein gnedige hoche oberkeit
953 557 1019 622 die
216 589 924 694 selbig Ieme diseren sinnn Phuler nit
951 616 1033 688 N
183 648 1032 755 Das höchste rechnng, sonndters vmb siner Eyn
204 704 1008 816 lichens frsunndtschafft vnndt Hocheg allters
211 775 1017 880 Willung gnedigst vzychen vnndt nachbe¬
199 840 388 925 wölle.
248 927 1000 1032 4 soote diser siner erzeigten vnntruc
593 1005 654 1039 1
103 1002 1015 1116 Swegenn Vff den 29. Juli Hars obstadt
217 1062 1007 1146 uff ein starcke censar uß 4. widerumb
220 1111 1028 1213 ledig gelaßen, vnndt dnuir dar by anzeig
232 1172 1032 1273 worden das min a  znr einricher
220 1232 1020 1343 hanndtreychnung ze thun nit gesinnet, der
231 1283 1007 1388 wegen er hr g nützit uber lauffenn
236 1348 1025 1448 sonnders sonnsteg lugen solle, wie er sich
215 1415 644 1502 furbringen möge
224 1557 970 1663 folget wychers under hrr Grob¬
383 1636 723 1718 Weibel Fischern
240 1731 1001 1836 Lendich Schwendi¬
749 1819 939 1900 Wangen
345 1830 581 1898 man von
928 1906 1038 1980 Wargen
146 1928 800 2029 Alsdann Bendicht Schwendiman von
181 1970 1032 2077 In zyt und wyll er by shr Rlaußen von Stülener
188 2028 1023 2125 Cundienst ghin, gegen demselbigen sich solcher vntrüw ge¬
200 2069 1025 2153 brucht, das er das imme gegebene gelt dry an under
197 2106 1036 2207 scheidenlichen enden dißer statt erkhauffte mitt haber
207 2149 1030 2241 darmit ze bezahlen hinderschlagen, dahar damn fur s
200 2202 1046 2278 von Mülener das gelt nachmalen abgenorderet unnd er
215 2237 1041 2331 er Hs deßwegenn billiche ursach gewunnen und bewegt
203 2284 1035 2365 worden, solche boßheit miren 9 h und oberer im 9
206 2321 1011 2422 seßnnn rhat klagswyß fürzebringen, ist haruf
196 2378 1031 2478 ler Schwendiman inn er mannenkeffi alhie gefencklich
193 2416 1001 2507 ingezogene unnd durch syn Großweybel Fischere
208 2448 1050 2556 daselbster über dißer geklagte untrüw nit worte
196 2501 1059 2607 nach noturfft vnd mit ernst examinert und erwischet.
202 2540 1032 2640 worden. Vnnd wiewol nun aber er Vnngeachtet
845 2589 1059 2684 ngewendter
1943 61 2034 118 209.
1139 67 1985 170 angewendter vermanungen die warheit anzuzeigene
1134 121 1970 196 einicher bewißen untrüw nit gespredig dyn wollen
1144 164 1981 259 sonder hochlichen bethürret, imme deßhalben ungütlich
1143 206 2043 295 gescheche, jedoch wyll uß seies eigenen biudersn gegebnen
1140 237 2015 332 bericht, welcher vermeldet, da er für ihmne benricht
1151 280 1993 364 sinen bruder an gwüßen orter etlichen haber bezalt
1140 316 2003 421 habe, sich gnugsam eerfunden, das er der that schuldig
1140 362 2006 451 Als ist er in amsechen siner ußgestandenen gefangen.
1141 406 1988 507 schafft uff Mitwischen den 25. septembris 1618 neben
1151 447 1988 529 abtragk cosfens widerumb ledig gelaßen und damit
1140 490 1967 594 ihn g statt von sölchen lasterhafften buben
1152 535 2004 627 gerumbt und eherenbemelter s von Mülenen dißen
1130 580 1974 680 gesellen nit fetd vor den augen haben m�ße, mit
1140 619 1985 696 einer gelübtt an bydes statt von der statt unnd
1157 664 2036 752 dero burgeren zi verwëßen worden mit betroüwung
1150 708 2000 788 wann er sch über diß unnd onne begnädigung hary
1164 753 1994 831 laßen oder sonsten jemandt schwachen, man in
1143 799 2006 894 zu sines glychen tlychtfertigen gesellen an gebürenden
1163 837 1629 928 aten znfeßlen laßen werde.
1145 993 1919 1110 Jacob Gchenberger uß
1225 1078 1848 1174 der grafschafft togkenburg.
1123 1074 1215 1167 1
1128 1158 1200 1238 d
1448 1195 1507 1244 a
1156 1191 1973 1297 sh donftag den 26. Septembris 1616 jarr inn
1170 1268 1983 1339 gegenwertigkeit der frommmen fürsichtigen fürnemmene
1172 1306 1986 1381 unnd wyßen herren darid Ammans deß Rhats
1161 1349 2033 1441 Peter Risoldts der burgeren unnd Burkkhart Fischers
1177 1393 2018 1486 Großweibels ist Jacob Echenberger uß der graff
1157 1447 2024 1516 hafft Toggenburg burtig uber gezigenen diebta eines
1173 1492 1997 1564 entth�rten reßes zu Martzili alhie nit frett exa
1179 1533 2009 1606 mitert unnd befragt worden, der hat aber an und
1175 1573 1983 1653 nebent der marter andern nit, dann wie volget
1182 1629 1443 1688 bethennen wöllen.
1176 1646 2009 1730 namlichen nachdem er vor etwas jaren by künfft
1178 1710 2006 1787 monaten im pemont under einem gewüßen hauptman
1181 1756 1983 1836 Uß Wallis gediret und sonderlichen etliche arbeit zu
1169 1805 2037 1883 schiffen Inn Marzel gholffen verrichten, sye er demmach
1186 1846 2079 1916 dein Wallis khommen, allda er sigt samt siner ehebrouwen
1177 1886 2030 1974 mit seinem zimenhandtwerck fürbacht und nachmahen
1181 1942 2063 2020 Ie willenkhomen, sich nach ihng in bezuchang einer
1163 1986 2022 2058 gew��en schuldt ze begeben, Als er nun die reyß an
1156 2029 2040 2108 ee standt genomen nnd über den walligberg wörßer
1181 2081 2067 2155 wöllen se er allerdingen verschuyet worden, solcher
1191 2119 2034 2203 gstalten, das er emmal wythels nit khomen mögen.
1196 2164 2049 2251 sonders aldar verblyben mußen, vnnd dahar Inn ein
1182 2214 2088 2304 krankheit gerahten jedoch nüt desto weniger volgendt
1189 2270 2004 2351 nach vnnd nach fort gezogen biß er endtlichen ein
1188 2310 2081 2392 mansper sohn so von zugen bürtig syn fürgeben der namen
1203 2357 2055 2443 aber ime nit ihmn w�ßen) underwegen zu imme
1197 2397 2088 2488 khomen, welche Inne gefangnen, wohin er wolle be¬
1206 2440 2090 2542 tragt, vnnd wie ers ihre angezeigt erselbig wythers
1187 2480 2070 2579 zin gemm gesprochen habe, wölle mit ene, habe das
1209 2540 2088 2625 10ß, so da thure gekhaufft unnd zalt und wölle sem
1188 2588 2094 2672 gefangnen daruff laßen ryten, welches auch beschechen
1187 2620 2059 2731 geendt hiemit mit einanderen fort gezeyßet und als
1980 2709 2040 2780 sy
