4000 3000
153 2048 192 2116 6
48 95 144 159 136
187 153 886 280 Jans Jacob Ny
365 234 752 317 von Zoffigen.
93 328 951 473 Demnach Hans Jacob Rych von Hoffingen
186 402 962 517 beitig zu Lebes ihm worts huße, da er getrechen
186 459 949 550 und nash dem er wyns hatt worden, ein zenm
186 496 951 593 blatten erwiescht, selbige Im bußen gestoßen, vnd
191 548 951 641 volgendts darmit davon lauffen wöllen, daselbste
201 595 952 690 rgriffen, im gfangenschafft geschürt zu underschiten,
194 645 938 738 malen mit der varterverfeckt, vnnd nach gethan
198 689 966 784 bekhandtnuß der entwerdeten zininen blatter und
197 742 897 821 etlichen wenig höüws vom gericht darinnen
908 779 967 826 an da
193 781 966 886 gemeine werck alhar erkhendt unnd geschickt, ist
198 848 911 915 uff montag den 3. julii 1615 jars durch syin
916 869 984 953 rs
192 891 961 979 weibel von Büren inn der gfangenschafft der
204 942 987 1038 Mannenkeffi alhie über anzogne heringe diebstäl mit
203 999 954 1074 woiten befragt vnd examimert, vnnd nach dem er
220 1044 963 1132 ieders nit bekhennen wöllen, dann das er der zy
212 1094 962 1158 unnd stundt, do er gemelte blätter unnd höyw e
222 1133 974 1213 nies schwagers, welcher by dume gsin, pfe also in
206 1178 969 1258 wyn beladen gsin, das er nit gewüßt, was er
219 1222 969 1299 gethan unnd hieneben auch vermëldet, siit glouben
212 1273 957 1340 thönne, das er dißere bätten habe entfrembden
221 1319 992 1383 wöllen, sie sach meinen gnedigen u inn geseßnem schat
215 1378 980 1437 fürgebracht, uß ansechen derselben uff abtrag costen
209 1416 948 1489 mit einer ceusur unnd vermanung zinstag dem
216 1463 971 1533 2. gemelten monats vnnd Jars widerumb ledig ge¬
209 1514 447 1580 laßen worden.
242 1563 881 1785 Hans Beniger
400 1758 768 1836 von Kernenriedt.
500 1868 703 1939 aplb
188 1881 990 1988 uff Zinstag den 18. julii 1615 jars hat Hans
212 1948 993 2025 Wieniger von Kernenriedt wegenn er hivor
185 1985 990 2076 schulden gemacht, die er nit all bezahlen mögen s
195 2028 992 2130 das er ein geltstag haben unnd man an eme
206 2090 985 2161 lieren müßen, nachdem er etliche wochen lang
208 2132 980 2227 fenklich alhie inn der mannenkesfi enthalten
210 2185 984 2266 worden, Uß ansechen vnnd beuelch inner s h
210 2221 998 2337 vermog der stattsatzung von statt unnd land
200 2275 1005 2385 ußgeschworen, mit dem zusatz, das er von Mre
212 2327 978 2409 den st gemelten monate anzerechnen noch ein
213 2365 992 2473 monat lang im land platz haben vnnd hiezwesen
206 2426 993 2521 nach mitlen trachten, wie er sine glöübiger bes
198 2469 1004 2561 khöne, Im thal aber solches annert gesagtem meen
215 2496 1002 2626 nit beschicht, er dann sie leittung ar die handtu
206 2561 992 2680 Vnnd so lang ihr es landt vnnd gebiet wyden
203 2613 966 2717 Vntzig er sine areditores vnklagbar gemacht
214 2690 388 2765 wirdt.
1808 49 1905 110 137.
1143 119 1738 263 Hennrich Jeceß
1304 220 1584 308 burger alhie
1059 312 1952 458 Gesdamn Heinrich Driess bürtig alhie wegen
1080 388 1937 478 menen gnedigen herren unnd oberen fürkhommen
1068 431 1910 538 das er vor etwas zyt an der ehegeshalden
1038 477 1932 571 da er dann deß vychs gehübet, sich ihm die karen
1093 529 1937 626 türtzen unnd also selbs ertrencken wöllen, neben
1079 585 1940 678 dem auch ußgoßen unnd geredt habe, sich noch umb
1086 631 1927 729 zebringen, von denselben an das Schallerwerck er-
1073 685 1957 768 khenndt worden, an demselbigen aber sich also ver¬
1086 726 1928 829 halben, das er sich verleben laßen, er habe (mmit
1092 782 1953 872 reverentia) unchristenlich gehandlet wüße unnd
1088 838 1940 925 möge nit mehr leben, vnnd wann er mir ein smaser
1091 885 1952 970 mochte bekhomen, wölte sich damit erstächent, daß
1106 929 1934 1007 dadamnen in die mannenkeffi gelegt unnd gthürt
1022 981 1070 1030 gen
1090 979 1948 1076 unnd nachmalen inn gegenwürtigkeit der fromen etc.
1023 1032 1897 1108 jh syin sammel Holtzers deß Rhats Christoffell
1107 1085 1955 1162 zackbräts der burgeren unnd Burckhalt Fischers
1103 1130 1934 1229 Großweybels zu Martzili alhie mit der marter
1094 1180 1948 1281 der ursachenn sölchen sinen bößen fürnemmens synlich
1107 1242 1955 1318 ex aminiert unnd befragt wordenn hat er harub
1104 1291 1934 1364 sich volgender maßer verantwortet und versprochen
1100 1349 1934 1439 Wie das nit weinger, dann das er sich zu etlichen
1100 1407 1907 1489 vnderschiderlichen malen lybloß Jothun geredt habe
1100 1443 1944 1532 zu demelbigen  aber habe ihme erstlichen in ehewyb
1116 1489 1920 1560 welche iume thein guts thüye, demnach das es
1097 1546 1892 1629 Imme also schlechtlich gange vnnd er Im großen
1121 1585 1882 1658 armut vnnd ellend sye Item das die Jugend zum
1121 1630 1922 1708 tets plage vnnd verspotte, verursachet, dann er
1113 1691 1905 1750 bißwylenn, sonderlichen aber wann er nmit wyn
1110 1732 1914 1789 beladen, also widerwertig vnnd Vnmutig werde
1113 1776 1937 1850 das er nit wüße, was er sinne oder thüye, deß
1118 1822 1982 1913 wegenn wol glouben möge, ser alldann villicht sachen
1131 1872 1915 1960 inzeige, die an sich selbs nit syendt alsda er sich
1134 1913 1979 1990 nemalen mit unshrifftenlichen wercken oder anderen
1122 1973 1913 2056 mißhandlungen vergeßen habe. Vnnd wie wol
1127 2013 1952 2091 nun aber ihr g vermutet, wyll er sich selbsten
1121 2066 1961 2124 vmb sin leben bringen wollen, er vil bößer sather
1131 2106 1929 2192 werde müßen begangen haben unnd dero halben
1110 2150 1913 2232 ime an die marter schlachen laßen, so hat er
1130 2197 1964 2284 doch anders unnd wythers nit, dann wie obstaht
1132 2256 1984 2325 bekhennen wollen, vnnd also sie vnschuldt furgebner
1127 2294 1937 2385 Vnchristenlicher thaten an des varter erhalten
1092 2337 2001 2437 deßwegenn er dann von hochgenandten Ihr Gnadere
1139 2389 1899 2475 widerumb an das Schallenwerck erkhenndt
1133 2459 1336 2527 worden.
1097 2494 2021 2607 Actum Montag den 14. augusti 1625 Jars
