4000 3000
39 1478 170 1532 praben je
50 1516 168 1555 anderen ne
46 1538 165 1586 vier junge
68 1574 127 1615 eden
75 99 169 187 85
243 89 946 246 Auna 2ter
347 174 750 257 von Munsingen.
135 292 924 407 Aach dem dißere wybsersihre sich so wyt kege
186 351 912 437 das sy ein ihr (Ihrem fürgeben nach) ehelich erz
188 396 927 489 khindt, gemeinem Christenlichen bruch gentzlichen zuri
179 443 930 531 zum anderen mal, als erstlichen zu Münsingen, dem
173 485 932 580 zu Regenstorff touffen laßen, vnnd hiemit das Sacra
180 536 921 624 deß hefligenn touffs lyschtsinniger wyß entehen
185 578 917 666 Item auch im verdacht gesahten, als das sy sy
188 615 910 709 von ihrer sugent an mit Hery unnd diebstäl
198 669 929 754 vilfaltig vergriffen unnd vertiefft haben, solle
197 719 924 807 Vnd dezwegenn gwahrsamlichen alhar In die
191 763 928 847 fangenschafft dese lochs überschikt. Ist sy harus
200 808 934 900 uff zinstag den 8. Novembris 161 4 Aars us
194 864 930 945 ansechen vnnd beuelch mener gnädigen Herren V¬
200 919 942 985 oberen durch die eherennesten etc. H2 brat herrn
188 954 930 1025 deß Rhatt, Wilhelm Hirtzen der Burgeren, vn
183 989 935 1077 Dauid von Büren Großweybel daselbsten zn log
201 1041 941 1108 uber den einen vnnd anßerere artickilus mit wort
204 1083 939 1154 nach noturfft ernsthafftig examinert unnd volger
211 1122 938 1195 oster bescheidt von ta vernommen worden, W
211 1170 948 1240 das nit weniger dann sy ihr jüngst khindt, welches
201 1205 930 1276 Hans Schmidts ihres ehemans dersdam dißer zyt
191 1252 934 1337 im krieg, ehelich khindt sye nit zwar ußt wüßen
213 1293 941 1378 loßheit sonders lutherer einhalt beide zu Münssingen
203 1341 939 1415 unnd Jegenstocff touffen laeßen Hieneben aber
201 1390 927 1443 vermeldet wegen schwarer betröüwung gemelts
198 1428 951 1487 ihres ehemans, wie auch das sy ein krancke übeleigten
191 1473 944 1531 khindtbetterin gin) vnnd großen Junger vnnd eange
195 1522 941 1586 zu Münsingen gelidter by wyllen ihrer thindtbette a
197 1562 949 1636 weßendts deß ehemans, söllich ihr khindt zum ander
189 1602 957 1684 mal an gesagten beiden orten tauffen laßen zu heten
185 1653 887 1723 welches nun dra von hertzer leydt sye vnnd
195 1691 938 1757 wegen gott den herren und ein hoche oberkhei
183 1747 942 1827 umb gnad unnd verzychung bätte, als die sich gi
194 1789 936 1854 sam erkhenne, hochlichen verfalt vnnd gestindige
183 1837 933 1917 zu haben, Jedoch vßert dißern sich wol vnd ehrlich verhaltn
183 1868 932 1963 Was aber vber y geklagte Hury unnd diebtäll
192 1927 938 2002 belanget, hat sy gentzlichen vernemmet, sich daß er
183 1972 942 2055 oder anderen stucks halb gemalen begangen zu hu¬
180 2017 947 2094 unnd wiewol sy haruff us hoffnung anderr
189 2061 953 2148 bekhandtnuß mit dem dumyßere geferkt worden.
180 2107 929 2196 hat y doch uber obgemelte gethane vergichte
189 2160 950 2254 nütt wythers bekhennen wollen noch khöner
171 2200 954 2302 dann sy inn ein giecht unnd fallende secht gäth
171 2263 942 2350 hingebrochen, also das khein wort mehr uß ihm
179 2316 436 2380 zubringen gsin
180 2348 945 2424 Bittet vmb grad, vnnd das man Ihrer sachere begangen
196 2376 953 2484 schafft, auch handels und wandelse flyßige nachseß
174 2445 353 2501 haben wöllen.
1790 57 1888 135 89
1114 68 1691 199 Jania Aucki
1282 155 1665 242 von Meüringen.
1026 249 1887 411 Aesdrm Dannel Sturki von Münsingen bürtig uff
1251 342 1283 369 a
1061 304 1955 434 zinstag den 8. novembris 161 4. jars dureh zu eheren.
1073 343 1920 462 uften unnd wyßen h brat Herporten deß Rhats
1061 403 1899 513 Wilhelm Hirthen der Burgeren vnnd dauiden von
1058 442 1921 561 Büren Großweybel inn der mannenkeffi, alhie mit
1058 498 1920 597 ernsthafften worten fürgehalten worden, wie das
1067 541 1908 633 minte gnedigen hrrn oder einem ehr amen chorgricht
1068 582 1909 677 von der erbarkeit daußen schrifftlich fürkhommen
1061 627 1944 726 was maßen er sich mit Urstula Wylerin nachgemelt
1066 686 1941 766 nit nur einfaltig dem gnry unnd ehebruch dergstalten
1064 721 1893 807 vertrefft, das er mit derselben diy vnderschigen liche
1058 757 1931 851 theler begangen, vnnd dahar auch die Vneheliche khinder
1068 813 1931 903 bekhommen, sondern auch sich so eher unnd wyt ver
1065 858 1878 957 gäßenn, das er sya, als sy der gebrt nächig gsie
1068 901 1901 995 hinweg unnd uß dem landt inn das Lurerner gebret
1068 951 1890 1030 daselbtenn khindts zuligen verschaffet unnd darby
1073 1000 1919 1077 auch angewißen habe, das khindt nit imme, sonders
1066 1039 1966 1116 einem anderen zutouffen vnnd eignen zulaßenn denne
1065 1086 1946 1161 das er mit gemelter Wylerin sich vereint unnd über
1074 1141 1942 1206 khommen, thals sin ehewyb sich von imme scheiden laßen
1074 1176 1895 1252 vnnd er ledig sun wurde denzmalen mitt derselben
1067 1216 1879 1287 boit zezuchenn, vnnd hiemit den Cläcken zeruenen
1065 1265 1949 1341 hat er harber volgenden bescheidt werden laßenn.
1077 1313 1914 1390 es ge wahr, das er gesagte Wylerin, do er dieselb
1071 1353 1892 1440 letstlichen geschwärgeret unnd sy nächig gsin, im
1074 1401 1943 1468 buferner gebiet sich zu khindtberti abgeschaffet (unnd
1085 1453 1931 1519 das vmb der Vrsach willen, das de sach etwas lengen
1083 1500 1886 1561 verschwigen bliben möchte) das er aber sya im
1074 1540 1949 1602 münsten an oder vffgewißenn das khindt einem an¬
1069 1581 1919 1661 dern dann Imme zutoufften zulaßenn, Sye so Eher
1071 1632 1922 1707 das er vil mehr Ihra benolchen, es Ime als rechtem
1073 1672 1953 1740 Vattern zuzeeignen deßwegenn Ime solliches vnbil¬
1067 1725 1883 1793 licher wyße zugerießen werde, sonsten khönne er
1077 1767 1968 1848 nit vernenen, dann das er sich mit Ihra Wylerne zum
1079 1816 1926 1893 dritten mal im zury unnd ehebruch lychtsimigen
1079 1860 1952 1925 wys vergangen unnd aber vermeldet, sy imme sets
1076 1913 1883 1972 nachgezogen vnnd gehängelet, also das er zia nit
1077 1949 1941 2025 müsag gahn khönnen, jedoch ußert zia sich sonster
1074 1998 1943 2081 mit keiner anderen wybspersoe unordenticher gstalt
1074 2032 1925 2116 vermischet habe, wiewol er sich da by den 9. janen gebrucht.
1074 2081 1947 2179 anbelangende, das er vnnd sy Wylenn einer anschla¬
1062 2143 1962 2232 haben söllindt, mit einanderen den flätten zereinen
1074 2193 1949 2281 vnnd daruon zuzuchen, Sye dasselbig bheis wegs
1068 2238 1900 2324 wahr, dann er sich Ia nun mehr wol huben
1076 2273 1948 2375 vnnd gonnen wolle, damit er nit mehr Inn solche
1062 2318 1789 2410 facienden khommen vnnd gerahten muße
1059 2377 1930 2489 Ist uff Fiytag da 24 monats obtahte uff
1074 2437 1985 2563 sndtechtug  gulden bur ufflegte buße
