4000 3000
80 34 171 92 252.
225 10 1051 162 welche aber sampt den, so dero angehangt, iun
205 77 1058 206 der gestalltes lendt, das er deßwegens umb gnt
189 128 1038 246 unnd verzychung bättte, sich auch also inzestellen nd
214 177 1046 293 gegen einer oberkeit gehorsam zu verhalltenn, n
188 219 1038 330 Der glychen wüitzet mehr trng imme müße gehört
233 276 1055 401 werden anerbiete unnd dartby verspreche, des erde
209 333 1047 443 unnd alles annders, so imme jnmantt sinen 9hr und
207 376 1052 496 Oberen fürthers wirt angemuttet werden, gul
204 425 938 523 willigklich vnnd gehorsamlich zu erstatten
192 481 1023 612 hat I vberigen, das er der letsteng bercht
216 561 1019 660 schlagung, da mag sich dem sydt zwidersetzen
212 613 1062 708 eglicheng bygewont unnd vom lanndts paurtman
213 658 1044 755 Sehliman, das der selbig etwas darwidso ge¬
206 712 1037 838 redt selbs müntlich gehört umbe estaunden habe
204 772 771 872 gannß mit gestenndig syn wöllen.
215 865 1052 979 indtuff sambtag den letsten Novembris
212 939 1028 1045 No 16 jarsuff ein scharpffe censar hin unnd
225 993 1022 1101 abfrag lstenns wißderumb ledich erkennt unnd
209 1066 531 1175 gelaßenn worden
293 1116 975 1291 Ssille Henhi von
351 1263 783 1336 Henißwyll seh
785 1269 975 1365 Kilchser
532 1319 787 1419 Oberburg.
699 1455 741 1540 2
98 1486 205 1594 ct
234 1484 1061 1602 Ls off Stylag den 29. Nosembis 166.
217 1572 1040 1641 Jars sybillar Sterchi vom Heinißwyl, der kilch
122 1631 1042 1726 cheri Oberburg über obegangne sennthaten, durch
185 1670 1041 1764 Die frommen fürsichtigenn fürnemmen unnd wysen hr
173 1718 1061 1817 Fenndicht Marti deß ithats unnd zuerkart Fischer
193 1771 1053 1891 Großwegbel Irg der mannen keff alhie mit
206 1824 1052 1947 worten befragt wordung, hat die selbig bekent
212 1908 425 1997 wie volget
161 1941 1032 2098 Aeß erstete, Jate sy sich vor vinge fahrlich
204 2018 1043 2155 zweyen fahren mit Hanns Heimrich Ergen
204 2081 990 2208 vonn Egli sauch uß dem Zürich gelitten eineg
171 2129 1052 2255 Müller fnecht, welcher ng der ehr fleyschlich
179 2195 1014 2326 zogeßen vnnd vnganngen, vnnd ob solches thatt
186 2253 1050 2372 Ihr ehemnag gemeltung Müller ergriffung, de
173 2315 1033 2435 Dann den selbeng mit einem ysenen schiß gäbel.
216 2378 975 2497 todtlehen vrletzt unnd verwundet haben.
147 2471 1052 2618 Jesenach so sye ehegedachten Muller einet
198 2513 1053 2638 anderen mals auch zu fra zu Fran Sußhuß
936 2587 1027 2672 kommen
1907 17 1986 66 23
1151 6 2037 105 kommen, unnd nach dem sy imme vermeldet, das er
1156 74 2002 163 sich da danneg begeben solte, dann ihr eheman
1148 120 1991 226 uff der stundt werde anheimb sch werden habe er
1151 177 2001 291 sich mit reverentz uff einen schwynspal ver
1141 235 2001 355 sügt unnd daselbstag uff das strauwgelegt und
1146 285 2029 400 ob glych wob sy do maleg mit imme müller anders
1151 354 2012 448 nit verbracht, dann das sy vom der gaßen zu imme
1157 395 2029 513 heruff geredt, mitestowenger habe ihr scheman,
1155 462 2038 566 so dar zu Tomeg, einen solchen Jorg gegen gemelten
1137 502 2023 636 Müller gefatzet, das er sallbereit imne angefallen.
1143 554 1898 659 unnd aber defleg an sinem lyb übel verletzt.
1127 615 2010 768 Was dann dasgellt, so man weiß das sy ge
1136 707 1997 814 schapt unnd by vierzechen oder finffzechen neng
1130 755 2002 894 sig, belgungte sye etliches deßelbigen das zrn
1140 818 1988 940 geg etliches dang der Müller far tcheils s
1144 876 1995 972 luhn, theils zu behaltung geben sy aber das ein
1149 930 1981 1059 vnnb ander sich vß gefangenschafft zelißen, wide
1162 995 1557 1108 rumb ußgeben mußen,
1161 1064 1940 1194 langendt besirre, das s offgeachten
1169 1141 2049 1249 Müllen ing spyß oder tranncken etwas habe
1127 1203 2048 1312 Ingeben, das er erastets nach zeheng müße
1152 1264 2033 1356 unnd nit müßig gahn können, sye ganntz nit wahr
1151 1317 2003 1412 dann sy derglycheng nntzit könne, hoffe auch er
1167 1379 2022 1479 Der müllerantzit derplycheng ab ira clagen
1164 1438 1989 1538 sonnders fägen werde, das er dises nach
1160 1495 2000 1603 züchenns unnd hengelens nit wenigers, als sy
1166 1557 1385 1653 eige ersach sye
1151 1628 1971 1716 Was Sancethir betrifft, das sy vnd schinnei
1131 1699 2046 1797 fars eines schwanngeren frau wegzu Utzistorff
1161 1765 2017 1857 ehr verletzlich zu geredt, die selbige ein hur
1170 1819 1994 1915 vnnd hexrn gheytzeng, vnnd den drnnen vnndt
1182 1874 2051 1967 traaen. Im den buch angewünscht habe, zeigt
1169 1929 2013 2041 sy an, da sy solche wort niemalen weder im
1684 1996 1710 2035 d
1140 1993 2019 2091 sing ghan nach ußgoßeng, Sonnders gemelte
1155 2065 2032 2154 frauwen allein großen blätterich geheißen
1168 2114 1273 2209 habe.
1327 2179 1447 2270 1o
1145 2191 2009 2321 Sohall gang mit Hans Walthart vom
1161 2271 2041 2386 Wyler seinen ehemag Ing Hury unnd ehebruch
1167 2335 2055 2444 vertiefft, derselben aber den vonn Irn empfan¬
1173 2404 2025 2499 geney geklagten schidlicheng trüne kh neinaler
1161 2456 2059 2558 werdeng laßen, wüße auch nützit darvong dam
1174 2513 2062 2618 als solches beschechen syn söllens esyrmit sy beide
1172 2554 2053 2683 mit seinzig, sonnders iren vil Ang hter lee
1151 2623 2071 2749 gmans seligen zu Bngdorff huß by ein anderen
1909 2726 2000 2827 9ßi
