4000 3000
41 79 159 136 134.
312 85 838 217 Jusanna Norl
468 169 722 245 alhie bürtig.
97 208 963 357 Diewyll disere persohne über fra uff bekennet,
180 297 971 405 diebstäl wvonn irer jugent wegen bewißene vnn
185 347 971 448 erzeigte gnad, auch angebotne unnd dem herren
192 386 975 495 Ghroßen angelobte beßerung sich anderst nit gebeßeren
195 437 969 529 an das in widerumb uff ein niwrs zugleiffen
189 468 948 566 unnd meiffer Hanns Stauffers deß schniders
193 514 975 623 res meisfers knechten verbatzen im müntz en
196 562 949 644 r�mbdet auch simon hermans frouwen ein
189 599 963 702 kappen entragen, iff sy widerumb gefencklich
195 664 961 744 zogen unnd nach etliche stag lang ußgestandener
192 706 963 788 gfangenschafft ein monat lang an das gemeine
201 748 966 841 werck zur straaff erkhendt worden, Actum
203 790 876 878 uff montag den 50  sebrs hars
573 897 693 983 16
278 983 842 1111 disten us
389 1064 701 1167 uß dem Boll.
228 1168 998 1277 nach den Christen Wiesel uiß dem Bballbüte
226 1231 984 1328 wegen er eres abendts zur Fronen alhie Im
216 1294 986 1374 stall ein wüllin bar hoßen erwetscht unnd daßen
222 1342 985 1427 entragen im gfangenschafft der mannenkeff
921 1395 979 1431 ß
227 1396 996 1483 gelagt unnd volgendts uff montag don 4. junii
218 1451 1001 1517 1615 Jar durch syin Michael Fröüwderryche
232 1498 971 1575 annn im rhathus als statthaltere son
224 1548 983 1632 Großweybels von Burere examinert unnd
224 1604 995 1673 gemehter entfrombdeten hoßen, wie auch das
230 1652 998 1738 er vor verstarer zu Verhingen ein gertel von
225 1697 997 1783 einem entleet und denselben nachmalen zu Eege
227 1758 1011 1843 tein versetzt, Item das er von einer gwußen persche
220 1801 987 1896 siben elle unsomung tuch khaufft, welche er in
219 1864 995 1949 bezalt habe beklandtlich worden, aber anders v
219 1911 986 1994 wyschers nit bekhennen wollen. Ist er uff
207 1968 1000 2063 zinstag erstgemelten monats unnd Jars
222 2019 985 2119 mit einer censur widerumb ledig gelaßen.
227 2081 380 2142 worden.
329 2213 923 2352 Apse ilerer u
359 2309 875 2391 dem näckholtz der vogts
401 2375 837 2465 Maarwangen bürtig.
204 2433 1007 2565 uff zintag den 13. junii 168 jaro im byn
205 2492 1001 2598 der kommen etc. Hr Jacob Thormans deß Rhatb
214 2545 1006 2641 Daniel Wyßen der burgeren und damit von Bürm
209 2584 980 2684 Groswreyfels hat gemelter Caspar Meyer s
208 2624 995 2734 Martili alhie an der manter volgende sebstall
1830 -1 1916 92 155
1080 63 1532 196 eeten vnd aebtendt
1070 98 1940 258 Deß riffen shem deern uff ein zyt by nacht einem
1089 172 1911 284 landtan im riedt zum den kaller gebrochene
1096 207 1985 320 unnd uß demselbigen ein viertheyll von einem mäßkäß
1097 248 1967 361 sampt einem fübel mit ancken entfrömbdet habe möge
1090 288 1849 414 aber nit wüßen, wie vil anckens es gsin e
1081 326 1947 455 demnach sye er im rudt im ein müle brochen unnd
1077 386 1946 476 daruse von zweyen mäßen kärnen, das mal ver
1091 450 1264 531 untrüiret
1084 455 1943 598 Item habe er usa einer stuben ab einem tisch einer
1066 524 1701 634 leyb brot genommen unnd entwendet.
1065 571 1924 679 Denne habe er zu Brandis ein dirnen dry wochenn
1074 626 1921 711 lang umbhar geschleipfft unnd darnach geehelichet
1083 657 1880 759 umb sölchen eheler aber zu Brandis abgebüßt
1090 723 1965 827 Wythers habe er auch ein dirnen von Sempach burtig
1109 777 1787 884 bey jar lang umb einanderen geschleipfft
1069 824 1960 932 Damethin einem landtman von Signouw bey Sägyßer
1106 885 1989 966 ein beschlagenen haumer und ein wyber göllers entrag
1107 917 1949 1008 weliches alles aber ine widerumb abgegagt und
1103 968 1637 1051 erdaruff behendiget worden, sye
1098 1018 1973 1140 Heit wythers nüt bekhenne wöllen, bittet trungen.
1118 1094 1664 1175 lichen vmb gnad vnnd verzychung
1088 1137 1919 1267 Ist ein mal lär, demnach mit dem Krinffen, vnnd
1114 1220 1862 1301 ei mal mit zweyen seinen uffzogen worden.
1090 1315 1943 1424 ist uff Frytag den 16. juni jars vorstaht vom
1110 1379 1926 1463 sölcher sin er eheleren unnd diebstälen wegen ein
1115 1423 1925 1507 halb jar lang andas gemeine werck erkhendt
1132 1479 1531 1559 unnd angefeßlet worden.
1180 1554 1796 1764 ida Ergusin
1330 1722 1637 1803 von Lausema
1087 1834 1955 1953 Als Guillaum Cacquottor von Lausame bertig
1127 1919 1982 2002 einer nacht von den wechteren als er von einem
1131 1956 2003 2040 ort an ein anders ein lär vaß getrölt unnd fürgeben
1140 2009 1976 2087 das sich nit erfinden mögen) fergriffen unnd daruff
1123 2058 1978 2137 hin den gefangenschafft gefhürt. Ist er von deß
1133 2092 1953 2205 wegenn unnd das hreuor sets klag khommen
1140 2151 1946 2224 man läre vaß verlure welches man Imme
1124 2203 1964 2286 zugetruwet, sinangesechen er weder deß einer
1140 2246 1970 2332 noch anderen bekhandtlich, sonders gar from unnd
1141 2307 2002 2393 verschuldig syn wöllen, wyll sie sach ehen argwone
1147 2361 1979 2437 vnd manschem bekhandt, das er ein lycstfertiger
1146 2395 1955 2479 mentsch unnd lut betrieger uß erkhandtnuß
1136 2447 1949 2522 minet s hin deß Rhats mit dem eyt Jur
1135 2491 1949 2555 Murten vff vrwißen worden, als das er sich
1136 2541 1946 2620 In dißem bezirck vnnd nit necher mehr tmodtin
1149 2580 1857 2670 laßen sölle. Actum 24 junii 165
