4000 3000
48 27 126 78 210.
193 17 999 160 sy baldt zu dem Jerigen Lischen schüli, da er gefangen
197 97 1012 202 hernach behendiget worden, Thommens habe der jenig zum
206 147 1020 247 vermeldet, er sölle uff das Lischenschürli gahn, daselben
198 185 1017 281 werde er einen sack finden, denselbigen sölle er nemmen
195 223 1012 319 So w�llindt sy demnach wüthers mit einanderen reüßen
164 257 1017 361 Inn dem nun er gefangene sölliches thun wollen, vnd deß
204 308 1013 394 wegen vom 20ß gestigere, daßelbig angebunden uff
190 346 1032 450 das schürle gestigen unnd nachsder sack greiffen, sie eit
176 376 1011 490 zeuschen der Jennig entwichen, er aber von etlichen
181 421 1035 532 landtlichten, so alda gsin albereit ergriffen und geferk
194 468 998 580 lichen angenohmen und sampt dem roß und sack nat
195 515 597 587 signorer geh�rt worden.
147 551 1003 646 Das er aber denen, so Inne behendiget, eonen faltschen
188 603 1002 691 zunammen angeben vnnd vermeldet, er herßen Jacob
207 644 996 738 Soh wartz walder sye daßelbig von sicer eherlichen
202 690 1009 781 tr�ndtschafft wegen, damit dieselbig es desto minder
189 732 1010 824 das er inn solche schandt gerahten, vernemmen möge
204 773 993 854 vnnd sonsten khiner anderen ursach wegen beschechenn
200 820 1034 908 habe auch sin lebtag einighem tmentschen einichen pfenningen
222 862 1035 942 werdt nit voruntr�wet, tage auch gantz kein wüßen
220 901 872 985 wohar der jenig mit dem ros khommen sye
198 949 1043 1038 antreffend danethin, das er daußen zu Signaule bekhendt
217 1000 1021 1074 der Jung habe das bewußte roß vffgefangen, Imnme
219 1051 1052 1125 vbergeben, vnnd für sinen theyll Zechen Cronen versprochen
218 1094 1037 1160 sye ei der gstalten gefolteret worden, das er nit wüße
223 1127 1040 1206 moge, was er gesagt und bekhenndt habe. Die sach aber
791 1177 887 1212 208
212 1178 1005 1259 an sichselbs sye also beschaffen, das er zu iugn zwee
232 1224 1034 1284 kieffen habe, da der ein ein raftzedel umb verdienten
206 1264 1026 1333 iume aber ußstehenden soldt yr unnd uff een haupt
222 1304 1016 1385 man luchte, den anderen dann er von sinem khindt, so
212 1361 1020 1420 er by einer vorgehabten ehefroüwen erzüget ererbt
219 1386 1048 1460 von dißer zweyer brieffeen wegen nun habe er dißer
219 1436 1016 1506 reyß nach zug Imme furgenomemen, vnd gemelter
217 1479 1023 1540 raffzedel dem jeingen verkhauffen wollen, welcher
192 1513 1026 1597 Imme die gedachten Zechen Cronen darumb verprochen
200 1563 297 1636 habe
164 1594 753 1702 Bittet trungenlichen Vmb gnad.
182 1646 1043 1767 Ist zum ersten lär, dem nach ein mal mit dem kleinste
209 1709 1008 1795 unnd ein mal mit zweyen steinen uffzogen worden.
839 1772 921 1812 lb
579 1785 657 1839 A
174 1788 1041 1898 Ist uff brytag den 27. deptembris 1616 jans
209 1840 1020 1950 siberiert unnd mit dem bydt uß einer g
203 1902 878 1975 landen vnnd gebieten verwißen worden.
368 2036 876 2223 Josenh idler
508 2193 825 2256 von Ittlingen
188 2294 1047 2455 zinstag den 3. octobris 1616.
215 2386 1050 2507 s. Vß beuelch miner g. hrr vnndt Oberg
204 2442 1047 2549 durch hr Burckart Fischers Großweybel
181 2495 1073 2604 Joserh Hidler vonn Itlingen, ein im gemeint
206 2554 1049 2677 Werck Verhafftete persac, Inn der Mannez¬
1154 32 2023 130 sof alhie, uber etlich zume vorgehaltene artiul
1148 85 1999 186 mit worten examiniert unndt durch inne
1150 137 1633 224 bekennt worden, wie volget,
1110 221 1995 335 Doß ersten befragt, warumb er verschinns samb
1160 278 2021 400 tags uß an zognem gmeinen Werck, sich zum Storche
1160 335 2005 445 alhie getrincken begebenn, Zeigt er an, alßer do¬
1157 389 1987 489 maleg by dem Barenzwalen gearbeitet, syemnt
1164 441 1989 550 Hannß unndt Josers fry auch Matheus Müller
1158 489 2031 614 sn Nachbüren darfür ganzen unndt ihmme gewurcke
1157 546 1971 647 mit vermelden sy zinme zum Storchen lein halb
1148 599 2000 718 maß wyns bezalenn welleet, daruff nun er
1156 656 1974 774 gangen, Vnndt habe abso daselbstang mit Inen
1158 713 1378 815 getrunckenn,
1147 813 1987 924 Dernners befragt, vmb was Zytt, vnndt vrsachenn
1137 886 2004 980 willen er vom storchen zum hecht alhie gangens
1152 945 2005 1038 vnndt alda die Wirtin, nach dem sy ime Hinwegt
1155 996 2009 1095 Ie gan vmant geschlagen, wie auchstetsinn das
1173 1050 2027 1150 uß gesterrgen  abe Bek uther Vnngefahremb
1162 1108 1989 1204 die Stichs Sffnen Woden, Sate Johne Kimman
1161 1165 2035 1260 hesse vor dem Kellen zum Storchen angetroffen
1170 1223 2028 1302 vnndt mit Imme zum hecht ze gan vermannt
1169 1272 2017 1378 dann er fur Inne bezalen wolle, Welliches er
1158 1331 2028 1427 dann gesthan, vnndt sy beidt also mit einanderenn
1160 1394 2028 1476 dahin gangen, ouch hernach sin Sidlers Frauw
1153 1446 2033 1548 zu Inen kommen, das er aber die Wirti, als sy
1130 1503 2044 1586 Ieme Hinwegg ze ran vermant, geschlagenn oder
1166 1554 2045 1654 einnicher maßen Inn das huß gekrungen habe,
1140 1616 2054 1722 daruon Wuße er ganntz mit, dann eret licher
1169 1674 1703 1769 gstalten truncken gsitz sye.
1152 1765 2046 1876 sundt Demnach Wätters befragt, ober auch
1163 1837 2064 1952 nit auch vom Danen zu dem Falcken sich vefugt
1172 1904 2036 1986 vnndt als der profoß Inne, sich widerumb
1153 1972 2034 2079 Ingestellen, Vermant, Er müttestomnder,
1172 2028 2073 2129 als die thüren geöffnet wordenn, mit gwalt
1153 2091 2023 2190 Inhin getrungenn. auch demnach die Wirte
1165 2159 2074 2267 Inen etwas vf zetragenn streng genöttiget
1184 2209 2063 2335 habe, Err lutteret er sich also, Wie das
1174 2272 2093 2395 ob angeregter Amman leßi. Inne, sampst
1185 2320 2083 2458 uter frauwen darzuse mogen, vnndt
1175 2377 2073 2528 verspruchen alles fur E ge bezalenn, Nach
1174 2441 2082 2592 den, vnndt aber die Wirti Fueg zu nacht
1186 2519 2061 2653 If getragen, vnndt hernach die Vrti seer
1182 2566 2100 2746 thur gemacht, syemnt sy dnn ein söng, mit
1920 2765 2064 2832 fra
