4000 3000
58 28 148 102 120
220 76 751 195 helßbehlde
329 171 686 236 von Burgdorff
165 253 973 386 Sywyll dißer btlicht wyder von Bugdoch
176 314 972 432 Inn die lychtfertigkest gerahtenn, das nach dem Ihr
178 359 981 482 eheman zurs zyt hotst versohnen petilentz zu ge
192 405 963 516 by der Saltzpfannen, da si dann neben ein andere
169 447 977 561 gedunt abgestaben, Ey sich an vorgemelten Mart
162 494 974 608 Blumenstemn zu Vinis gehenckt, mit demselben ehelichen
195 554 962 638 verpflecht, auch fleischlichen vermüsche, da aber e
170 584 940 662 Blumenstein, do die eheuersprechung zwüschen e
182 617 952 714 ergangen alsbaldt noch nit von siner vitrigen fr
189 666 964 764 der ehe halber ledig abgescheiden gsin. neben dem sy
199 702 966 805 auch nithnur chieter stets mit gmueh umb eyn anderen
169 752 968 841 zogern sonders auch noch se träffen gsin, das als
183 798 958 872 er noch Im banden vnnd gefangensschafft gelegen
200 840 957 917 so iume ein hembdt gebracht, darumb dann man
197 883 915 964 so auch erdappet Ist sy haruff umb dem
188 923 977 1008 Februarii diß 1615 jano von minen gnedigen herren
200 980 989 1059 den Rhäten von sölcher irer liechtseigkeit wegen
194 1023 972 1097 ein monat lang an das gemein wetrck erkhenndt
199 1059 760 1144 vnnd alberit dahin gethurt worden.
877 1083 922 1128 d
274 1200 860 1290 Elsbeht Brutlouff
300 1275 910 1363 Jacob Ergöüwers dess gip¬
355 1323 857 1397 sers alhie eheliche hussfrouw.
191 1428 980 1509 Demnach min gnedig herren verschiner tagen von
210 1489 985 1563 einem ehrsammen ehegricht alhie mit üsserstem beduren
216 1531 973 1582 unnd missfallen vernemmen unnd verstahn müssen,
212 1573 988 1641 wie unnd welcher gstalten Elsbeht Brutlouff, Jacob
213 1614 982 1681 Ergöüwers dess gipsers burgers alhie eheliche huss¬
212 1652 970 1735 frouw sich nun ein zyt daheren inn irer husshaltung
210 1704 976 1770 so wol gegen iren lyblichen, als auch sonderlichenn
220 1744 986 1812 einem irem ungefharlich dryzechen järigenn jüngst
223 1784 976 1855 abgelybten stiefftöchterlin erzeigt unnd verhaltenn,
208 1822 967 1901 inn dem sy namlichen dasselbig by sinen lebzyten nit
204 1868 987 1948 nur mit stätem schlachen unnd stossen gantz ungebürlich
202 1911 993 1990 hart unnd ruch tractirt, unnd mit notwendiger under¬
202 1954 990 2041 haltung, auch fhal unnd raht, wie einer eheren frouwen
220 2000 980 2078 unnd waren muoter gebürt und zuostaht, nit versechenn,
215 2046 990 2123 sondern mit hinzuo auch mit groben, unehrbaren, unmentsch¬
211 2085 985 2164 lichen unnd unchristenlichen übernammen, vor mengklichen
213 2133 993 2219 ungeschücht und über vilfaltige an sy ergangne war¬
207 2179 993 2253 nungen also und der gestalt tituliert, das sy es wider
209 2225 971 2298 alle mueterliche gebür (mit reuerentz und gunst ze¬
209 2253 997 2345 melden) ein mären, hundts, schelmen und tüffelszucht
194 2306 998 2392 geheissen, auch sich nit geschücht, Gottes mentschen eher
202 2346 997 2434 unnd natur vergässner wyss mit dem mundt usszesprechen
208 2390 984 2476 das (Gott behuete unns daruor) der leidige Tüffel sin
201 2427 995 2506 muoter gsin sye. unnd neben dem auch gemelten als stets
200 2472 974 2550 kranck unnd schwach gewessenen khindts kein andere
200 2507 987 2599 mueterliche rechnung getragen, noch dasselbig ira anderst
198 2538 999 2628 angelegen syn lassen, dann das, als es vor etwas abge¬
188 2580 995 2682 lauffenen zyt, nach dem es sich abendts an sin ruowbett
823 2632 994 2708 begebenn,
1860 58 1931 107 121.
1082 66 1888 165 begebenn, inn der nacht wegenn grossen dursts unnd
1085 116 1930 216 schmertzens einen trunck geuorderet, sy imme denselben versagt
1093 155 1922 246 unnd es also muotwilliger wyss hilff unnd rechtloss er¬
1092 195 1924 282 bärmbklich verderben und verserben lassen, wie es dann
1099 235 1911 318 auch am morgen darnach nackendt unnd bloss im gemach
1088 276 1932 360 am boden todt funden worden. nachmalen aber auch als
1098 301 1913 388 man ira wie schnöd und unwerdt sy angeregt khindt by
1099 348 1945 424 sinem leben gehalten, verwissen unnd sy darumb mit worten
1093 384 1908 467 bescholten, sy sich der gstalten erschelckt, das sy es nit
1086 430 1943 515 by dem vorgenden verblyben lassen, sonders sich noch fherners
1086 465 1950 556 so wyt vergessenn unnd inn die abschüchlichen, verfluechten
1090 515 1902 598 unnd vor christenlichen ja mentschlichen ohren zemelden
1091 550 1928 660 gantz unwirdigen wort ussgebrochen, das sy geredt, so
1067 599 1911 697 es der Tüffel (daruor uns Gott trüwlich bewahre)
1096 642 1924 723 noch nit genommen, er es noch under dem herdt nemmen sölle,
1089 689 1902 770 hiemit dasselbig unangesechen es an siner ruow, so vil
1096 732 1939 817 an ihra gsin, dem verfluechten fyndt dem Tüffel laster¬
1105 782 1932 862 licher wyss übergeben und inn den rachen stossen wöllen.
1097 837 1898 912 habent hochgenandt min gnedig herren unnd oberen
1091 869 1912 953 schuldtheyss, rhät unnd burger disser loblichen statt
1092 921 1910 1003 Bern uss gnuogsam beweglichen unnd erheblichen ur¬
1113 968 1897 1054 sachen unnd gründen haruff erkhendt, das zwar sy
1083 1013 1888 1099 Brutlouffin von erzelter irer grossen ungebür unnd
1092 1061 1901 1132 fluechen wegenn wol verdient, mit einer offendtlichen
1104 1110 1918 1176 schwären lybsstraaff abgestraafft zewerden unnd aber
1102 1150 1935 1228 ihra uss sonderen gnaden umb irer husshaltung, khinden
1105 1195 1901 1270 unnd anderer alhie zemelden unnötigen ursachen willen
1105 1243 1901 1322 umb so vil verschont syn, hieneben aber sy zuo wolver¬
1108 1289 1893 1364 dienter gnedigen straaff, mengcklichem zu einem schyn¬
1109 1331 1901 1394 baren exempel, sich vor der glychen ungebürlichen reden
1104 1396 1871 1433 desto bass wüssen zehueten unnd die zungen inn besserer
1104 1418 1892 1491 huot unnd zoum zehalten vor eine christenliche versamlete
1109 1458 1892 1519 gemeindt alhie uff der Nydegg gestellt werden, alda
1099 1511 1927 1571 mit gebogenen knüwen und ufferhabnen zusaamen geschlag¬
1097 1546 1880 1601 nen henden sich inn warer demuot und niderträchtigkeit
1108 1580 1916 1661 mit rechtem rüwen offendtlich erkhennen und bekhennen,
1104 1627 1926 1702 das sy mit vorgemelten iren wider alle mentschliche und
1114 1672 1919 1743 sonderlichen mueterliche pflicht unnd gebür ussgeschlagenen
1116 1705 1894 1779 fluechen sich wider Gott den allmechtigen, min gnedig
1115 1757 1915 1830 herren, als ire hoche oberkeit unnd jedermengklichen
1113 1794 1931 1882 so hardurch verergeret worden, hochlichen versündiget
1111 1845 1935 1925 habe, welches aber ira von grundt ires hertzens leydt
1107 1888 1939 1981 sye, unnd sy desswegenn Gott den herren, wolgenandt
1116 1925 1901 2018 min gnedig herrenn und mengcklichen umb gnädige
1117 1981 1951 2050 verzychung bätte, demnach anerbieten und versprächen
1115 2022 1921 2109 sich inn das khünfftig derglychen schandtlichen schwueren
1111 2067 1947 2164 unnd fluechen nit mehr anzemassen, sonders gentzlichen abze¬
1115 2116 1936 2199 thun, unnd inn ihrem überigen leben, handel und wandel
1112 2157 1941 2252 nun mehr also zehalten, das Gott darab ein wolgefallen
1109 2197 1911 2295 haben der nechst gebesseret unnd sy auch desshalb geheret
1115 2246 1935 2327 unnd selig werden möge. im überigen dann zu fhernerer
1106 2287 1965 2374 straaff, da sy schwanger vier monat, wo sy aber ledigen
1113 2323 1923 2427 lybs 6 monat lang an gemeinem werck gebrucht
1114 2393 1323 2448 werden sölle.
1100 2419 1933 2529 Dissere urtheyll ist uff sontag den 12. februarii
1117 2473 1905 2578 1615 an ira ordenlichen erstattet unnd sy angentz
1110 2538 1783 2629 zum gemeinen werck angefesslet worden.
