4000 3000
41 2530 90 2596 11
67 113 156 187 96.
170 110 939 246 bscheid geben Eistlichen fünt wunde.
170 177 947 288 en sauchman alhie han der stane
176 230 962 341 frouwen zinßzethun gsin daruege
174 276 951 371 er den ein Lronen geben vnnd diß syn
182 321 957 418 alles so en iin guben vnnd das von daßw
169 364 965 463 das disere sach nit wythen ußkümeunnd
178 411 956 506 offenbar geide, damiit er noch Wysen
147 454 952 543 vnnd mehr Inn miner g.h. vnd Oben
167 513 964 613 landen vnnd gepietten sicher deonen
168 561 365 651 möge..
171 652 966 766 sient ganztrungenlich umb gnodvn
192 714 959 803 Verzychung mit anerpiettung iah umn
182 755 968 854 mehr nn das kunfftig ehrlich redlich
182 803 936 877 vnnd tromcklich wie es einem
189 846 968 939 redlinhen man wol anstad und gebürt
188 904 465 982 zuhalten.
177 969 970 1062 It uff frytag den 25. novembris 1614 jarn
201 1030 960 1104 uff abtrag tostens unnd ertag 100 guldin zur
216 1070 955 1156 ufferlegter buße der gfengensthafft ledig und
206 1119 954 1194 ußgelaßen unnd hieneben uff jummer g herren
192 1163 940 1247 gnad hin mit dem bydt von statt unnd landt
203 1213 525 1292 Verwißen worden
222 1364 949 1476 Fllltranuugiin.
363 1441 848 1507 man von Bechiigen.
186 1541 950 1640 Die wyll dißer Peter Sollothurmman ein sölcher
202 1607 938 1682 Vnruwiger gell vnnd liederlicher khundt, der
200 1669 963 1718 nit mir sin hüpsches gut im zyt siner biß anher
205 1691 939 1761 verübten läbzyt mit näßen trincken und föler
193 1732 937 1800 liechtsinniger wyß verthan, sondern auch nun
196 1763 974 1843 dahin khompt, das er gegen sonderbaren personen
195 1802 954 1877 als  6 Predicanten darßen Gilgere
194 1856 964 1927 holtzern, auch einer gantzen erbarkeit nüwe
189 1895 952 1956 bmütige tröll anhert, wie dann albereit von
187 1934 965 1999 Ime zu underschobenlichen malen schon beschechen.
198 1966 927 2055 vnnd zwarete, wegenn er gemolten Holtzern
203 2017 920 2091 obfendtlichen einen schelmen geheüßen, item die
902 2039 957 2106 s
186 2063 904 2139 chorrichter umb ds sy imne Holtzern nebent
187 2102 958 2181 am ehegricht sitzen lasindt gescholten, als das d
189 2158 258 2215 eben
275 2140 978 2231 o gut oder thul syende als er heltzer, auf
187 2210 242 2261 den
265 2187 958 2276 in ipreden fantens an eheren ebener maßer
178 2236 952 2325 angetaffet, von minen sin den eherichteren alhi
184 2288 976 2371 durch ihmen beider syts mit handt unnd mundt ange
187 2329 964 2417 nomenen spruch sölliches alles uffgehebt und zi
175 2375 966 2465 Sollothurmman deßhalb ein stätes stillschwyger und
187 2419 973 2513 nun mehr zugehörfnen mit ernst gebotten worden.
178 2482 952 2559 er aber als der das sin alles verthan, vnnd nun
177 2522 968 2601 ander nit gedenkt, jann was maßen er ehern
176 2551 981 2645 lëcht in unrichtigkeit unnd ooffen bringen möge unß
173 2588 982 2708 acht dise alles strts widerumb by dem erten anfah
1854 23 1955 98 57.
1087 86 1913 195 unnd hiemit schon die diette glübdt übersechen
1087 139 1923 247 Ist er hauff vff ein miner gnedigen Herrene
1095 182 1953 275 ie beide anman zu Verhingen unnd sanzen abgan
1092 219 1902 324 gen benelchschryben gfrecklichen alhar gfharrt
1088 253 1920 354 unnd volgendts ufff 18 novembris 178
1096 301 1959 395 umb solche sie vilfaltige ungehorsame, halttarrig.
1101 339 1923 436 unnd einthänigkeit inn der masienkeff alhie
1097 385 1970 488 durch die trommen etc. Herren brat Herporten
1091 433 1945 519 deß Rhats JoHans Bertschi von Burgeren unnd
1083 475 1938 575 daun von Büren Großereybel mit ernsthafften
1086 522 1958 608 worten examinert unnd den ursachen deß einen und
1098 561 1675 647 anderen serio inquiriert wordenn.
1059 585 1931 707 darüber er nun Cäßeren bescheidt mit spätzlechtigen
1098 655 1983 731 waten ernolgeem laßen, es haben beide den hre
1084 699 1975 787 Predicant unnd holtzen, also mit ime gehandlet, des
1096 739 1977 837 ob glych wol er ime sein predicanten 8 f wegen
1097 787 1935 864 eines höüwzeendens durch sin des shinhrn gewärt
1094 831 1943 917 Item an inne Holtzern umb sbatzen lidlohes an-
1096 870 1907 956 sprächig, so werde imme doch das ein unnd ander
1095 919 1929 994 Jetzonder vernemet, welches die Vrach Sye, das er
1086 954 1963 1026 den Holtzern einen schelmen unnd den s eben so thul
1096 1000 1914 1081 gescholten habe, Dann er ss peredicant den rodel
1094 1048 1963 1126 zerrißen, uff das sy ime das sinig desto ehe abtringen
1091 1107 1213 1160 mögret.
1087 1120 1924 1199 Wyther hat er vermeldet, vermeine den Hin me
1098 1180 1938 1247 überscholten zu haben, wann er imne glychwol mit
1093 1222 1926 1285 dem wort sehelm so wol gemeint als Holtzern
1083 1267 1955 1325 dann er s predicant ab einer Jucharten acher
1095 1311 1955 1367 der hagacher genampt, die jar lang den zeinder
1094 1350 1829 1419 genommen, welcher aber ime nit gehört habe.
1072 1390 1938 1474 Ist nachmalen von gemelter vnd anderer vnthaten vnd
1086 1448 1921 1504 festerwaten wegen vff Sambtag den 21. Januarii
1097 1480 1893 1555 oss dars mit dem schwerdt hingerichtet worden.
1692 1510 1922 1580 vide folio 169.
1153 1594 1706 1802 Bosula Bulel
1276 1772 1666 1844 von Münsingen.
1097 1908 1983 1998 ff sambstag den 26. novembris 1614 hat gemelte
1102 1970 1960 2047 Urstula Wylerin zu Martzili anne marter bekhendt
1099 2010 1954 2096 unnd verzächene, das sy sich mit damel stucki im
1094 2052 1966 2129 Jury unnd ehebruch vergangenn, sie daßelbig zum
1659 2109 1971 2182 aber niht wythers
1095 2109 1634 2191 dietten mal sleider) beschechen,
1667 2154 1948 2223 ihr vatter im
1097 2148 1649 2227 unnd sölliches inn dem gemach, da
1102 2217 1955 2256 gelegenn zugangen, vnnd zwar sye dem Vattern die
1660 2250 1967 2328 gsin sey habe aber
1106 2255 1654 2335 sach eben nit durch uß unbewußt
1640 2301 1963 2369 gegen einanderen
1094 2287 1640 2371 derselbig sy beide nihtzie mit vnnd
1094 2337 1288 2415 verkhuplet.
1076 2386 1950 2479 betragt, wer den wyn gebracht oder gereicht,
1098 2442 1973 2521 so ssy allwegen mit einanderen getruncken, vnnd ob
1088 2496 1947 2578 ihr vatter auch mit getruncken habe. antwort.
1096 2544 1983 2631 so habe stucki alle zyt den wyn gebracht und biße
1086 2592 1830 2676 Wylen ihr vatter auch mit inen getruncken.
