4000 3000
75 51 181 114 52.
227 97 895 257 Anthont Sien von
490 204 650 299 Aschn
775 302 816 334 1
137 306 865 449 Alsann Knthani Siber von Aschi
908 397 990 474 be
201 393 966 508 nach dem er hiener baren sich in Jury vnnd
198 441 985 571 hebruch der gstalten verbrfft, das den drit
202 491 974 618 theler veh vfft Ime erfunden, vnnd er von daß
198 539 976 676 wegen von statt und landt schweeren mühen
201 594 975 724 nachmale uff sin unnd der hiigen anchte
209 653 972 765 unnd begeren widerumb begeadet unnd den
218 697 988 817 ein mal verwürckte vatterlandt gredigk
203 742 973 854 geschenckt worden sich vngeacht solcher zur
203 800 970 902 widersharnen gnad unnd anerbotttenen beße
206 848 974 959 rung so wyt vergeßen, das er by Batben
210 895 972 991 von Almen, mit deseen er hieuor schon einer
216 945 982 1049 heler begangen, ein Vnehelich kheidt erzilet
205 998 962 1085 vnnd haruff einen jungen geellen, Peter
206 1052 1000 1153 Langacher genampt hindergangen und beridt
209 1092 969 1179 das er sich für vattern gemelten khindts
209 1148 978 1232 argestellt unnd daßelbig inn einem nammen
216 1190 972 1279 torffen laßen nochmalen aber er Siber
228 1245 941 1333 sich erluteret, das er deß khindts rochter
210 1299 962 1378 vatter sye, vnnd hiemit daßelbig zu sinen
216 1352 981 1427 handen genommen. Hab eit haruff ein g
225 1397 990 1481 herren schultheyß Rhat unnd burger diser
230 1455 987 1521 loblichen statt Bern uff Zintag den 28.
224 1493 985 1566 Novembris 1625 jarx erkhenndt, das er siben
231 1541 987 1633 konn sölchen ins kerdten begangnen heleis
219 1583 999 1672 unnd darby verübten betrugs auch deßwegen
228 1639 996 1728 by den synigen angerichten großen ergernuße
228 1689 984 1771 wegen daroben für ein gemeindt vnd versan¬
221 1743 996 1820 lung im die kirchen gestellt allda mit gebogen
203 1788 1001 1876 fenwen und ufferhabenen zuaamen gescllagen
223 1831 998 1925 länden den aellmechtigen gott nun gleshen de
225 1885 992 1964 in hoche oberkeit unnd mengklichen so er himit
219 1928 995 2020 verergeret neben gebürlicher erkhandtnuß und
209 1972 983 2068 bekhandtnuß sölchen sines fhelers offendtlich sn
210 2029 989 2128 gnad unnd verzyehunig bitter, auch aller beßen
213 2089 971 2175 sich anerbieten. Demnach an statt luht im
197 2125 995 2218 ihr gs ehesatzung begriffener leistung einzar
201 2178 994 2270 unnd tag von statt unnd landt, Har unnd tag
212 2247 968 2312 am gemeinen werck alhie arbeitere vnnd die
203 2262 995 2375 Ns, so er hiezwischen meßen und buchen wi
189 2326 1004 2431 machmalen uss sirer gut bezahlenn, im überge
209 2370 997 2474 dann imme tias eherners zur geltstraafh unst
201 2427 986 2529 zu siner erledigung hiemit ingestelt werden
198 2486 798 2589 wnnd syn sölle uffzulegten
1830 32 1924 94 123.
1470 16 1532 117 b.
1177 66 1739 208 Andreh Cortscher
1259 147 1719 248 Vonn Rychenbach
1336 183 1958 291 Im Sibhall heutinger Landt.
1070 306 1910 467 vfeytag den 1en decembris 1615 jars in
1110 365 1910 491 gegenwürtigkeit der ehererueften sin Frantz
1114 430 1937 536 Güders deß Rhats Peter Buris der burgeren
1111 478 1902 588 unnd Burckart Fischers Großweybels hat
1113 530 1964 627 sondres Löitscherf von Rychenbach bürtig nach
1125 575 1982 671 folgende tiebställ zu Martzilen alhie mit unnd onne
1109 625 1692 717 marter Versachen vnnd bekhenndt:
1105 671 1943 772 Deß ersten so habe er vor hier jaren als er mit
1121 717 1912 816 den ußzügeren zu Oulon Innen gelegen, einem
1108 772 1925 870 Landtman daselbsten nun cronen vnnd vierzeichenn
1113 825 1467 910 dicken veruetruwet
1088 842 1965 974 Demnach dem seckelmeister Stollen im Guggee
1114 915 1547 1010 Sechs cioren entfrembdet
1111 960 1896 1063 Michel Zeugern zu Därstetten zwo cionen
1120 1034 1311 1104 entwendet.
1121 1047 1954 1152 Item habe er einer gewußen person, deren namen
1098 1109 1946 1207 Imme nit mehr inn wyßen ein par hoßen ge¬
1127 1182 1199 1235 toben
1100 1177 1935 1283 Denne Im Wellenberg einer perohn Vngetharlich
1122 1244 1907 1324 sy maßen hönigs prad by sechszechers allen
1115 1293 1562 1379 Junigen suchs entwerdet
1116 1329 1994 1439 sin vilen Vnderschifenlichen enden Vnnd orten Ceyp¬
1122 1402 1667 1471 als biot unnd waß entfrembdet
1115 1453 1916 1534 Wythers habe er seiner frouwen, welche imme
1129 1495 1964 1567 ein beff geben zenekauffen den er auch verkhaufft
1127 1542 1972 1621 das da auß erlößte gelt hinderschlagenn unnd kol
1130 1591 1889 1670 gendts zrecgeben, ser habe selbigen bort verloren
1109 1643 1970 1733 Vom Welischerr Atz erzelter siner erwißenen zn¬
1142 1696 1943 1787 teüw vnnd begangenen debstalen wesen geer
1118 1744 1976 1832 hiener zu Ssch gefencklichen Ingezogen, vnd anvmung
1128 1805 1958 1870 Im strikk erkhendt unnd verntheylet nachm aler
1145 1851 1937 1910 aber imme uff fürbitt siner tründen das leben
1140 1894 1988 1958 Ios gnaden geschenckt, vnnd ersdaruff hin widerumb
1134 1939 1978 2020 ledig worden. Solcze Imme domalen widertharne
1134 1989 1979 2071 gnad aber habe er anderer gstalten nit behertziget
1139 2040 1975 2100 dann das er widerumb mit zugryffen und deb
1155 2086 1722 2169 t�len sich leider wythers vertirefft
1133 2130 1949 2219 unnd namlichen für das erste zu Rychenbach ab
1147 2179 1943 2261 einer allment pfier schaafftriber und entfhürt
1149 2233 1843 2312 Vnnd Volgendts etliche daruon Verkhaufft,
1130 2267 1949 2365 Anthom schnydern zu Rychenbach zwo cronen
1127 2341 1580 2408 im gelt beruntrüwet.
1139 2363 2003 2481 Wythers vorgedachtem michel Zengern ein schaaff
1152 2442 1374 2510 entfrembdet.
