4000 3000
47 41 139 115 164
161 54 961 209 Dieie ducaten dennach habe er dem Soteke
182 125 959 241 voff den platz alhie geben der zun 40 batzen vnd
181 165 764 265 einschilling darfür werden laßen.
146 228 972 362 Die andere dann m Hanns Jacob Steigmyere vor
191 293 566 382 Viertzig batzen hingeben
162 343 956 445 Die Sritte ducaten danethin habe er Meister Han
180 389 955 487 Damnhußere umb viertzig batzer zu khömmen laßen
201 446 975 541 welches aber wegen sy zu lecht gsin, Imme zwen
191 481 651 568 batzen dazan abzogen habe
162 558 972 672 Ist von solcher siner vntrune vnnd dielstals wegen
197 618 945 713 uff montag den 22.n februarii 1616 jars
186 671 963 769 in der gefangenschafft durch seinen battelvogt
200 724 975 825 mit ruter notwendiger maßen geschmeitzt unnd
201 770 770 874 Volgendts ledig gelaßen worden
775 974 863 1058 11
287 975 818 1091 ri
384 1068 842 1179 von Bumistwaldt.
89 1202 1001 1315 Abs Ulich Kosli, von Simißwaldt burtig vnnd
220 1277 1001 1355 zyten by Weiffer Rerlaus Dübi dem Gerwerite
234 1332 1016 1391 dienst wegenn er imn verdacht gerahter, als solte
234 1377 998 1437 uß teiner ihr g oberem spittal zu gehöniger und
216 1418 984 1504 I dem Wyßenstein gelegener matten und schüren
228 1469 983 1550 etlich yßen von gätteren ußgebrochen unnd ent
231 1503 983 1599 frembdet haben, inn gefangenschafft gelegt und
221 1557 985 1656 vff Mittochennden 7 Febiuarii 1618 Jars
197 1605 998 1714 Imn gegenwürtigkeit der eherenuetten euc Herren
207 1662 981 1744 Jacob Thormans deß Rhats und Burklart
225 1707 1005 1790 Fischers Großweibels tnn der mannenkeffei alhe
216 1763 980 1851 heiter anred unnd bekhandtlich worden, das er
230 1814 983 1904 sölche yßenn eines abendts uhs bemelter schüren
231 1865 971 1947 gebrochenn unnd selbige mr Hanns Lutzen dem
216 1899 1016 2007 Schmidt umb fünffzochen batzen verkhaufft, hiene
225 1971 963 2039 aber verweltet, wo selbige yßer nit mit bly
223 1989 1028 2107 (.welches bly er zum schießens habe bruchen wöllen.
214 2058 998 2166 ingenaßet abin, er sich nit so wyt vorgeßen
225 2111 989 2220 hätte, f er wylk sonst ußert dißerem ken
225 2184 992 2278 farnere klag sinethalbn khonet uff montag
223 2210 1022 2315 Den 12. februarii 1616 jars neben abtrag
230 2255 1007 2393 coffens mit einer fensur widerumb ledig g
228 2345 524 2418 laßen wordenn.
1039 715 1092 796 ihten
1856 51 1958 114 165
1211 36 1842 225 Bendichs Gaßer
1299 181 1724 270 von Litzelzen.
1403 252 1554 320 unnd
1127 306 1833 441 serenu noriter.
1083 403 1923 554 Hennach Bendicht Gaßer von Lützelflubüitig
1118 474 1943 574 unnd Verena Mönicketin wyllundt shrr Elic
1118 519 1965 620 Mönckers by leben vorstreders göttlichen wate
1119 568 1988 668 her kirchen zu Ruderswyll ehelichen verlaßene tochter
1123 620 1996 715 wegen vilfaltiger zuspramen wandlung ihm argwohn
1135 663 1952 761 und verdachten, als das sy sich in urkeischhen
1131 718 1969 819 hury unnd ehebruch laserlich mit einanderen vor
1121 768 1952 867 angen haben söllindt, wie dann sy an mehrren
1121 818 1976 918 vnderschidenlichen orten gantz argen wönig erfunden
1134 866 1970 957 worden unnd deswegenn sin Gaßers ehefrouw
1129 921 1910 1038 ursach und anlaßen genaßet ime deßwegen
1139 964 1970 1073 am ehegicht zu Burgdorff wie auch volgendts
1646 1024 1721 1069 n
1128 1028 1988 1123 am Chorgricht alhie zebeklagen wegen gebrochenen
1128 1086 1973 1174 früw die schidigung abimme zebegerte, welche
1139 1123 1993 1226 nachmalen auch dia uff sie gethane bekhandtnuß
1142 1186 1922 1278 begangener that begerter maßen ervolget zum
1133 1243 1991 1331 auerhharen. Sindt hauff angeregte zwo persoren
1122 1297 1935 1388 Im gefangenschafft deß lochs gelegt, ihr ver-
1146 1344 1954 1433 krechen für min gnedig e inn geseßnen shat
1143 1400 1910 1480 geschlagen, vägendts s hinuff gan Martzili
1135 1446 1976 1545 uoff zintag den 27. februarii 1616 jars ge
1147 1495 1947 1591 h�rt unnd allea durch sie frommen etc. Herren
1138 1544 1937 1644 Johan heendern deß Rhat und Burcklart
1150 1595 1968 1690 Fischern Großweybel den durch imme Gaßeren
1145 1658 2001 1753 bekhendten durch sy Mönkerin aber bißheio gant
1148 1709 1953 1809 bernemten fleischlischen vermischung halben mit
1157 1765 1958 1850 anshafften worten neben betröüwung der
1141 1807 1912 1921 malter examiniert vnd befragt wordenn
1114 1872 1973 1986 Da off nun angeregter Gaßer uff sinem eisten
1148 1933 1970 2031 fürgeben verharret unnd hat in dfecie be¬
1154 2011 1260 2073 khendt
1151 2020 1972 2133 deß ersten, das er sich mit gedachter Möricken
1156 2094 1967 2189 vor zngefharlichen zweyen Jaren In Ires
1156 2140 1968 2227 vatters seligen pfrundthuß zu Ryderscwyll
1153 2188 2021 2308 fleisehlichen vergeßenn, so aber ihmme der gestalte
1150 2245 1968 2352 großen anlaß darzu gegeben, das er sich Ja
1163 2298 1778 2392 feris wegs habe müßigen khönnen.
1109 2325 2000 2451 Demnach habe er sich zu Burgdorff im Hans Cyri
1157 2399 1998 2487 mans deß Baders huß ein mal in der stuber
1175 2446 1988 2543 uff dem botte volgendts uff der büre, da dann
1168 2493 1992 2586 Cyrimans frouw sy beide bysaamen funden.
1114 2552 1395 2638 da vergangen.
1775 2640 1943 2742 Denm
