4000 3000
53 59 116 125 78
170 18 908 123 wie auch arck Cronen, so er vor vnge thurliche
162 75 930 195 einem monat zu Langnfuw erebt, sich bis anhen
115 111 722 211 erwert vnnd hindurch gebracht habe.
107 167 928 285 um andern, als ime fürgehalten, ob er nit uffein
168 221 938 307 by nacht an der rüwenstatt alhie uß einem vaß in
162 264 888 341 den ein malchteren wn gelaßen vnnd gezogen
167 306 929 385 dae man Inne erdapt, er dieselb dahinden gelaßen
164 349 941 424 unnd sich fort gemacht habe unnd bynebent angezeißt
175 391 929 471 w�ißenfhals er deßen nit bekhandtlich hyn, weide
169 427 936 513 ieme mits khundtschafft underrichten, hatt er andern
172 477 947 581 nit geantwortet, dann wo es sich vber imne erhin
176 512 536 587 müße ers wol glouben
124 554 917 659 Denne hat er bekhenndt, wie das er Versohiner Zese
183 617 915 699 ine khinder gantz hilff unnd trostloße verlaßen
917 675 957 718 vnnd
169 663 927 751 als dieselben Im Spittal alhie gesthrben, er sy im
176 710 944 794 wärender kankheit nit nur nit besucht, sonderes
170 752 945 832 ihrer begrebnuß gantz nützit angenomen und hiemit
172 795 744 876 kein schuldigepflicht erzeiget habe.
253 870 850 1020 Barbara Hartman
383 990 726 1075 von Behlmundt
100 1071 954 1154 Etgemelten 17 tags vnnd Jars ist vor angewegten
185 1130 959 1194 beiden Herren, Jacob Kochen vnnd danid von Bür
182 1182 945 1243 Großweybel Barbara Hartman von Bellmundt
192 1215 939 1292 bekhandtlich wordenn, wie das sy vor einem jar
185 1263 946 1337 zu Burgdorff im wortshuß zur Cronere im by
186 1303 911 1378 weßenn der wortin daselbstenn eines khindts¬
195 1355 959 1417 sy by dem jungen wirt zu Biberen unehrlich erhilet
185 1421 957 1471 genäßen, weliches mur übernacht gelabt, und mornde
196 1439 948 1521 em mogen der Hebammen vff der schose verscheiden
193 1495 261 1568 e
192 1521 956 1620 hat drer begangenschafft vnnd wormit sy sich erneit
204 1590 953 1666 wyll sy im keinem dienst, einiche rechenschafft nit
191 1639 412 1706 geben fhönnen.
279 1791 815 1938 Wiichael Her vonn
305 1921 729 2005 Roschach am Bodensee
143 1989 931 2090 Alßdann verschiner tagen Michgel Herr von
182 2052 944 2137 Roßhach am godenser bürtig von ies müßiggangs
182 2091 957 2196 unnd verschrüwener debstälen wegen gfencklich tezogen
174 2147 942 2242 vnnd vff dortag den 25. Augustu 1614 Jans uß
179 2194 940 2284 benelch miner gnedigen Herren vnnd Oberen gan Mar¬
175 2230 954 2333 gethent unnd daselbsten alles eits mit worten examine
161 2281 937 2381 Ist er haruff volgender articulorum unnd debstälen
179 2313 809 2412 fey willig anne manter bekhandtlich worden
161 2357 954 2452 Deß erstte hat er bekhendt, wie das er vor etwas
166 2408 948 2497 zyten herrn Riclaus Brochen dem Krümer und wi
173 2453 963 2556 man alhie ein grug botleßig mit syden gestickt unnd sac
173 2491 963 2589 gethuteret behenck vß dem ladens entwendet, vnd selbis
167 2545 941 2636 Cnradt Meßmern sein beckhenknecht alhie umb zwendt
172 2584 749 2683 batzen vnnd ein hembdt Verkhaufft habe
167 2619 971 2717 f durch die eherenvesten etc. Wyßen herren Jacob Thorman ds
169 2673 782 2773 Rhath unnd danid von Büren Großweibell
1879 44 1924 96 9
1046 67 1929 182 Demnach habe er gemeltem hin Brocher abermalte
1096 129 1904 222 zwey behenck, dern das ein äschentarb, welches er
1105 165 1934 266 oggenfußen dem schnider an der hetrren gaßen umb 28
1096 214 1940 298 batzer verkhaufft, das ander, wüße er die kmb nit mehr
1096 259 1440 345 uß dem laden gestolen.
1073 287 1923 398 Denne habe er ime brochem dry par diefach gestiickt
1091 341 1748 446 strumpff auch uß dem lader entfrömbdet
1076 397 1916 503 Der Alderin der secklerin ein par handtschuch mit
1100 453 1909 543 fraußen entzuckt, so abe ime widerumb abgeragt
1090 511 1209 573 worden
1083 532 1929 634 betragt, ob er dem Goldtschmidt gsellen, so by herren
1103 595 1964 669 Eßwardin seendere gearbeitet nit gholffen etliche bächer
1103 634 1961 714 verunteüwen. Antwort, habe von einem seckler gsellen
1104 676 1942 751 alhie vernommen, wie das gemelter Goltschmidt zue
1098 713 1982 803 einen silbernen bächer gefeygt unnd selbigen dem mußhaffen
1113 765 1907 835 becken versetzt, habe aber der herr mit darzu geholffen
1113 804 1554 882 noch söllichen bäsher gesechenn
1071 848 1971 947 Betragt, warumb er sin erleinet haffner handtwerck nit
1100 894 1928 991 getriben, sonders sich zum Beckenhandtwerck verdinget.
1094 940 1777 1022 lentwort von wegen siner bößen schencklen.
1100 990 1916 1075 hat damethin bekhendt, habe ein mal mit dem dößin
1099 1053 1933 1139 zum schlüßel alhie uff der bime und höüw gespelt
1068 1123 1934 1226 It uff sölliches einmal lär, das ander mal mit dem
1108 1188 1951 1251 kleinen stein uffzogen worden, hat aber weder das
1105 1238 1958 1318 ein noch ander mal utzie wythers bekhennen wöllen.
1221 1338 1842 1520 Anna Seffan.
1247 1488 1857 1594 von Munchen Ruchsi pürtig
1076 1603 1972 1730 R 27 Augusti 1614 Inngegenwugtig
1099 1689 1916 1787 keit der tromen fürnemen fürsich
1110 1751 1923 1849 tigen Ersamen nn Wysen herrenn
1046 1804 1958 1896 Hanid Amans des Rhatts Jacob Mon¬
1098 1878 1888 1953 mers der Burgeren unnd Samit
1017 1928 1895 2003 Von Burens Großweibells vnnd
1110 1988 1940 2079 anderer weiblen It Anna Steffan
1020 2048 1947 2138 von München Buchsi fürtig zu Mar¬
1085 2100 1947 2198 Zili vber jezigte sachen Trammiert
1045 2164 1293 2239 worden.
1043 2270 1959 2405 Erstlichen alls sy betragt ward warumb
1089 2350 1920 2459 unnd von weßwegen sy dem Jamb
1080 2418 1937 2513 Meidtlin Kuchlin geben habe, so darun
1109 2479 1877 2566 franck worden sye, hat zu bscheidtn
1097 2535 1928 2593 geben wie das Ey nemants weder
1035 2581 1887 2660 em Meittlin noch ander lutenn
1113 2641 1915 2729 einches kuchli geben habe: hatt
1107 2698 1916 2785 allso hiemit sölliches gethan zu haben
1116 2747 1539 2819 arck vermeinet
