4000 3000
68 95 165 152 24
198 187 1045 321 Namlicher, Mlleden vor wenig abgewihnen
200 276 1032 372 hr Jhaar Wetter vorständer Göttlichenn Wortfe zu
204 331 1038 445 Pfgistorff Inne Gottgäber vonohwar geschäffen
195 396 1047 507 wegen gan Welschen Nuwenburg abgeschickt vnd hi
204 455 1050 569 enffer Gottgäber nach Verrichtetem bebelch eine
213 523 1045 623 morgens widerum anheinsch worden, Holhe er gärn dm
206 577 1026 676 seiner Vatters huß zuorgenn gästenn. Nach dem e
213 644 1037 746 aber gwahr wordenn, das man harzu Vnwillig wer¬
207 707 1045 810 hab er sich lß sines Vatters behusung In das witt
210 770 1033 886 huß bofugt, vnnd daselbst ein morgen broßf großen
217 826 1029 945 darnach hab er sich Inn ein ander huß begebenn
223 902 1029 987 Vnnd daselbst mit ettlichenn herrenn von Solle
210 959 1047 1078 thurn, als welchen er bekant gsin, ein abendtrunk
222 1031 1038 1125 gethan. Endtlichenn, als er Gottgäber mit
225 1091 1044 1184 wynn vorbeladenn gsin, hab er sich widerum inn
230 1154 1040 1264 ines vatters huß vberfügt und sich den sin ann
237 1217 1029 1311 zubschloßenn. Als aber en twüschen sin vatter
235 1284 1036 1406 etwas imselbigen gmach zurichenn begart, er
226 1361 1047 1468 gefangne aber die shur nit öffnen wollen, syn
233 1421 1038 1524 dannenhar sey beid, Vatter, vnd Sohn In ein Zanck
230 1489 1035 1591 Vnd hader gegen einanderenn gerhatten, Inma¬
215 1553 1046 1651 der Vatter nach wärtts zu Ihme dem sun gesprochen
218 1619 1040 1722 Ich hab nütt gutts an die erzogen zu Puter zu
221 1679 1036 1787 ler. Vff wolliches der fur namlich ee gefange
224 1742 1031 1838 sich also hochlich vergaßenn, das er Bolles des
231 1812 1028 1929 verrenn hohrm, vnnd ern schafftem Karpott, alle
231 1882 1040 1994 zuglych allenn grosfennberosen Rechten, vnnd
223 1952 1048 2068 hiemit ouch Chrißtenlicher Ordnung, vnd gemeine
213 2017 1044 2138 erberkeit besonders kindtlicher zugeigung, lib
218 2074 1041 2183 Vnd pflicht gegen der eltern stracks zuwider
218 2136 1044 2252 vand eusgegenn, den seinliche vngepurliche, vnd
212 2213 1041 2314 abschüchliche wortfe vßgebrochen, das er namlichen
224 2281 1026 2396 zu bemeltem sinem lyblichen vatter gesprochenn
206 2340 1032 2451 Zuhafts gehynt (mit reverenten smelden) In
226 2407 1037 2515 aller Schelm, zu gäla Säncker. zu hast mich nit
210 2465 1046 2588 erbegenn wie es einem biderman zustadt, de Jon
206 2545 474 2648 ner schieße dich.
1958 37 2082 104 25.
1205 163 2102 312 Vff sölliche synn deß genmptenn Jacob Gott¬
1194 245 2084 381 gübers bekense schware mißhandlung, habenndt
1207 293 2069 420 hochgenampt mit d herrenn schultheiß, hätt
1210 347 2080 474 vnnd Burger diser loblichen statt ben 16fl
1196 419 2026 538 dronn eyd zu recht erkondt unnd gsprochenn
1206 615 2078 760 Dis mun Ihnme dem Vogt zu Landtshuts Vberschicken
1214 698 2105 813 der ihm zu UOtzistorff in der kilchenn für sein fhrr
1219 755 2075 863 tenliche Gmeind stellenn, allaer Gott vor 1
1207 819 2057 930 Unnd worab demnadh nun g Herrenn und oberen
1214 882 2084 1003 ein Christenliche Gmeind daselbst die en damit
1221 952 2108 1066 pergoreth vnnd sinen altenn vattor umb grad in
1211 1019 2109 1144 verzychung bäthenn unnd darnach allen seinenshal
1214 1081 2081 1208 Vffgeluffnenn costenn abrichten, vnd Vber das ein
1209 1140 2075 1274 geschworen brphend nach gemeinen Vorm Vber sich
1224 1213 2081 1337 eben und wan das alles bestechen lbß und ledig
1208 1276 2072 1380 gelaßenn wordenn sölle. Actum 17. aug 16
1217 1339 2110 1451 unnd söllind ihm vürobin alle wirfr lbund wyrschenckeen.
1207 1407 1889 1506 hüser vorbotten, vnnd abgestricktt synn.
1287 1553 1998 1684 Pierie forneret wonn eo
1474 1650 1774 1753 anenn purtig.
1172 1845 2070 1986 Alls dann 6 f frytag denn 12. auo.
1211 1950 2106 2023 dib 1613 jars durch den Edlenbestenn auch die frommen
1208 2011 2075 2086 furnmren, wysen herrenn Niclals von Mülenom
1181 2074 2083 2163 Deß fleinen rhatts Jacob Sumor und Batt kischer
1202 2114 2088 2214 der Burgerenn, vnd Dalbid bon Buren, Groß¬
1209 2175 2118 2296 weybel Prter Forneret von Coanna pürfig über
1201 2224 2095 2360 gezigte sachenn examiniert worden, Haber folgendenn
1203 2291 1499 2401 bscheid gebenn
1200 2362 2123 2508 Erstlich als man Ehnge gfragt, Ob er nit weylund bise
1199 2449 2115 2558 Allors ( vorlaßner withwenn die ehe angemuttett habe
1203 2514 2054 2620 hatter zu bscheid geben, Es möge wol bschechen synn
1193 2563 2079 2684 Diewyl er aber Johmal, als er by dra den diew huß
