4000 3000
55 57 137 118 186
76 2051 149 2103 Jug
209 39 922 152 onsten nit beschechen, hute erlösenn vnndt sei
200 101 908 188 glaubiger Volkkommenlichen bepridigen wollen
165 136 904 236 Was derach sine schuldenn vnndt vrkaufft
193 198 935 273 guter, deren wegenn er gegen sinn bruderein
165 244 926 329 woll dieselbenn sölliche zu Ihrenn handenn ge¬
199 284 947 370 nonmen, inn zwytracht geralten, annbelangt,
193 324 899 408 habe er, So balder widerumb Anns Lanndts
195 362 926 446 kommen, sich zu denselbenn synen bruderenn Ver¬
200 402 910 485 legt unnd an die selbenn begert, wyll sy in
189 436 923 522 dem gellts tag ine guter Vmb einn solchen gerin¬
198 481 940 554 pryß an sich zogenn, das man vil mehr darus
205 523 905 590 erbößenn, unndt nit mir alle gälten bezallt
204 558 913 627 werdenn, sonnders vber das imme noch etwan
198 601 922 672 vorsteundig hatte sich mögenn, sollennt sy Imme
219 639 920 720 solche gutter widerumb zu kommen laßen,
208 678 913 756 das er die glaubiger vmb Ire ansprachenn
214 722 922 793 befridigenn könnte, welches sy aber nit haben
210 763 921 846 thhun wöllen. Inn maßen die selbigeng Inenn
205 802 920 879 also veblibenn, vnnsngesechen, das Inn tem
210 841 919 922 gelts tag irenn vil sich gestellt unnd uf die
176 882 910 959 guter gabinnt bieten wöllenn, das nun aber
211 923 926 997 angedüte sine bruder verhinnderet, vnnd Her
222 966 929 1041 für gestannden unnd gesagt, das sy einn lust
210 1010 916 1096 zu den gütereng habenndt unnd die selbenn
207 1045 929 1119 nit vonn handen laßenn wöllinndt, wie dann
227 1093 918 1163 er diß alles mit zwenntzig personen, wo von
222 1136 930 1220 nöteg, sonnderlichen aber mit nachgemeltenn
231 1175 936 1253 personung bewyen möge, als erstlichen mit
215 1216 916 1301 Jacob Heberli dißmalen zu Habstetten
216 1259 947 1336 en Einunger Hallers gutt geseßenn, Ikem,
223 1298 939 1376 mit Niclaus Röschenz zu Finndelwanckh
197 1342 916 1417 Vnnd beiden bruderen, den Khindlerey vonn
222 1386 929 1453 Lisoach, welche vonn sinen bruderen abgewißen
234 1430 926 1497 vnndt durch sy Kunndtler Vff das gut 3500
229 1474 933 1551 pfunndt gebottenn worden, denne mitt
237 1514 926 1578 einem Landeren, so er mit sich gebracht, welch
231 1548 914 1628 700 lb Item dem jungen deßen von
231 1596 918 1683 Jegenstorff der 900 lb die mehr wann sine
234 1633 935 1712 bruder gebung wellen, da aber die Summa
235 1681 917 1747 vmb welche sine bruder fur Inne ich ver
236 1726 922 1802 bürget, deß wegenn auch das gufft sampt
222 1763 923 1849 den eigenen sucken(so dritthalb Turg¬
226 1804 925 1878 arteg vnndt vnndt nit zur leenschafft,
222 1854 940 1918 sonnders Imme zugehörig, vnnd sinen bru¬
212 1896 917 1960 deren nützet verdschribung gl zu preng hand
217 1910 967 2019 genommen, nit größer nich höcher dann 1300 llb.
214 1980 926 2059 gsin, an welche erstgemelte Summa der 1300
221 2009 950 2105 Ab. de er Inn sineen huß, die halbe leenchafft,
232 2056 939 2135 o inn 2800 lb angklegung vnndt gekosft
211 2109 929 2184 uff erkanntnus ehren lüteg angebottenn
202 2138 943 2246 vnndt gebenn wolleg, Sy aber nun die ganntze
218 2203 941 2285 Luenschafft vmb 3300 lb de an sich logenn
216 2239 922 2336 unndt inn besitznung habindt, also, das an
231 2283 937 2380 tatt Inne die ganntze beenschafft 5600 lb.
214 2345 916 2416 angelegen, das selbig auch gellten mögenn
205 2378 917 2446 die selbig Jnen alleinn 3300 lb ze bezalenn
205 2432 919 2493 daruf verzeigt, vnndt an die hanndt giebenn
216 2468 919 2530 worden. Uß welchem allein enntlichem
222 2503 943 2581 ervolget, dass etliche siner creditoren, vmb
1123 21 1846 151 er anserahung biß herr nit bezallt werden.
1129 85 1858 175 sonnders deß zeigenn ußstahn, vmb by nebent
1125 129 1828 229 r deßelbigen Vbel munstgelltenn mußen
1128 207 1820 306 otf samb tag 29. junii 1616. Jarii
1152 264 1831 355 us abtrag costenns, wo er denn selbeng zu
1141 307 1860 394 erlegen wegenn ubersechnen eydts noch maln
1143 347 1852 431 wr zu vor mit dem eydt vonn stott unnd
1143 396 1840 481 kanndt vwißenn unnd imme bar by
1150 433 1843 519 meldet wordenn, denn selben unnfhalbdrlich
1144 474 1834 580 ze halltenn, somnsten im thab ubertretungg
1138 521 1828 608 enig 9 sr jenne neüws unndt alts zu
1150 561 1852 644 sanueg werdenn laßen unnd inne nachver
1146 604 1646 690 Dienen straffen, Wurdinnt.
1256 778 1716 963 Gett die
1357 921 1636 1004 von Affolteren
1121 1065 1862 1178 Iss vl montag den 19. augusti 1616 gag
1136 1133 1856 1217 Beat Meyer vonn Gffolterenn Im Emmen,
1168 1183 1838 1256 halb bürtig durch herren Großweybel
1139 1224 1858 1311 Fischerenn Inn der Mannenvoff alhie vber
1152 1272 1853 1354 gezigte sachenn befragt unndt zu worten
1152 1316 1859 1390 gestoßen wordenn. Hat er darüber bekennt
1150 1358 1347 1436 wie volget.
1116 1450 1858 1548 Muilichen als er verschinner tagen eines
1161 1518 1843 1594 allar Inn die statt komuen, Vff das ennes
1171 1564 1853 1633 hin, das er ein pfnund ancken inn die huß
1167 1607 1871 1680 haltnnng unndt einem siner kinden ein par
1177 1648 1851 1722 schu kauffenn wolleg, habe sich begebenn,
1172 1691 1844 1761 das nach dem er Inn einem Keller gly
1170 1731 1855 1796 ob mint halb dem Barey getruncken, vnndt
1176 1769 1865 1838 sehr truncken wordenn, er inn das wirts
1170 1812 1870 1887 huß zum Barenn kommen, vnnd als man
1188 1859 1880 1934 age) einn Zinme blatten alda enntwendt
1180 1902 1874 1981 habe, welliche blattenn Imnne hernach, als
1158 1952 1867 2026 der Vß der Statt heim wollenn, Ime wi¬
1162 1995 1895 2076 derumb abgetrunngen worden sye, umb welch
1176 2035 1889 2117 liches aber, wie zuglych weg
1169 2090 1896 2154 Inne beheundiget, vnndt Inn gefangenschafft
1178 2125 1875 2206 geführt habe, er ganntz nüt wüße, dann
1182 2172 1885 2252 en mit wyg also vast sye beladenn gsiy ir
1184 2207 1879 2300 doch so er sich erhelter maßenn vergeßenn
1188 2248 1896 2334 wied er dann nit verremen wölle, daßelbin
1180 2292 1891 2383 werde beschechenn hen, So sye sölliches Indent
1183 2343 1896 2418 vonn Hertzenn leydt, butte deßwegenn eing
1186 2391 1877 2469 gnedige Oberkeit, die selbige Imme vonn
1198 2430 1902 2528 siner arwen Prauwenn vnndt sechs Vnuer¬
1200 2468 1902 2557 zognen Kinnweg wegen gnad bewyßenn unndt
1194 2525 1902 2611 ebzeigen, vnndt sinet wegenn, das es sich hruor
1759 2606 1887 2681 vnnd
1901 51 1978 103 187
