4000 3000
131 55 233 118 20
261 67 1096 221 einem vnnd zum dieken mit zweyen seinen vh
249 157 1095 258 gen, vnd obgesagte Fürkandin zum ersten mal Im
258 216 1105 364 dor Insalglichthalg mict dhen diemnysen, vnd do hern
261 275 1086 379 zu Marzili einest läu zum anderen mit einem
255 328 1099 450 Vnd zum dritenn mal mit zweyen sheinen Vp¬
254 394 582 500 zogenn wordenn
312 437 1049 616 Nicolas Veillermin Von
560 563 932 671 Werdtenn
272 757 1066 892 Mlodenn, Vicoles Veilermin Ve¬
260 846 1070 964 Wberdtenn sich so hoch vgäßenn, dz er sich
270 922 1103 1028 leider wider miner E. G. Sattzung mitt zwistel
259 975 1104 1110 ehrlisprechung totiaff, Iin dem dz a. N. Si.
260 1041 1082 1152 thorein allhie die ehe einmal zu gefagt wie den
279 1113 1069 1225 Wseiner fra ingehendigeten schifftlichenn
261 1186 1092 1294 Auch Ihne Vuillerum mitt eigner hand Vn¬
269 1247 1082 1369 dershibner, vnd Brutsschieze gfantz zu¬
254 1315 1090 1436 bewysenn: Vnd deßen bebe nach zett hernach
266 1388 1070 1496 der wirtin Zue Prouen allhie die ehe auch
282 1449 1088 1570 vesprochen; So Ist er von stöllichen Euder
276 1517 1097 1633 wegenn ein stund langan jas halßig sone
280 1583 1095 1680 ortontt worden. Adtum ultim. July 1623
264 1649 1094 1770 wolliches tags dann auch seinliche Vrteibann
266 1739 635 1830 ihm erstattett worden.
223 1918 1057 2220 Disil hbrisen.
245 2268 1075 2427 Illgdang Vrsale keylergenn denn
267 2394 1083 2502 iortenn shäler begangenn. Ist sy 1 fl 18
258 2442 1080 2550 julii 16b mit dem eyd vor statt und wn
272 2505 576 2625 verleisen worden.
2025 67 2132 133 21.
1222 123 2060 287 Banns mundi
1466 246 1781 366 Aeder
1261 386 2145 543 1 R 3. Juli 161 It Hanns Valar
1246 493 2142 603 zum alder wegenn sines vertheygenn, bandt
1266 560 2163 669 ergerlichenn bnruwigenn läbens mitt dem eyd
1271 617 1890 733 Vonn der Statt verliefenn worden
1238 798 2073 1073 Bendich Noff
1271 1122 2160 1242 f 27. Juli 163 d Bendictt Wolte
1267 1225 2133 1328 U der Kilcheri Drachselwald, wegenn er Jaar und
1281 1281 2120 1396 Tag dabar mit Anne Mollers vonn Prouw g¬
1262 1345 2136 1459 meinschafft ghan vnnd sich dros lybs Theilhaff
1256 1399 2108 1526 gemachtt mit dem eyd vom statt unnd lannd
1276 1479 1604 1583 vertrisenn worden.
1238 1779 2094 1905 Avs
1229 2044 2145 2168 Mls dann verschinner nächtenn ein arme mans per¬
1248 2124 2132 2238 son, Couys Chiblon genampt von Oyuone by Gep
1257 2187 2159 2301 pürtig zu Vngewonten vnnd vfl der gaßenn gefund
1254 2246 2136 2352 Ist er daruff glencklich Vnzogenn vnnd toxamiidet
1267 2310 2142 2422 worden. Ier halt aber seinlichen bscheid geben, das
1266 2370 2139 2485 Vß sinen worten, als ouch gebenden zugefenckenn,
1266 2442 2147 2547 er kinthor und nit wol by sinnen sye derhalbenn
1251 2497 2158 2619 er uf 4 arr 1613 den synn heymalt gewisenn
1248 2559 1393 2665 worden.
