4000 3000
52 64 148 137 84
220 37 779 220 Hanns diase
316 185 780 281 von Schwartzenburg
150 278 930 397 ldanin dißer Hanns Saft Ium Verdacht vnd en
173 356 936 444 wohn verklags wyße khomen, als solte er mange
176 393 921 492 sechen er vor etwas zyten ein Urphech über sich
171 431 913 517 selbsten geschworen, ich mit fherneren vnthaten
171 481 918 568 vnnd diebstalen vergeßner wryß vertiefft vnd
167 525 921 608 fleckt haben, vnnd deswegenn gfencklichen alhe¬
173 571 845 655 Inn die manenkeffi überschickt worden.
167 618 926 692 er lauff uff zintag den 30. septembris 16
168 660 924 731 daselbsten inn des rannenkeffi durch die ehen
189 709 930 782 uester  Herren Johan Spätingr deß Rhats
176 744 921 821 Danel Eggli der Burgeren vnnd Michael Frö
197 785 918 862 denrychen alls statthaltern in Großweybel
195 834 947 919 mer fherners gezigten diebstälen exarumert, vnd
193 888 936 967 zwahren etlichen schlechten vnnd geringen Vntrüwen
204 934 924 1010 selbige uß mangel unnd not begangen zu haben
185 983 924 1067 anred unnd bekhandtlich, als aber dieselbenn
186 1026 917 1102 ihr gz im gesesnem khat widerumb für
198 1085 926 1172 vnnd angebracht, Ist er vff donstag der 22
195 1135 918 1209 crusdem wegenn sines hochen alters mit einer
201 1186 914 1263 scharpoffen censur vnnd erinnerung, weßen e
194 1228 914 1309 sich nun mehr zuu erhalten, widerumb ufe und
197 1284 543 1352 ledig gelaßen worden.
228 1436 888 1541 Weiten stumen.
396 1515 855 1580 sonst genampt wüstiger
266 1520 381 1581 thaler
390 1563 680 1633 vom Bollingen
150 1664 921 1751 Dernach angeduter Chriften Mumenthalen, wegen
189 1718 944 1782 er vonn herren Sanusel Rumel verklagt unnd ver¬
189 1782 908 1840 leidet, als das er ime an einem morgen die schn
199 1805 938 1882 oder stallthüren geoffnet unnd einen khomet sampt das
191 1844 935 1912 gehörigem gschwr hingenommen entzuckt unnd entfrömbd
171 1893 933 1975 habe, vnnd deswegenn vffgemelts Hin Rumels be¬
185 1934 929 2016 gären gfencklich angezogenn, auch volgendts uff zint
176 1979 929 2052 den 20. septembris 1614 bars durch die komen
180 2022 924 2097 Herren Damal Aggli der Burgeren unnd Mirhart
179 2063 938 2137 fröüwdemychen Auman deß rhathußes als statt
170 2110 947 2184 haltern sn Großweybels solchen jezigs vnnd ander
195 2148 948 2225 mer sachen ien der manenkeffi nit worten examime
191 2196 941 2273 bnd befragt wordenn. Da er dann zwar bekhendt, da
181 2241 935 2320 nit weinger, denn das er gemelten khomet vnnd gschier
179 2290 928 2364 erzelten maßen genomen: hieneben aber vermeldet hat
186 2333 923 2410 die stallthuittn offen befunden und angeregte achte n
179 2374 942 2459 zu sentfrömbden, sonders zuentlehnen ein mal mit sich geno¬
177 2400 948 2491 wie er dann mit dem elbigen Hans Buchern estlichen be
173 2451 923 2541 habe fhuren müßen. Das er aber auch söllichen nit
843 2508 890 2562 ich
164 2507 839 2586 glych widerumb an sie at gethan, ye die ver
177 2530 945 2626 das er innamen gemelts buchers gan thun gewiße
173 2574 927 2673 unnd daselbsten gwüße geschefft verrichten müßen
1843 22 1920 92 85
1072 66 1923 183 3. Das er anzognen khomet ein mal widerumb heim
1060 136 1931 221 tragen wöllen unnd zu sie herren rumels hiss darmit
1059 178 1957 251 khönen, wyll aber nemsandt demalen anheimsch, wie dann
1051 212 1877 297 die hußthüren selbigen mals verschloßen gsin unnd er
1075 247 1905 333 also widerumb abzuchen müßen) habe er söllichen inn
1080 295 1895 379 meister Peters deße Castostenmachers huße underfür
1075 334 1946 419 hirin gelegt, da Jann Jacob Bartman der Pfister
1062 374 1916 450 ve stick Saruon genomen dieselbigen den Hir horts
1068 408 1865 488 Kehler vmb wyn versetzt, vnnd hernach Herman der
1071 453 1962 531 Kärlibman sölliche gelößt habe. Welliches die ursachen
1088 493 1895 565 öendt, von deren wegen ser dißen khommet theills so lag
1079 539 1929 608 behalten, theils nit widergeben dörffen untzit hen rumel
1085 573 1890 648 öllichen selbs widerumb bekhomen habe. Nach dem nun
1065 617 1960 693 dißere sie bekhandtnuß unnd das sonsten andere sachen über
1073 661 1931 741 Ime sich nit erfinden smögen, ihr sichs fürgebracht, if
1074 709 1907 783 er vff donfftag den 22. huius mit einer Clnrat
1076 745 1607 828 widerumb ledig gelaßen worden.
1109 997 1797 1107 Caspui osman
1118 1073 1764 1148 vnnd Elsbest Mumenthalerin
1149 1130 1739 1214 us der landtvogty Trachtlwaldt
981 1267 1917 1349 Alsdann gemelter Mosiman sich (leider so wyt vergeßenn
1070 1347 1924 1398 das er den vergangenen zytern sich nit mir nit gedachten
1073 1385 1896 1440 Mumenthalerin inn Kury unnd ehebruch einfalter wyße
1086 1418 1923 1488 Vermishet vnnd fleischlichen vergangenn, sondern auch, sals
1083 1461 1928 1518 er Im erfharung khomen sy Mumenthalerin von Zue
1086 1501 1935 1583 schwanger wäre sa dergstalter unnd nit versprechungen
1080 1554 1883 1617 viler guthaten dahin beredt, sdas sy uff sie anwysen.
1079 1590 1968 1659 angedeten Mosinaas stieffsohn zur ehegenommen, sich hiemit
1077 1632 1904 1692 von ime mosiman schandtlich verkhuplen laßen unnd
1076 1674 1932 1755 nachmalen, als sy deß khinöts genäßen, daßelbigen ihrem
1086 1719 1926 1790 eheman als rechtem vatter ehelich zugeeignet unnd zn
1076 1764 1950 1824 touffen laßenn, auch by nebent sölche schandtliche that beiden
1087 1802 1908 1885 yte so lang verschwigen behaltenn, bis endtlichen sy die
1087 1847 1920 1925 frouw us sonderer tub zrs gewüßenns die sache, wie
1077 1882 1926 1969 selbige deß khindts halben beschaffen offenbaren müßer
1080 1935 1920 1997 unnd nit lenger verhalten khönnen, deswegenn sy iten
1065 1973 1921 2059 Sampt Ihr beider syten ehegemachter von der Erbarkeit
1076 2019 1957 2090 außen für mine herren di eherichter alhar gewißen
1016 2059 1954 2148 dem unnd nach, daselbsten das ehelichen baadt zwüschen inen zu
1086 2109 1942 2188 allen theyllen uffgelößt, s nachm alen innsor mannen
1079 2148 1905 2233 keffi gelegt unnd die sachn für ein gredig herren unnd
1070 2193 1966 2265 oberen zun geseßnen rhat geschlagen worden. Habend
1080 2233 1920 2314 hauuff hochgenampt ihr Gnaden erkhenndt, das zwan
1070 2292 1954 2364 er Mosiman wegen solcher begängenen lästerlichen that
1080 2321 1965 2398 sie lyb unnd leben verwürckt hätte unnd aber wolgerelt
1074 2363 1962 2452 m f. hi wegenn sines hochen alters eme daßelbig uße
1064 2407 1971 2481 gnaden widerumb geschenckt haben wöllindt unnd ihm überig
1071 2457 1971 2524 angesechten, das sy beide dey stundt lang an das holtsyßer
1080 2490 1956 2572 gestelt, dem nach er mit kuten ufgesschmeitzt unnd volgendt
1073 2528 1971 2605 ist dem eydt von statt unnd landt vrwißen werden
1072 2555 1153 2619 sölle
1053 2582 1937 2707 Diser untheyll st uff Fybar den 24en octobris 16 4.
1071 2640 1729 2730 bninen ordenlichen erstattet wordenn.
