4000 3000
48 50 138 105 132.
97 2112 144 2167 3.
107 1721 161 1794 1.
203 81 942 232 Bendiche Schunen
402 183 513 256 vonn
147 290 953 431 Nach dem dißer Bendicht Bchnner nonn
197 371 969 483 mir intönigkeit vnd halstattigkeit wegen vn
192 416 957 526 das er den Jenigen spruch so zwüschen sinem vor
189 467 936 560 vnnd bruderen an seinem vnd Imme am andere
189 504 975 618 theyll gemacht worden nit annemmen wollen, sein
180 555 960 662 hartnäckiger wyß ußgeschlagen, etliche tag
188 604 969 705 nacht im gefangenschafft gelegen., t er volgerte
187 653 954 742 uff zinstag den 14. martii 1625 jarrr uff
198 703 960 795 gelëbdt, das er den brüderen das gut gevolgen
204 745 972 845 laßen, knnd das huße rumen wölle, ledig zu laßen
157 802 746 882 erkhenndt vnnd gelediget wordenn
228 934 870 1071 Hanns turet vonn
509 1040 651 1132 Eesen
600 1170 641 1211 a
180 1162 975 1274 uff montag den 22. maii 165 ja
208 1253 968 1320 Im byweßen, gegenwurtigkeit vnnd anhören de
223 1287 966 1370 frommen, fürsichtigen, fürnemmen ehrsamen vnd
221 1335 977 1398 wyßen herren, sammel Jeiners deß Rhats
219 1378 959 1471 Ebhiliox Phommets der burgeren vnd dann
219 1423 974 1503 Rohe dt  ach ge
237 1495 998 1572 weyblen iiner gnedigen h unnd oberen dienere
216 1540 979 1620 hat Hans juref von Alenburtig zu Martzil
228 1591 986 1659 alhie nachvolgende hoche unnd schwäre mißhandlinge
224 1638 987 1716 veriächen, bekhenndt, auch mit der marter erhalen
221 1686 449 1757 unnd bestätiget
221 1726 956 1817 sharlichem unnd deß ersten, habe er an vier
233 1779 983 1845 underschidenlichen orten unnd enden, da er als ein
221 1821 974 1909 sein unnd alppfnecht unnd sonsten auch gedret
231 1874 977 1948 als erstlichem im lncerner gebret, demnach im
221 1916 977 1987 Eggenwyll, demne uff Stouffenn unnd danethin
209 1962 977 2053 In der kilchheri Rötenbach mit wybspersomen
215 1996 995 2105 Im Vrküschheit knnd hury sich fleischlichen vrrnst
215 2065 454 2120 unnd vertrfft.
211 2078 999 2177 Item hat er bekhenndt, wie das er vor ungescheidt
209 2123 989 2242 zweyen jaren uhe anstifftung deß bößenn gehe
204 2199 983 2281 Im ein sölchen verkherten sum unnd tüfflische
216 2227 998 2335 bößen willen unnd geluff verahten und se
224 2280 988 2360 deß allmechtigenm eines erlößers so wyt ver
215 2328 989 2425 gäßenn, das er wider g�rtliche mentschliche
203 2367 985 2463 und natürliche gesatz unnd ammitung an under
200 2400 983 2505 schidenlichen enden unnd orten, da er sich im dret
222 2450 983 2566 wyß erthalten mit unchistenlichen werden
212 2503 974 2601 unnd mishandlungenn sich zum künfften mall
194 2567 934 2658 schwärlich vergangene unnd beflockt habe.
1841 51 1941 111 133
1015 72 1940 218 ehndlicher schelze welter etwaß syt unnd jaren
1081 131 1922 230 Im guteruer gebut uff der wyn alpp gin uff
1007 177 1916 280 der anderen alpp ein schwartzen man gesechee
1093 211 1910 325 welcher ein blauwen trock und ein gren hütlin
1091 259 1902 363 getragenn unnd etwan zwen büchsenschütz wyd
1091 306 1969 398 von jmme gsin mit demselben abers nützit weden
1090 347 1551 447 geredt noch zeschaffen ghan
1089 392 1904 526 uff sölche vorgedachte Hanns Jurets hoche
1102 472 1958 568 hwäre und abschüchlich begangene mißhandlungen
1091 509 1969 616 habent hoch unnd wolgenandt uin gnedia Herren
1108 561 1916 649 und oberen schultheyse rhät unnd burger
1103 602 1889 689 dißer loblichem statt uff iren bydt zu
1091 653 1671 743 recht erkheendt und gesprochen.
1068 707 1958 822 Das man innen dem nachrichter beuelchen der
1091 764 1952 866 Inne oben uss uff gewohnliche richtstatt thüren
1107 813 1901 897 allda im ein brönned thür werffen und also
1109 858 1921 951 mit dem thür vom leben zum todt nach keißerlichem
1096 912 1454 1002 rechten richten solle.
1069 973 1968 1074 Dißere Uitheyl ist uff sambstag den 3. tag brach
1097 1033 1923 1125 monato 16 15 jars an Hinrich afbereit erstattet
1334 1086 1393 1139 1
1095 1096 1254 1151 wordenn
1185 1188 1268 1261 ers
1010 1170 1143 1277 g
1395 1237 1497 1308 e
1299 1336 1341 1398 3
1139 1346 1844 1452 ersuterung mit was thieren gesagter
1158 1414 1848 1495 juret sich vergeßenn, so an der Trützgaßen
1185 1467 1821 1550 zu vermydung ergernuß nit verläßen
1402 1519 1589 1602 wordenn.
1080 1570 1965 1657 erstlichem hat er bekhenndt, wie das er uff Stouffen
1111 1636 1946 1707 sich mit einer roten thu ein mal unchristenlich ver
1101 1702 1218 1748 gangen.
1091 1701 1991 1808 Demnach als er by Herren dauid Amman deß R hatz
1122 1773 1913 1844 gedienet, habe er sich abermahen mit einer falber
1107 1834 1941 1900 thu, so gemeltem herren zugehörig gsin, im einer
1110 1870 1541 1941 natten ein mal vergäßen.
1068 1903 1992 1993 denne ferndrigen wintern, als er by H andres
1120 1968 1956 2052 Kronyßen im dienstag sin mit deßelben roten khu
1119 2015 1992 2098 So er S Kronyßen nachmalen vff dem märit Ver¬
1110 2060 2000 2140 khaufft inn einem stall zum anderen mal sich lasfer,
1112 2116 1347 2172 lich vermishet.
1099 2148 1947 2231 unnd danethin habe er jüngst, als er by Bendicht
1110 2216 2000 2299 Laupshern uff der Landtgarben der Herrschafft Kychen
1113 2257 1992 2340 bach gedient, inn einer weydt mit einem schwartzen
1125 2301 1943 2379 schülin mit einem wyßen pläßoli, welches ken
1112 2357 1983 2433 Riclaus kilchbergere vogt zu Rydouw zugehörig,
1127 2389 1944 2491 ich ein mal verhriffenlich verenschet unnd vergangen
