4000 3000
45 97 150 147 174.
190 82 1010 219 teil guts bewißen, vnnd sonderlichen siner husefre
191 143 902 225 da er Rletzli nit anheimbsth, sonders im krie
913 200 980 264 ssin
189 189 1000 300 zu Vnderschidenlichenn malen buß vnd ancken haben
196 229 1016 352 zu widergelt, welches in er ihmme Fridli sölliche stuch
201 281 998 394 Vergebens vnnd vmb sonsten Verguldt, Vnd einichen
197 328 781 412 faltsth darinnen nit gesucht habe.
822 399 902 451 4
172 386 984 510 Ist uff sambstag de 27. aprilis 1616 janr
203 472 1004 558 vff ein censur hin vnnd abtrag coffens widerumb
210 505 611 594 ledig gelaßenn worden
428 588 627 683 11183
701 561 898 705 121
586 675 658 781 E
683 727 810 793 erser
261 776 565 877 ue
570 778 868 880 at
288 847 862 929 von der Hupff Lorwinen
421 905 755 989 Hasslel Landts
192 1025 987 1133 Vff Montag den 22. Aprilis 1606 Inn gegen
228 1095 1012 1171 würtzigkeit der fromen etc. Herren samuel Jenner
231 1146 1008 1229 deßn bhats Lierhart Chyßer deß jungen der
230 1207 1013 1274 burgeren unnd Burkart Fischerd Großweisels
227 1246 986 1325 hat michel Bysätt vonn der Heplouwinen
237 1299 1009 1366 Haßler landts zu Martzile alhi volgende dieb
243 1339 1003 1411 stal vnnd vnthaten an der marter verrachen,
233 1384 827 1458 bekhendt, erhalten unnd bestätiget
200 1442 1017 1536 Deß ersten habe er Balthasar Helffen ein acht
242 1504 998 1574 endtwindt, selbige aber hernach bezalt, vnnd deß
239 1551 851 1628 wegen auch iie Graaff ußgstahn müßen.
211 1594 1019 1671 Demnach habe er Guzilgen schlapper, welcher aber
228 1636 1040 1711 imme invor ein biel genommen, ein gygen veruntrüwet
233 1676 1016 1757 unnd glychthals harumb iun gefangenschafft ab
249 1737 485 1791 gebëßt
221 1747 1034 1832 Denne habe er auch Heinrich Dennlern ein achs ge¬
237 1822 748 1890 nomen, vnd nachmalen widergeben
228 1825 1039 1949 Item als er eins mals am berg gefarret unnd die
246 1890 1026 1984 ketten gebrochenn, habe er uß geheys deren dr
257 1931 1045 2016 by imme gsin an einem gewüßen ort sein hönwheyll
251 1972 1027 2069 veruntrtiwet, jedoch daselbig aachmalen allda
258 2051 606 2122 am berg gelaßen.
180 2064 1029 2173 dem Bergherren einsmals an einem morger im
245 2115 1037 2202 byweßen Melchers dess bubere zwo maßen wyns
245 2167 1031 2243 entwendet unnd nit hilff deßelbigen buben ge-
240 2231 393 2283 trunken
236 2216 1049 2340 dem Bartlome Rudi uff dem Brünig ein sägesen
247 2313 728 2370 worben enttrëmbdet.
249 2301 1056 2429 Wythers halbe er uff einzyt seiem vattern ei mist
237 2395 911 2476 gablen endtwendt und hernach verkhanfft.
236 2413 1062 2515 dem Bergherren ein houwen vntzuckt unnd zeschlgen
239 2496 716 2568 welche noch nit bezalt sye
231 2489 1050 2632 Item siner vatters buder ein tragten vollen kaßen
260 2578 933 2673 sampt einem kißlen darinnen verentrüwet.
228 2633 878 2729 Michel Banern ein mäßer entwerdet.
1863 38 1965 85 175
1229 31 1835 140 en sinem byweßen Heini Eggen in
1112 96 1946 189 so h sach ein wehr ambt einem m�ßer entfrembdet
1125 139 1485 257 hrnch verbautt
1132 168 1949 306 senes habe Androh Bisatt dem Bergherren uff
1211 225 1924 326 it thür fleischn uß dem spycher item Ulluch
1126 266 1982 391 socholtem orft lett ummans sohn und Christen schlung
1134 292 1195 340 ein
1136 307 1971 432 nen jedem ein täß gestolen unnd an statt der landt
1145 355 2006 462 umman inne darumb abstraaffen oder sonsten verzeigen
1124 394 1961 524 habe derselbig zeschen Cronen von Imme genomen, vnnd
1122 449 1734 545 hinit die sach vertëscht unnd verschwigen
1128 485 1979 593 danethin die Jenige halbe Silber cronen, welche er In
1136 532 1936 637 gezig gestolen ze haben, berürend, thüge man imme
1137 573 1975 675 derenhalb Vnrecht, dann er selbige niemalen Vermn¬
1131 635 1357 719 trüwet habe.
1121 630 2004 775 Deme habe er sich mit Anna Känel deß Bergherren
1137 713 2017 814 geweßenen magdt inn urküschheit unnd hury offtermalen
1142 746 1829 859 Vergangen, weße aber nit wie mauch mal
1136 783 1973 916 Item zu Eischi mit einer ihmme unbekhandten wybs.
1136 847 1713 958 persohn sich auch fleischlich vermischet.
1142 879 1954 1005 Item zu Encern mit einer anderen wybspersohn
1145 932 1965 1041 Catharina genandt, sich im hury vertiefft unnd
1161 1011 1313 1082 bergäßen.
1130 1014 1952 1138 betreffend, warumb er aller erstlichen zu Haßler
1157 1073 1988 1180 gefencklich znzogen worden, hat er bekhendt, wie das
1151 1112 2006 1210 er sines vatters budern, der imme ein par schuch unnd
1156 1165 1977 1258 orders schuldig gin ihme aber nit bezahlen wollen
1165 1217 1988 1292 ein küßt entwendet vnnd denselben hernach umb 2
1153 1250 1976 1340 batzer verkhaufft, darumb man dann inme ingelegt
1160 1304 1994 1389 habe, sye aber selbigen nals nit ußbrochen, sonders
1152 1346 1852 1438 ordenlichen widerumb ledig gelaßen worden.
1137 1393 1981 1483 Denne sye er auch eins mals behendiget unnd ingelagt
1164 1439 2006 1529 worden weren er den huffenthüren siner schwester
1216 1483 2015 1576 in iicher by derselbigen im huß gsin unnd imme
1172 1539 1748 1615 t�ben bscheidt geben, geschlagen habe.
1158 1564 1985 1677 Item, als man inne hievor alhar thüren wollen er
1177 1610 1985 1699 aber uußgerißen, sye daßelbig also zugangen, das die
1166 1655 1995 1759 zeingen, so ihnne abhar beleiben sollen unnd er sampt
1176 1692 1989 1796 noch einem anderen mit einanderen getruncken, sich
1184 1745 2034 1838 auch mit wyn also ubernomen, das als sy darube nit-
1168 1784 2000 1892 schlaaffen gsin er zur hußthür unnd nit zum tach uß
1181 1837 2016 1929 wie man aber imne verleydet, die flucht genomen.
1192 1908 1247 1959 habe
1174 1908 2025 2003 Eielangend, das er sinen elteren vilfaltige ungehors amme
1189 1970 1997 2055 unnd ungebür nit nur inn worten, sonders alsbaldt
1196 2015 2054 2110 auch mit wercken erzeigt habe, hatt er bekhenndt, wie
1190 2057 2004 2143 das leider nit weniger, dann das er mehrm alte sich
1189 2108 2040 2196 gegen denselben, da sy Enne vom bößen zum guten an¬
1196 2146 2054 2251 gemandt ungehorsam verhalten, sonderlichen aber als
1205 2190 2057 2289 in muter ihnne uff ein gyb mit einem stäcken schlachen
1187 2239 2042 2327 wöllen, er fra denselbigen gehalten und volgendts
1204 2271 2072 2378 klüchtigen fußs gesetzt, habe aber an gemelte sine el-
1205 2315 2067 2421 teren meinelen handt gelegt, noch sich gegen denselben
1201 2361 2052 2447 weder mit worten noch wercken thütlich vergriffen
1204 2428 2054 2510 noch auch uff jemandt einicher gstalten an traaßen
1208 2475 1573 2544 odersonften gewartet
1211 2492 2066 2595 Wasßwrthin antrifft, das er vnderschidenlichen per¬
1216 2561 1863 2640 sonen getröüwet habe, hat er bekhendt.
1877 2620 2064 2712 Erstlichen
