4000 3000
65 31 153 122 106
191 74 960 216 vnnd vertrfft haben solte, Als aber dieselbi¬
185 132 912 234 persohn sich deßer in keiner wegn schult
916 192 948 235 2
194 189 951 297 befinder unnd deswegeme geschüiter klagt uts
197 235 945 344 site khönner, und dann es auch sin fürgebe
201 286 957 395 seinicher maßen nach farn rechttens nit ein
192 341 953 444 mogenne, er gemelte Persohn, als die er falte
210 382 981 494 einer solchen lasferlichen that beschuldigen wile
195 425 687 519 rechtlich entsehl achere müßen.
177 494 917 618 Demnach das er Sollothureman wegen etwas
925 562 978 620 gelte
192 562 957 664 vngefharlich by 5 oder sechsthalber conen.) So
182 605 957 700 gesagt, herren Christian Fischman predicante
198 664 987 777 zu Verhingen erlegt und bezalt zu haben für e
204 727 975 802 Holtzen auch zu vechingenn wonhafft, welicher
213 751 976 850 aber gemelte hr predicant unnd Holtzer gentzlich
209 807 975 887 Vernemet, vnd weder der ein noch ander gestreden
210 846 972 933 syn wöllen, sich auch durch etlich beseßene rechnung
202 892 980 976 mit nichten vitinder mogen Ins die ungebürlichen
209 932 954 1003 wort ufgebrochen, das er geredt, angedüt
213 978 975 1064 1 predicant und Holtzen frue das hynig hinder
206 1023 993 1119 haltindt unnd fälindt, wie s reuer getl grmelde
210 1065 962 1148 ander schelrger vnnd es nit darby verblybenn
205 1118 972 1195 laßen, sonders gesant, wann die eherichter da
210 1159 972 1244 ußen irne holtzern by sich lengen ar chogicht
213 1200 978 1280 lydeit unnd duldint, synndt sy eben so gut alse
213 1253 957 1326 hat mit die einnen und andfrent an schee zeharen
223 1303 971 1384 geschriecht. Desen dann mehrgemelter H. Eißh
225 1349 987 1431 man neben gesagtem Holtzern zu vnderschudetliche
218 1399 967 1468 malen vor eimen herren dn eerichteren
225 1446 958 1524 alhie sich in im sollothurnmans eigenem kon
219 1490 989 1576 persöhlichem byweßer hochliyen erklagt und
221 1539 986 1618 wie vmb versichenugg vnd erwerdekhenung vor
234 1587 989 1650 etzter reputation unnd eheren, also auch nit wein
221 1634 989 1711 grrs umb ruw unnd ichenheit früngenlich geecten
195 1682 975 1750 Da nu zwar eheren gemeite mene herren eines
228 1730 995 1813 ehrsammen chorgrichts sy parthyere zum ander
215 1780 980 1865 malebest müglich gegen ten anderen verglichen
215 1821 989 1893 vnnd weiderumb Rechnet, vnd die einer vnd andere
210 1877 965 1952 an bydtsstatt iun gelübdt uffgenommen
222 1903 992 1996 die sach nuun mehr iun alle wegen beruwen zelaßen
215 1956 985 2049 unnd der ir munffen nit wythag ze gedencken.
208 2008 983 2083 auch ein erbarkeit darußer gegen enen, sonder
221 2056 985 2128 lichen aber Imme Sollothtraman nit minder
204 2103 962 2182 estattet. Daselbig aber alles von jennen
221 2168 973 2225 anders nit beheitziget worden, tann das er
209 2196 988 2284 obgesagten holtzen widermmb uff ein eünes
201 2252 975 2320 wegen versorücheter fünfft oder sechnithalbenn
198 2288 972 2369 cronen rechtlich ersucht unnd nach dem er alß
203 2350 982 2425 wißen worden, denselben nochmalen eine
191 2380 984 2467 chehmen geheyßenn, unnd den 1o1 frndicentro
216 2430 972 2525 ebener maßentituliert unnd geschmacht
177 2463 987 2572 Deßwegenn sy dann by minen gnedigen herrer
204 2518 970 2610 oberen ehegners hilff unnd raht ze rehen genötin
198 2545 996 2661 wordern, uff würches ihn gt gefanen
1015 1893 1096 1974 Codi2
1018 1960 1100 2018 Dr 28
1891 18 1978 83 109
1143 64 1943 185 von sölcher vnnd anderen vorgenden ungebüren
1090 113 1952 245 wegenn ihm dero brndt unnd gfangenschafft ver
1072 134 1143 212 Inne
1090 158 1927 297 schaffen unnd demnach ime söllethurrmman ime
1084 192 2007 339 buelch ufferlegenn ze laßen, das er die ubgegoßnen
1090 245 1971 373 wort uff sy herren ppredicanten unnd Holtzer
1087 297 1990 418 eintwaders orderlichen erwyßen und wahr machen
1090 338 1983 462 oder ab inen thun unnd sy nach noturfft entschlachen
1087 383 1933 506 sölte abs recht uff, dar er aber zu erstatten.
1093 415 1960 553 weder deß einen knoch anderen gebrachtt werdenn
1100 480 1962 602 mögennt. Desentwegenn ihn G jene widerumb
1091 526 1983 650 ten verhafftung seyen unnd siinen sachen Theineis
1091 577 1951 686 nachforschen laßen. Die nun sndert anderen Iun
1104 626 1961 727 efhartung gebracht wordenn, wie das er feuor
1091 678 1896 793 vngefharlich teyen Jaren vnnd Jechen monater
1092 727 1959 831 als er nit anderen zur rlüwenstatt im zusatz
1101 768 1977 875 gelegen under anderen worten geredt und lauffere
1086 824 1917 912 laßen, ob er mehr mit den herren von Bein
1091 861 1926 970 zu kriegen ziechen, ehe wolte er das der tüffell
1098 918 1973 1006 daruor unb gott behüt) die herren all im
1081 967 1893 1058 in statt hätte. Hauff hochgenampt nun
1096 1006 1991 1108 gnädig herren unnd oberen frommen, fürsichtigen
1061 1059 1973 1166 fürnemmen, eherengeachten unnd wyßen Herren
1080 1122 1976 1216 Johanßen Spating, ihem gelieten mitracht benolchen
1083 1165 1901 1265 Inn sollothurnman von solchen abschüchlicher
1095 1222 1958 1301 guusammen fluchs wegen im recht zu faßene
1092 1269 1947 1352 und dem gfundt der warheit mit geflißenem
1093 1313 1955 1392 ernst nachzusetzen, Das dann auch gebürenden
1619 1366 1917 1418 Wie wol nun
1103 1364 1550 1431 maßen alberit beschechten
1104 1402 1967 1492 aber mehr gemelter sollothurnman im keinerlei
1106 1454 1931 1544 gestalt wyß noch wegen gichtig vnnd anred zum
1103 1511 1937 1580 wöllen, das er erhelter maßen ihr gnader
1110 1563 1971 1632 als sinen ordenlichen von gott dem allmechtiger
1103 1625 1964 1697 Imme vorgesetzten hochen oberkeit geflucht, jedoch
1110 1659 1974 1724 wöll er sölchen fluchs mit fünff unnerworffeen
1112 1707 1992 1795 unpanthyeschen eheilichen bdermanner gnugsam
1105 1773 1959 1836 überwißet und sich erkedt, das er ja dersalben
1112 1808 1971 1873 fluch fürr sie lauerhafften mundt ußgahnt laßen
1103 1860 1970 1920 kendtnun aber solliches heyliger göttlicherschrfft
1124 1907 1994 1984 welche vermag, das man den gotteren nit fluchen
1125 1955 1944 2015 udden obelften eines volcks nit lesteren solle
1110 2006 1992 2089 gantz zu wider, neben dem er ander bitterbe lcht
1097 2048 1898 2122 geschmächt, so er hernach entschlachen müßen
1104 2109 1972 2179 sonlent hoch unnd wolermeltt nun gnedig herren
1112 2148 2008 2234 schuldtheyß Rhät unnd berger dißer loblichen statt
1088 2204 1947 2293 Bei uff ihren bydt zu rechts erkhendt unnd
1116 2248 1312 2326 gesprochenn.
1076 2295 1953 2393 das man Inne dem Nachrichter beuelchen, den
1113 2369 1983 2448 ime oben uß uff gwohnliche richtstatt ehmen
1111 2408 1951 2490 Ime alda sin haupt abschlachen unnd alß mit
1121 2445 1984 2559 dem schwänt vom läben zum todt nach keyßer.
1119 2498 1606 2595 lichetn Rechten richten solle.
1103 2539 1962 2667 Dißere Urtheyll ist uff sambstag den 21. januarii
1134 2603 1973 2715 1615 Jars an Imme Sollothurmmnen ordenlicher
1127 2651 1401 2728 erstattet worden.
