4000 3000
41 69 146 126 140
150 84 951 235 Binen glaßtragern zu Costentz nit werdet sn
183 177 321 237 gulden.
159 177 840 288 Steben durigen einem genomen funff gulden.
160 252 966 394 By baden im einem holts einem man enthrenden
182 319 575 395 sechs batzen g
180 346 946 462 Vnther von Wilmendingere einem Vermntrüwet
184 407 548 478 vier oder fünff batzen.
182 444 926 540 unnd danekhin so habe sy sick mit vorgemelt
181 501 921 586 mansersohnen vnnd mich anderen mehr, dere
187 554 931 656 zaal sy nit wüße, in Füry unnd ehebruche
188 592 961 707 fertiger wyß vermscht und vergangen. we
179 651 949 734 alles aber ira von gertzen leydt sye bätte den
195 692 904 786 wegen tungenlich umb gnad unnd verzyohung.
170 740 824 836 A17700 451
175 793 960 907 It zum ersten lär unnd ein mal mit dem kleinsten
198 853 629 944 stein uffzogen worden
170 910 961 1003 Ist uff donstag den 17. augusti 1615 jari
204 962 969 1056 von sölcher irer lychtfertigkeit auch begangee
211 1019 975 1093 schälthern unnd diebstälen wegen mit rnter ußge-
207 1060 972 1141 schneizt unnd dasn khin u jhr g landen und
203 1113 902 1213 gebieten mit dem Eydt verwißen worden,
556 1205 775 1301 te
268 1205 893 1410 Sagorius Baunus
382 1380 711 1475 von Bragertz.
624 1443 675 1512 5
189 1461 968 1579 uff mitwochen den 16. augusti 1615 jars im
203 1522 974 1596 gegenwart unnd anhören der flomen etc. Herren
198 1576 964 1657 Beat Cerporten deß Rhats Lienhart Chyßen
204 1617 965 1701 deß jungen der bußgerer und Burckhart
206 1657 989 1751 Fikhers Großweybels hat Greyorens Hartnut
213 1709 975 1797 vhn Brägersts bürtig zu Martzilen alhie volgend
195 1759 971 1856 begangene laster bnd ein bethaten bekhendt und
221 1816 850 1900 selbige auch sinder mochter bestätiget
688 1872 968 1992 sy sye es by vng
189 1884 684 1982 vnnd nämlichen für,das erste
196 1939 986 2043 fharlichen vier faren, das er syn wyb unnd ehrd
188 1992 989 2100 verlaßen unnd sich inn den nußiggang ergeben
185 2055 995 2156 Im welschem er soann sich deßs discant ergees
188 2087 984 2212 beholffen habe, weliches aber darumb beschehen zr
179 2163 974 2251 das man domalen gesagt, er habe sich mit eine
196 2187 988 2307 Wylspersche fleischlichen vorgesete unnd desli
197 2241 989 2350 geschwengetet, Das aber nit get sye i der gestalt
197 2282 989 2408 das er als gezwungen vnnd wider seinen willen de
193 2349 980 2461 selbe zur ehr haben müßen, die fnder damnhen
193 2387 987 2504 wann er gearbeitet, ds gewunnen gelt verthan¬
178 2432 999 2551 iren geheilen angehreckt, also das er hiendurch grse
188 2488 960 2602 eunger geligen und angereitzt wordenn,
218 2577 263 2607 0
170 2571 404 2658 zuverlaßen
1823 27 1933 106 141
1057 50 1868 208 Dennach als er uff ein züt ufs dem kina gan
1739 131 1771 158 .
1065 121 1939 244 ander thourd und daselbsten ehin gemene dom antroffen
1076 176 1910 285 die zu jmme gesagt, warm er ira guts thun wölle
1168 218 1940 307 mir auch handt fürhalten, habe er geantwortet
1078 246 1173 336 syb
1067 274 1922 392 ha unnd sy wythers hiruff gefragt, ob er mit wyb
1074 321 1930 416 vnnd khinden versechen er tra abermalen angezeigt
1070 357 1933 488 ga, vnnd sy darzu gebprochenn, So werde es derhalben
1068 408 1918 529 it zin khöinen uff das er wythers vermeldet
1080 469 1889 564 warumb Wyll doch andere auch also theyendt
1082 510 1949 611 der gestalten, das s glych nach söllickem dem bekleidet
1083 563 1916 662 Vnnd sy beide mit einanderen im handt by den vier¬
1074 615 1895 722 zechen tagen umbher gestrichen, weliche sin darn
1082 659 1904 773 auch ein khindt ghan, vnnd daßelbia grondrgen mit
1079 710 1889 818 iume zugeeignet habe, w��e aber nit, ob es syn
1050 788 1195 868 osin he
1059 788 1946 917 herners als er unnd vorgemelte sin dan einsmals
1077 863 1888 953 mit einem anderen vnd deßelben doction Inn einei
1077 912 1919 1013 fläcken uff ein kilbi gezogen, habe er demselben
1095 962 1876 1067 nach dem er sine gegen Imme gethanen stiek estliche
1098 1007 1923 1104 nal mit der handt ußgeschlagen, domalen im ersten
1092 1066 1588 1152 streych ein einger abgehouwen.
1072 1112 1907 1214 Vnnd Als des verletzten dirn einem etwas gelts
1085 1171 1940 1271 genommen, habe dieselbig vnnd sin dirn sölliches mit ein¬
1095 1222 1927 1311 anderen getheilt unnd er sinen dornen theil empfangen
1093 1269 1913 1374 hernach aber selbigen wider geliferet, wüße aber nit
1092 1332 1775 1418 wie vil es gsen, dann er es mit gezelt habe
1055 1366 1918 1463 Deme habe er uff ein zyt zu einem wildtschükzen ge-
1091 1427 1884 1499 dinget, der Ime ruchentlich bey duen oder vier
1095 1476 1937 1561 gulden zegeben versprochen vnnd dan der zyt, so er by
1077 1512 1922 1599 demselben gan bey hochen stucken wildts geschoßen.
1098 1564 1961 1661 Auch hernach elbs verkhuufft habe see aber so beldt
1095 1609 1900 1695 er die In Wirtenberger landt von deßs gewildt
1100 1662 1961 1759 hießers wegen gesettte saaff vernemmen, von dem¬
1122 1733 1372 1804 ilfen gewiszen.
1103 1734 1950 1862 weliches aber alles ihmme von hertzen leydt sie
1096 1820 1967 1921 vnnd er doßwegen vmb gnädige Vorzychung frechen,
1104 1892 1275 1962 liche bätte.
1079 1911 1931 2025 Ist erstlichen lär, vnnd demnach mit dem kleinen
1115 1983 1679 2079 stein tein mal uffgezogen worden.
1721 2030 1967 2119 1615 Jars
1070 2048 1684 2145 S 2ff donstag den 17t. august
1111 2108 1915 2203 von solcher siner vnthaten wegen dey monat
1114 2143 1967 2259 ang von das Schallenwerck erkhendt, vnnd darzu
1109 2199 1927 2313 gewiochen wordenn, er nach demselben vß Ihr
1111 2263 1943 2356 dn statt landen unnd gebreten mit dem byds
1113 2337 1614 2422 verwißen werden solle.
1468 2427 1550 2475 l
1106 2407 1896 2511 uff Novembris 1615 jars ist imme
1110 2483 1936 2584 der Eydt von mnner g hern Statt landen
1104 2540 1659 2629 vnnd gebrten gegeben waren
