4000 3000
58 85 185 149 160.
204 145 851 253 anns Marrin
237 223 899 351 Wasenmeister zu Vyenstorff
162 367 971 499 Als dem verschiner zyten ihr g Anah
207 439 983 561 mor dem h vogt zu Fronwerbrumen klage
206 492 965 591 Wyß fürgebracht worden, was müßen sanns
190 545 962 639 Mattin Wasermeister zu Utzenstorff wider
204 588 972 689 Hanns Mindern von Limpach so foche unnd schän
205 643 945 732 ihmach unnd treüwiort ußgoßete, das derselben
216 689 990 812 weder daheimen inn sinem hußenoch uff dr fre
225 739 975 844 ich eheren lybs unnd lebenshalber siches befeißen
210 797 980 882 khönnen, vnnd deßwegenn zu notwendiger er¬
220 838 971 925 rettung vnnd beschienung vmb gebürende für
225 885 993 982 erhurg, ruw unnd sicherheit an bewüßten sender
216 938 975 1028 vnElich angehaltenn, sonderlichen aber habs
204 988 990 1083 gemelter Martin eines mals vor dem wirts¬
206 1033 984 1127 huß zu Limpach an imme der gestalten gwalt
216 1081 941 1184 htätige landt gelagt, das er ime mit
220 1130 979 1221 einem bielhalm nider und zu Boden geschlagen.
209 1181 953 1269 haben sollen ernandter Minder Inna vonn
215 1227 967 1308 dezwegenn behendigenn, vnd vff in begereen
234 1272 979 1350 vnnd costen gfenklich nach hrau wenbrunnen
227 1319 965 1408 thuren laßen, darby auch begert das zu
218 1355 968 1463 grundtlicher unnd eigentlicher erfolchung be-
222 1413 965 1502 schaffenheit der sachen gebürlichen maßen
221 1471 974 1553 khundtschafft unnd bericht ingenommen wurde.
210 1518 980 1608 Ist haruff sölliches durch vorgemelten herren
230 1572 970 1663 vogt unnd Aamptman von Frou wenbunner
204 1638 950 1718 Iun gebur verrichtet vnnd vber gethurte
213 1669 855 1760 klagtem gezüget worden, wie volgeten
149 1730 998 1832 Deß erstenn So habe er gemelten Kinderen mehr,
231 1802 997 1889 maler beschuldiget knnd geredt, er habe imme
227 1851 986 1935 ein lut mit gunst zemelden) gestolen wie ein
234 1892 980 1987 sechelm unnd ye beßer dann er, ob er glych wol
231 1940 1003 2021 eines predicanten tochterman sie unnd er sille
203 1995 818 2080 Inne noch mit steinen ztödt werffen,
158 2050 979 2168 Demnach sie gedachter Wasenmeister Martn
215 2132 980 2219 uff ein zyt zu gemelts minders huß khonen.
191 2166 994 2270 Imme nachgefragt unnd gsorgehen, wo der schi
183 2204 995 2324 der immo de hut gestolen, ye unnd als sid
228 2257 993 2362 iim minders frauw ihme abgemandt, ye er ser
215 2294 995 2425 estominder mit vorgemelten sehelt worten s
210 2361 989 2472 gefharen unnd habe fra ein körpen gescholtte
197 2427 1010 2573 Item habe er sich auch nit worten, so vögt und
198 2489 1002 2621 gannet, das der zeime Windern getröüwt,
215 2573 956 2660 er welle imme noch sin huß verbrönnen.
1889 35 1966 84 161
1118 72 1967 207 Vnnd wiewol nun zwar angeregter Martin
1120 125 1943 256 vom solcher angeklagten artiklen wegenn
1120 177 1998 303 uff donstag den 4. tag jenners dislauffenden
1121 222 1971 349 E 6 jars inn byweßen der frommen, für
1121 270 1981 407 sichtigen, futerenmen, ehrsammen unnd wyßen hr
1122 319 1970 441 ren Johans Beinders deß Rhats Burckhart
1112 381 1931 507 Fischers Großweibels auch etlicher weiblenn
1134 435 1926 533 miner g herren unnd oberen dineren zn
1102 488 1988 602 Martzili alhie an die marter geschlagen d
1130 540 2003 633 alda notwendiger maßen mit worten examimert
1124 589 1950 686 unnd befragt unnd deeselben onne alle fürwort
1133 638 1941 734 onred unnd bekhandtlich wordenn, So hat er
1130 690 1978 801 doch nachmalen, als er vff Mitwochen den 10
1133 741 1979 828 monats unnd jars obstaht imn gegenwertigkeit
1140 787 2004 876 vnnd anhören ehegedachts Hin Johans zernders
1128 840 1948 939 deß Rhats Johans Hallers der Burgerenn
1130 896 2008 989 unnd Burkhart Fischers Großweibels, widrumb
1122 956 1944 1044 zu Marzili examinert unnd ferneren gezigen
1139 996 2007 1081 halben zu worten gestoßen worden, solliche sin vor
1134 1046 1944 1152 gethane bekhanndtnuß alber dingen Vermeinet
1139 1106 1979 1193 auch nit marter erhalten unnd bestätiget, das
1143 1151 1991 1229 man Immo Inn dem einen vnnd anderen Vnrecht¬
1146 1201 1991 1283 hege vnnd er der wider inne geklagten puncten
1143 1250 1988 1333 gantz schuldig sür silliches auch, das imer also sye
1139 1307 1990 1387 hochlich bethuret. Wyll aber uß ingenomenen
1137 1350 1949 1444 hochgenandt ihr g überschickten berichten
1146 1405 1924 1487 unnd duri verzeichneten khundtschafftenn
1143 1450 1943 1544 heiter bybracht unnd er verhaffte Martin
1152 1508 1889 1593 nich dieselbigen gnug am, erwißen wirdt
1100 1556 1934 1661 Deßerffenn, das er sich in sinem schmechlichen
1145 1630 2000 1695 senst, Ihnn welchen er sich selbs eigenen mitwillens
1163 1666 1946 1754 midt noch einem anderen begeben, iich anderen
1142 1716 1952 1804 gstalten nit verhalten, dann das so einem oder
1157 1766 1978 1855 tei anderen (mit reverentz zemelden) etwan
1154 1811 1996 1886 ein nooß abgangen vnnd verdorben, vnnd man glyg
1157 1859 1988 1954 vol nach Imme, das er daßelbig lochete, geschickt
1152 1913 1969 2006 er doch nit habe khommen wöllen, also das
1155 1961 2019 2044 die einen vnnd anderen söllich verdorben vych selbs
1145 2015 2009 2097 lochen mußen, vnnd dem nach er daßelbige widerumb
1145 2058 2010 2156 herfür gegrabenn, die hut genommen unnd verkhaufft
1150 2109 2002 2182 unnd volgendts das daruß erlößt unnd sonster
1165 2147 2007 2245 inder gewunnen gelt mit einer gemeinen dirnen,
1160 2203 1967 2276 welche hievor mit einer vbelthätigen alhie zu
1154 2251 1988 2339 bern hingerichten persohn offendtlichen umbhen
1152 2293 2022 2374 gezogenn, verzüchet, mit derselbigen auch by wyll
1161 2350 2000 2423 siner werenden ehe inn hury unnd ghebruch sich
1158 2404 1973 2500 lychtfertiger wyß vertrëfft unnd vergangen.
1112 2458 1976 2548 Demnach sye er Martin wider ime minderen
1169 2510 2027 2605 mehrmahen inn sölche wort ußbrochen, das er zne
1169 2570 2024 2654 offendtlichen getryüwet unnd geredt habe, er wölle
1156 2626 1715 2702 Inne noch vmb das leben bringen.
