4000 3000
45 77 147 166 86.
267 107 906 229 Peter Jenni von
363 192 626 282 Wichtrach
128 301 933 424 Altdam diser Peter Heini Dem argwohn gerahten
162 371 932 471 Cals das er verschinen Sommers sich mit einer mer en
174 410 924 500 wachsenen mannbaren tochter fleischlichen vergen¬
181 466 933 549 und vermishet haben sölte, wies er sdane by derselben
183 511 924 585 uff der Alop Iun einem bett ligend erfunden oder
182 546 932 628 sonsten uffgenommen unnd dauuff hin von dem herg
172 587 939 678 vogt zu Signouw gfenklich gnzogenn unnd volgeüten
180 631 936 711 auch gwahrsamlich alhar in die mannenkefti
177 666 939 758 leitiget. Ist er haruff uff frytag den 14. octibi
184 716 929 794 deß 16t 4 tas durch die eherennesten und wyßen
181 759 929 836 Herren Jacob Thorman deß schaffs unnd micher
198 810 951 879 wönwderaychen aman deß Rhathußes als statthal
192 841 936 914 H Großweybells daselbsten anns der mannenke
195 886 945 963 solcher versohrn weren laserlichen unnd malcfitzischen
195 931 942 997 blutschändige. that nit watere ernstlichen lasmin
185 969 951 1055 wordenn. Darbe an dam bekhendt, wie das nit wei
191 1012 951 1086 dann das er vnnd sin tochter diß vergangnen Summer
189 1056 935 1135 uff der Clpp by dee oder vier wochen lang by ein
208 1098 945 1163 anderenn Im einem Karrenbett gelegenn, wegenn
197 1144 951 1211 sonsten kein andere gelegenheit sonderbaren geligens als
206 1205 939 1268 verhanden gsin sie, das aber er sich so wyb vergeßen
207 1233 939 1305 vnnd mit isem lleisch vnnd but serhelter maßen vo
206 1286 917 1345 f�llt haben sölle, sye gantz nit wahr, danns er zu
198 1317 944 1376 keinem ehewyb unnd verrichtung fleischlicher weicke
203 1359 939 1428 mehrtüchtig sye wegenn ine manliche krafft ieme
209 1395 926 1463 vor vngetharlichen 16 Janen von einer dornen geno
210 1442 944 1496 wordenn vnnd noch mit anderen defectibus behafft sie,
201 1469 946 1552 neben dem er unnd sin tochter, ob glych wol sy bysanm
195 1516 943 1585 inn einem bett gefegenn, jedoch einanderen gar selben
197 1565 952 1624 angerürt habint, ust welichem erscheinen möge, das solche
207 1605 938 1674 fürgeben nit wehr syn sölle sonders überunne erdicht
195 1649 582 1712 vnnd an der sach mistzit sye
182 1693 942 1772 it uff Fytag 21 octobris uff abtrag costens mit einer
200 1737 732 1798 Censur widerumb ledig gelaßenn worden.
245 1823 493 1918 rcren
856 1861 933 1958 Jor
252 1876 835 1982 uigin gemelter
338 1953 768 2029 Jacob Hennis tochter.
127 2054 926 2153 Nach dem dißere Margreht Heini wegenn oban
188 2116 947 2200 geregten mahrlitzischen gezigs als vmb welcheß
176 2161 944 2235 willen sy ein malen einen uß unnd abbritt gen
189 2196 950 2281 habenn sollen (dardurch dann die sach ye mehr
174 2240 945 2328 suspect limo suspicion gerahten)) seigriffenn vn
185 2279 945 2369 gfenklichen alhar in die wyberketti geliffert
212 2329 938 2420 daselbstenn uff mitwochenn den 19ten octobr
190 2348 235 2392 e
170 2371 952 2454 11614 jaro auch die eherernehten eetc. Herren
180 2413 948 2500 Thorman deß Rhats Lienhaft Thyßen den zun
179 2457 943 2533 der burgeren unnd dand von Bürer Großwey
170 2491 948 2566 hauber mit weiten examniert vnnd die luter
186 2541 954 2618 warheit zu bethernen neben ernsthaffter betröüwen
189 2571 951 2656 ußstehender marter im thal unwarhafften ver
189 2617 849 2718 frens) nit einst vernandt wordenn.
1805 50 1903 142 87.
1056 92 1917 223 sals sy nun für das erffe befragt wordenn, ob
1075 166 1949 272 sich seit so wyb vergeßenn, das sy verschinen sommers
1076 211 1892 301 uff einer alpp iun einem staffel eine gute zyt
1072 259 1949 345 lang im einem karrenbett gelegenn by dem vattere
1079 297 1915 381 unnd sich mit demselben fleischlichen vergangene, auch
1082 346 1955 422 wie es sich überiger umbfteuden halb dom alen wytheige
1073 385 1891 464 verlauffen unnd zugetragen habe, hat sy daruff
1070 423 1931 505 bekhendt, wie das nit ohn, dann das sy letft hinge
1079 476 1925 547 wichenen sommers uff der alpp in einem Staffel
1079 523 1889 592 und konrenbett by gesagtem diem vattere
1077 564 1907 640 den Zechere wochen gelegen, wegenn sonsten Inn den
1071 613 1961 679 staffel kein andere gelegenheit gsin sye, sals onne welche
1073 652 1931 733 sy under dem heiteren himmel hätte liggen müßenn.
1058 701 1892 786 Das aber sy sich mit dem vattern erzelter maßen
1080 748 1942 824 vergäßenn, sye gantz nit wahr, neme deßhalben gott
1076 792 1916 873 zum zügenn unnd wölle daruff sterbenn, dann sy
1077 836 1952 914 by wylen solchen bysaamen ligens stets ihre sonderbar
1074 883 1829 966 decken ghan, vnnd sicht niemalen vßgezogen habe
1047 944 1920 1044 befragt, ob sy nit gwüßt, das es unrecht sye, das
1082 1002 1911 1084 by dem vattere ligen sölte. antwort habe es
1086 1050 1884 1121 nit gewüßt noch gemeint unrecht unnd verfält
1058 1150 1907 1238 befragt, ob sy schwangeren lybs ye, wie man dann
1083 1201 1914 1290 von ta uffgeben. Hat sy es gentzlichen verneinet
1050 1279 1970 1373 Deme als man sy erforschet, ob sy sich mit keinem mentsch
1091 1347 1958 1422 fleisehlichen vermnschett unnd s nach für ein reine magdt
1083 1397 1959 1457 darsellen dörffte. Entwort, habe sich vor etwas
1095 1440 1929 1505 syt mit peter stuubel im tschangnouw, welcher
1071 1489 1925 1559 ia die ehe verheysen, nachmallen aber gelaugnet
1086 1539 1872 1616 unnd sonsten mit grmandt wythers vergangen.
1052 1598 1947 1685 das s Iemalen wegen solchen geschreys, vnnd als sy
1089 1658 1947 1725 verkommen, man dren vattern gfencklich ingezogen
1086 1704 1947 1793 flüchtigen fhus gesetzt haben söllen) hat sy sölches
1092 1756 1914 1833 gentzlichen vernemet, vnnd deßen Im miunsten nit
1088 1801 1339 1854 anred syn wölle
1085 1836 1972 1917 It uff Rytag 21 octobris uff abtrag coftens mit einer censur wi-
1083 1876 1436 1939 derumb hedig gelaßen worden.
1143 1951 1685 2070 Sebastian Bietz
1274 2037 1480 2107 von Hur
1053 2131 1936 2245 Diewyll gedachter Sebattinn Wirtz sichn leiden, so wyt
1091 2198 1954 2273 verg��enn, das er ungeacht er mith einem ehewyb ver
1089 2237 1951 2320 sechenn sich nüt desto weniger vor etwas hingefloßenen zyt
1091 2289 1974 2357 mit einer gwüßen wittrouwen alhie ehrlich versprochenn
1093 2322 1982 2408 unnd vor einem ehrsamen chorgricht dißer statt an eides
1086 2355 1951 2439 statt gelobt, der ehe halben sonsten gegen nemandtem
1077 2404 1971 2495 verpflicht zusyn, vnnd solche sin vermechlete gespans orden,
1082 2439 1905 2526 lichen zu kilchenn unnd straaßen ze shüren, ofer uff
1086 2475 1930 2572 sambstag den 22 octobris 161 4 jars von solchen
1086 2515 1966 2620 siner fräffenheit unnd begangener chelers wegend zu wol
1082 2566 1940 2658 verdienter straaff unnd nengeblichen zu einem exempell
1083 2589 1946 2687 zwo stundt lang an das halßyßen erkhendt gestolt unnd
1089 2629 1937 2743 hiemit solche urtheyll an iume offendtlichen erstattet
1089 2676 1864 2777 wordeen. und albereit fleischlichen vergangene
