4000 3000
44 65 146 136 170
203 44 970 199 otthöchti bnd köng wardels kndt wind nit
205 120 978 243 hierhat hahe alb der sor hethen absteheben
197 166 959 276 beberen wollen, sich deßwegen vor vngefharlichen en
191 213 952 322 halr zu inen dem tonfferen geschlagen, ire versen
204 251 969 374 lungen angfangen zu besuchen, unnd aber erst im let
212 287 962 405 verschinen vorpft von dem langtn Christen im den
197 337 981 448 Siederen der kilchheri Sterharbwag warhafft einen ben
210 393 998 501 gestandeen man mit einem fallen bart den witwee
211 440 372 517 empfangen
186 467 975 579 Dankthin wyll inn der ersten ad Cormth. cap. d. 1
212 526 975 634 heiterstaht, das ein wenig surtlig den gantzenteg
222 571 994 679 versuhet, darumb so fägend uso den alten suclig
222 623 981 719 das ihr ein nüwen tlyg sybndt, glych wie ihr ungesechen
219 670 953 740 sindt abend nun by uns guste kind böße onne einighen
209 702 975 789 underscheidt ihm nachtmal deß herren unnd anderem
235 751 986 847 emptlich glych theyll vnnd gemeinschafft habet, dardurch
222 797 974 876 aber die guten vnd einfalten verbrgeret, vnnd vnßere
219 839 984 934 lehr befleckt werde, so sye dis die brsach, darter sich
209 890 994 967 zu den widertöüfferen geschlagen und sy widertöüffer
224 930 995 1005 abs gerechte sich vonn vns als Vngerechten Im nachtma
230 966 980 1043 unad anderen abs�nderert, auch ihre versamblung ue
228 1008 973 1076 predigen an sonderbaren abotten sonderbarhaltendt
234 1049 996 1123 und verrichtendt. Welliche sein opirtion aber imme mit dem
235 1092 1011 1161 exempel unßers hr Christi, welcher die sundervmb vnd
235 1148 1005 1199 nebent sich geshuldet, als Pletrum den Verlöugner, vnd Judar
240 1182 1008 1251 den bererähter item pauli unnd anderer gegen anderen
234 1224 971 1286 vnnd anderen inn administration deßinachtmals
233 1269 989 1346 Vnd anderem gegen Vnderschidenlichen personen wider
243 1316 470 1376 woffen worden.
239 1341 1001 1430 das er aber nach solcher mir angenommen dect ungracht
243 1397 986 1475 seies erten enpfangenen lauffs sich wythers und noch
242 1434 1000 1496 sein mal touffen laßen, sye darumb und von deßwegen
233 1474 1001 1541 beschechenn, die wyll im bnängelid hetter stande, das
249 1522 991 1591 welcher glaube unnd getaufft werde derselbig weide seli
245 1561 1003 1625 werden unnd also einer zunorderst glauben muße und dem
249 1611 980 1679 nacherst getaufft werden, das ist zuuor sie sinder
251 1652 983 1733 erkhennen und eüw unnd leydt darüber kragte, min
246 1693 992 1758 aber by umb die khinter glych nach irer geburt, da s
230 1743 992 1818 Im glouben noch vrkhönnndt, vnd weder guts noch böse
251 1777 977 1846 w�ßendt den tauff empfarhindt, so sye sölliches der
245 1824 1001 1903 geschrifft umb so vil schwider unnd söllindt deßwegen
254 1861 1011 1931 allein die alten als welche ire sündern erkhennen und
244 1921 999 1992 gott umb verzychung derselben bitter khömindt auch
236 1948 992 2029 den glauben habent getaufft werden, hiemit die thinder
245 1997 1010 2083 vom touff ußgeschloßenn syn unnd der glaub demselbgen
246 2044 992 2111 vorgahr. Welche sie meinung aber ime mit zu jnns
239 2076 1012 2165 seyliger schufft alten unnd nüwen tostaments wider,
236 2121 1017 2214 legt unnd darmit erhalten worden, das er am latzen
235 2171 1010 2257 iumaßen er daran khommen und den Töüfferischen hr
245 2223 920 2295 tchumb und eheler an dißem ort bekheue müßen.
239 2261 1006 2350 Was dann die christenliche oberkeit ob eine sn unnd man
251 2287 1004 2392 derselbigen sampt dero gebotten und mandaten gehoramme
234 2342 1004 2428 sölle belanget, Item warumb die döüffen allen ober
236 2383 1002 2481 keitlichen satzungen unnd ordnungen sich widersetzindt
251 2438 995 2532 namlichen heimbliche zusaamen khunfften und predigem
235 2459 1019 2560 haltindt unnd anders mehr, hat er zu bescheidt geben, das
242 2506 1017 2618 er bekhenne, das er unnd überige töüffte daran soben
929 2546 1008 2618 Vs
1901 33 1976 83 171
1128 59 1940 174 und grrindt, hiemit das ja ein oberkeit hin sölle unnd
1128 117 1920 216 müße gut geheyßen, dann er glychshalb mit beyliger
1123 157 1552 260 schrifft überwißen worden.
1122 193 1970 301 das der bydtsclwur rechtmäßig und dem heyliger schrifft
1118 241 1926 348 zugelaßen sye, Item wir nit durch unßere gute werck
1133 286 1936 378 sonders uß gnaden durch den verdienst schüff die seligkeit
1133 319 1964 416 erlangendt, hat er mit gründen beyliger schrifft uber
1135 368 1553 454 wunden auch glouben müßen
1122 393 1955 507 endtlichem hat er sich ergeben unnd bekhndt, das imme ihm
1139 461 1982 535 allen oberzelten unnd anderen puncten, darin er sich brrig be-
1127 497 1985 579 funden uß grundt cöoglichen wortsgnug beschechen und gengsammen
1125 534 1925 621 bericht und underricht gegeben worden sye, alß das er woll
1137 571 1945 653 daran khomen möge, wölle dererwegen sinen brrigen ehelen
1136 615 1946 696 vor gott dem hinen mer gnedigen oberkeit auch einer
1137 650 1988 756 Christenlichen gemeindt vnd allermengkklichen, die er verergeret
1130 693 1937 787 zu erkhennen und zebekhennen, vnd darby auch dißer sect
1140 737 1966 821 aller dingen abzusagen, sich nun mehr dem unfhelbaren wort
1133 778 1955 859 gottes gemüß zu verhalten und der oberkeit löbli ihm
1137 821 1938 900 tatutis vnnd Satzungen Im alle weg gehorsamblichen sich
1128 864 1984 956 zeunder werffen zeuersprechen sich nit weigenn, allein was
1140 908 1972 983 belanget, das die taüffer neht wyßen möchtendt, als e
1146 943 1967 1026 unnd er derowegen dißmalen nit bösen könne heyßen umb
1148 994 1970 1065 daßelbig wölle er im gegenwürtigkeit nüt versprechen,
1151 1035 1942 1109 vas aber sin persohn unnd das, so imme oberliterter
1143 1077 1925 1151 maßen vorgehalten worden und er mit demselbigem
1144 1120 1951 1207 sieh überwunden hin erkhenne und halte wolle er deß
1143 1159 1974 1244 wegen gutwillig und bey ein runde offene erkhandtnuß.
1143 1207 1511 1289 unnd bekhandtnunß thun.
1200 1256 1847 1352 Urtheyll und excecution derselben.
1650 1326 1713 1387 4
1118 1344 1921 1442 Ist uff sontag den 2tn aprilis 1616 jars einer
1146 1401 1931 1481 chistenlichen gemeindt zu Madiswyll bucht miner g
1169 1440 1958 1516 ihrren unnd oberen sines eheleus wegen genaßten unnd
1169 1478 1937 1555 ntschloßenen urtheüll vorgestellt, alda er selbigen sinen
1173 1518 1935 1596 heler vor mengetlichem offendtlich erkhennen und be
1157 1543 1997 1641 kheimen müßen mit versprechung der töüfferischen derthu
1173 1597 1996 1668 ischer deet sich abzethun unnd nun mehr ze beflyßen, was
1163 1638 2015 1724 einem waren Chusten und ihr G underthan ze thun oder
1169 1696 1416 1772 ze laßen gebürt.
1243 1894 1881 1996 Anse Coustor
1284 1952 1858 2055 von Samet Gingnure Wal¬
1387 2021 1838 2115 lißer gebiets
1132 2081 2045 2190 Alsdann Chande Courton von Samit Hinganx Wal-
1190 2147 1994 2246 Ißer gebiets bürtig verzeigt unnd verleidet worden
1126 2175 1177 2235 s
1191 2194 2013 2289 als solte er eines zinstags vff dem platz alhie vomher
1100 2215 1160 2274 1
1189 2239 2020 2334 gangen vnnd den landtlichten In de hosenseck hemblich
1092 2275 1144 2347 1
1181 2285 2021 2374 griffen haben, inn meinung derselben die sekel heruße
1181 2333 2024 2406 zezurken unnd zeenbkrömbden, wie auch hhr Hanns
1188 2382 2012 2461 Rudolh Dubig husfrauwer mit silber beschlagen
1188 2422 2058 2515 meßen und gürtel uff fryer gaßen ab der lob ryßen
1187 2473 2000 2546 wöllen, daruß nan daun vil bößes von Imme
1193 2514 2001 2600 vermutet i er haauff gfencklich yngezogene unnd
1193 2552 2012 2654 uffzinstag den 23. aprilis 1616 Jare den bysein
1942 2612 2004 2668 der
