4000 3000
63 85 125 173 56
41 2132 188 2196 Leuitici ca
39 2189 192 2244 19. vers 29.
106 2393 184 2480 16
159 97 947 224 befragt, wo unnd wie stucki unnd sy erstliche
176 169 954 259 zusaamen khommen unnd wie lang es shye, das
194 206 956 303 sith zum ersten mal mit einanderen vergfragen .
185 258 945 334 wort, sy syendt zu Münsingen by dem vorderen
186 283 963 373 wirtshuß erstlichen zusaamen khommen und us anla
176 339 960 421 der metzliger Fuli mit seinanderen dm derselben huß
189 370 963 457 gangen, vnnd alde getruncken Sonften sye es
182 417 950 496 den sechs der siben jaren, das sy mit stuckh
188 461 966 542 der ersten Eheler begangenn, vnnd sto sy zum letzte
182 501 953 588 mal sschwarger gsin, habe er stucki syk angewisen
190 555 924 631 wann man sy für chorgricht beschetten vnnd
207 595 939 671 schwengerung befragen werde, stölle sy anzeigen,
201 635 951 716 sy habe sich mit einem, so zu Langnosuw daheim
197 701 498 763 ehelich versprochenn.
174 705 960 801 Befragt. Ob sy sich nit mit einer von Chun Ve
207 766 966 850 geangenn unnd wer derselbig sye antwort, habe
205 812 966 896 sich mit keinem von thun vergangen, sonders
197 855 969 938 Derselb habe sich mit irer stieffmuter vermischet
193 909 454 985 sye sein küyer.
137 945 963 1050 Demne bekhendt, habe sich mit Jacob Ghantzen von
203 1017 950 1091 Wichdorff auch vergangenn, aber sonsten mit me
210 1067 968 1133 mandt wytheis unnd sölliches mit ußerftem wein
215 1123 360 1193 bethüret.
212 1135 869 1235 hat keines diebtals anred syn wollen,
172 1225 972 1314 Bittet vmb Gottes willen vmb gnad, vnnd erbe¬
228 1288 539 1367 sich aller beßerung
497 1344 933 1441 Ist ein mal lär uffzogen
735 1414 901 1469 wordenn.
191 1453 972 1555 It uff zintag oltima Novembris jars obtaht
219 1512 980 1595 ledig gelaßen, unnd wegen ires ditten eheles
231 1571 960 1625 auch übentzer Jury mit dem eydt von statt
212 1617 704 1670 vnnd Landt verwißen worden
678 1667 863 1855 oles
274 1663 566 1857 pui
411 1821 779 1925 von Muningen
160 1906 965 2013 Diewyll vor unnd jetz gemelts Paul Wylers
204 1964 948 2056 chandtlich laterhafft unnd rit aller ehnbarkeit
190 2024 983 2094 gun alle wegn strytend, auch bißhar unerhöit leben.
210 2065 962 2145 weßen handel wandel, auch begangen habt
211 2119 975 2186 also beschaffene, das im Heyliger göttlichen
206 2163 967 2247 chufft sit ustruffenlichen worten vermeldet
212 2208 980 2293 keiner in tochter zur hery halten sölle, darit nit
224 2261 948 2343 das lanttz hury tybe unnd voll lasters weide
206 2304 963 2389 unnd nun er Wyler sich so wyt vergäßen unnd
216 2348 981 2431 iner vatterlichen thuldigkeit unnd pflicht mar
224 2389 981 2474 der gestaltem uberschrittenn, das er sie eigt
209 2440 974 2528 fleish unnd Rut Ursulam Wylerin sin tochter
200 2479 981 2585 fasterlich unnd schandtlicher wyße verthun
201 2519 990 2636 unßd den abschechliche hrr unnd ehebuch vorstin
189 2570 988 2681 vnnd deswegen auch sin lyb vnnd leben verwurt
1093 67 1989 203 abe habent hoch vnnd wolgenampt nun gnedig
1110 112 1961 239 Heeren schultheyßs khät unnd burger dißer
1104 159 1983 296 leblichen statt Bern uff ihren bydt zu recht
1105 229 1615 327 erkhenndt vnnd gesprochenn.
1074 244 1938 365 Des man inne den nachrichtern beuelshenn
1093 288 1977 411 der imme obenus uff gewohnliche richstatt
1100 333 1941 454 fhüren denne allda sin haupt abschlachenn
1105 380 1932 502 vnnd also mit dem shwardt vom leben
1100 424 1986 548 zum todts nach keyßerlicher rechten richten
1101 516 1209 580 solle.
1084 490 1935 636 dißer vrth�ll ist uff zin tag den ete
1108 573 1983 698 dembris 1614 tahs gefellt unnd an ime wylen
1109 627 1634 726 oderlichen erstattet worden.
1145 733 1786 937 Margecss Khuder
1226 917 1675 996 von Meystetten us
1283 956 1656 1061 Ehergöüw burtig
1100 1055 1967 1184 eßdann gegenwürtige Margreht Khuder
1118 1132 1983 1212 vom Meystetten us Thurgauw bürtig nun etliche
1107 1185 1964 1255 Jar dahar inn minder gnedigen Herren vnnd Obern
1110 1230 1952 1305 statt unnd landtschafft gewohnet unnd in derselben
1134 1271 1977 1354 ich anderst nit verhalten, dann das sy im vil
1119 1316 1936 1392 faltigen verdacht unnd argwohn gerahtenn, sie
1116 1369 1977 1447 mit diebtäler, abeehüchlicher hury ehebruch unnd
1112 1416 2010 1487 blutschandt, auch anderen erschrockenlichen unthater
1115 1461 1953 1526 vnnd im Shandlungen (leider) mehr dann zu vil
1124 1518 1920 1579 vertiefft unnd befleckt zu haben, ist sy harub
1127 1557 1947 1634 vor etlich vb vnnd hingewichenen tagen zu Re
1116 1615 2004 1670 Wangenn ergiffen, gfencklich inzogenn, vnnd volgende
1092 1644 1997 1723 mit der marter erkaihet unnd examinert worden.
1083 1696 1989 1771 Da dann sy erstlichen beshenndt vnnd versächenn, wie
1103 1742 1910 1821 das sy beiden sich sölcher uppigkeit angenommen
1116 1791 1941 1864 das sy nit mar im halte hury und unkhüschheit
1102 1842 1947 1910 getribenn unnd by einem der ia unbekhandt
1107 1881 1959 1953 ein unehrlich khidt erzilet, sonders auch im ihren
1108 1929 2005 1998 zugent sich mit Thilipp Blattern von Langerbrugg
1017 1944 1096 2009 n sy
1018 1996 1085 2038 vatter
1099 1973 1998 2058 zu diettenn da er dann zu Ira khommen, Inn
1116 2029 1958 2108 hury vnnd blutschandt Casterlichen wyß vergangen
1112 2070 1193 2126 habe.
1026 2137 1932 2245 Not demnach, als sy vor ungefharlich 12 jaren by
1018 2193 1942 2290 sande i wyllundt Jacob Wyßens der kantengreßene
1006 2259 1099 2334 lasen und
1026 2230 1966 2339 vmmt seligenn gedienet, welcher ein kaablin von sechs
1115 2282 2002 2397 oder sibte jaren alters ghne, sye sy Creverenter
1112 2341 1971 2439 vff daßelbig Vnuerschampter wyß gelegeen, vnd
1110 2384 2008 2491 habe mitt Imme Iren mitwillen triben vnnd ver¬
1099 2427 1238 2504 bracht
1087 2472 1993 2582 denne, So habe sy hin vnnd wider an vnderschidenlichen
1116 2534 2042 2627 enden vnnd ortenn zugriffen vnnd etliche geringe sachen
1112 2586 2011 2675 als göller linlachen schüßlen bekhin, vnnd was der
1117 2625 1996 2732 glychem entwendet unnd entfrombdet, es sie aber
1123 2662 1530 2769 deßen nit gar vill gsin.
