4000 3000
47 62 139 120 128
169 54 943 195 Item hat erhebtendt fr das nit zweiger von
180 125 945 237 er vor son geschehetlichem shich en zu schwer
185 177 981 288 burg etliche fronwwart ußgegoßen und geridt he
191 224 989 344 er wöll Jacob Rorbachete wegen derselbgn aber
179 260 934 362 uff ein syt in einem zorn übel geschworen, in
189 313 994 430 nacht der hundt thußen vnnd darnt erzurt vud
192 351 983 467 huse gnfterkene, hatt es aber niemalen dehenge
192 398 977 511 zethun und sie Immne leydt, das ers gerdt, bin
194 439 578 516 vmb gnad vnd Verzychung
196 496 968 605 anethin hat er uff 15 februarii 167 jure 1
201 537 979 640 bekhenndt, wie das er uffert vorgemelter siner
198 588 965 681 dirnen sich mit etlichen anderen wysspersohnen a
206 640 969 721 mit der alten schryberer mit dem brunnerlin und
206 686 976 765 mit stöklis Barbel mit unkhüschheit unnd hery unn
206 710 980 806 gangenn und innsonderheit mit gesagtem Barbel.
216 767 975 867 welche iume, so offt er gewöllen, zu willen war
215 827 265 883 sye.
833 882 905 924 4
182 870 980 981 Ist uff zinstag den 14. martii 1615 jari
215 937 987 1018 uff abtrag eoffens ledig ze laßern unnd sine fründt
202 995 995 1073 Inne zu sich zenommen vnnd gut sorg zu Imme zehaben
191 1025 927 1111 schrifftlich zeuermanen erkhendt, er auch haruff
308 1357 932 1462 Aelaus dan der
90 1437 302 1518 Ebeht Stetzli
383 1430 841 1502 khüffer alhie unnd sin
491 1498 697 1572 hußfrouw
196 1611 984 1707 sach dem gemelten Nichans Haan vnnd sie
239 1671 992 1757 ehefrauw wegern sy ein ihr khindt eines abendts
207 1725 988 1809 srat unnd by der nacht zur sagen oder landeren
237 1775 976 1844 daselbsten holtz zereichenn geschickt daßelbig aber
237 1817 982 1889 uß sonderem unshal vnnd Traaff Gottes In die
241 1864 980 1944 Raten gefallen, vnnd also (leider) Jämuerlich
225 1910 976 1980 Im derselben versincken ehrtrincken und sie leben
228 1952 983 2032 enden mußen, In argwohn gerahten vnd auch
236 1989 990 2071 verklagt wordenn, als das sy beide, sonderlicher
234 2037 985 2127 aber sie muter als die sonsten ihrer ehinderen
236 2083 992 2178 verschiner unnd jeder zyten sein schlechte recheesthal
222 2140 985 2217 getragen unnd dieselben hart gehalten, solchen
229 2173 980 2264 leidigen unfhalb ein ursach syn sölten, vnnd
219 2219 1007 2318 des wegenn uße ansechen unnd geheyßennen herren
231 2280 1006 2371 der Thorrichteren Inn gfangensschafft deßlehe
183 2316 996 2414 gwahrsamlichen inzogene. vol gendts aber nach
202 2354 1005 2473 Ingenostenem bericht, erkhundigter beschaffenc
234 2416 1001 2509 der sach, vnnd das vber selbige einem ehrsame
222 2459 1002 2561 ehegericht abzesprechen nit gebüren wöllen
210 2508 999 2611 dessentwegenn im die mannnkefli geth�nt, alle
1053 2091 1083 2139 1
1841 -3 1936 86 120
1097 58 1887 175 alihe tagen unnd nächt gefencklich enthaltenn
1185 115 1943 194 beide nachmalenn In bedenckenn nun gnedig
1092 168 1177 223 sindt
1100 153 1926 262 herren und oberen schultheyse vnnd bhat das
1097 205 1914 304 die elterenn sölchen enthalsper de verursachet
1106 247 1951 341 it befinden khönnen, er der man unnd vatter uff
1100 285 1949 387 in sartte censur siner vberigen khinden ein beßere
1103 330 1935 428 echnung ze halten unnd eines muchteren lebens und
1101 373 1964 466 eßeren wandels, sy die frouw aber wyll wol
1093 414 1942 518 gnandten ihr g uß uffgenommer information
1097 465 1941 562 nit gnugsam erschent werden mögen, das sy geredt
1091 502 1940 606 habe was es sie warn shon der khinden seins er
1098 552 1964 647 ein  und arnebent haber das s liechtsieniger unsog
1114 601 1940 690 einner wyß und spat die kheidt uff die sagen
1098 652 1910 747 geschikt, dieselbenn auch bißhero ruch vnnd vn
1091 703 1967 787 bermhertzig gehalten vnnd tactiert, also das eheren
1105 752 1979 829 gemelt nun 1 sz wol ursach ghan s exemplariter
1104 793 1952 879 abzestraaffen uff ein strenge fürbildung ihres
1109 844 1940 928 großen fhelers, auch ernsthaffte vermanung unnd
1110 886 1954 968 winnerung, ihrer zugent unnd khinder ein beßere
1101 932 1946 1020 achtung ze haben, sy nach uswysung ihrer schuldigen
1107 980 1944 1086 otlicht ze liebenn vnnd zur Gottsfacht zehalten
1112 1032 1940 1112 ich selbs auch zu beßerem vnnd nüchterern leben
1104 1082 1974 1159 Ob weder aber bishero nit beschechen, zegewennen
1116 1124 1946 1216 vnd Im überigen beflyßen also zehalten, das
1100 1170 1951 1251 kein klag mehr khommen, sonsten das das ein oder
1108 1218 1952 1292 ander weyther verthulen, Ihr G Inen dem ver¬
1114 1269 1930 1349 ienen nach alts kind nüws zusaamen geben
1108 1313 1922 1383 wurdent mit abtrag vffgeleffenen cottenus
1109 1358 1893 1428 widerumb liseriert unnd ledign gelaßen worden.
1110 1402 1659 1489 titum 15. Februaryi 1615
1097 1650 1790 1771 er pen
1157 1722 1796 1819 Latbara Schwider in stieff
1237 1796 1769 1888 tochter beide vom münsingen.
1075 1876 1961 1969 Angererte Hanns Wyller vnnd Barbara Schnider
1115 1958 1954 2041 stiffvatter unnd stiefftochter wegenn sy ver
1118 1991 1959 2064 klagt wordene, als soltendt sy siche eim unsüschheit
1122 2043 1924 2128 fury unnd blutschwedt mit einanderen vergangenn
1127 2083 1997 2165 haben, wie dann zum theyll man syngesechen an etliche
1122 2136 1952 2204 enden vnd aberten mit einanderen vberwaruug
1131 2192 1967 2254 eßen vnnd trincken, vnnd vnzimliche ergerliche ge¬
1134 2221 1995 2292 irdenn verübennd, sinde deßhalben fendtlich inzogen
1121 2276 1991 2347 etliche wochen Im docht vnnd oberen gfangenschafften
1122 2309 1992 2399 geewahrsamlich enthalten endtlichen aber zngeacht
1124 2354 1919 2432 man in in der fungenschafft unnd zu Martzil
1127 2379 1964 2489 über gezigte that mit ernsthafften wolten un
1125 2444 1973 2509 betröuwung der marter erforsthete vnd cxa¬
1139 2484 1980 2579 mimert, vnnd also sy zu bekhauftnuß zebringen
1703 2535 1970 2598 bermeint
1170 2594 1676 2668 er vel mit we do ab
1302 2640 1775 2719 er�h es  ke
1567 2686 1772 2759 v
