4000 3000
38 69 117 159 46.
173 160 958 339 halt in gsagt, da sy die lachen beß be
189 264 792 393 wolle vff denn halß wisenn
158 355 933 474 d eines der böser buben einer (deruf
188 434 955 559 Ire hoffstalt gnyt shmn vnd doß halb v
181 509 962 625 Dem man bscholfen worden) gslagt habe
183 578 949 698 zu gesegtem Prom man, er fölle sich ich
201 641 948 765 Vbig machen, sonst wollind se by seinen
178 718 955 847 Preuwligen, Vnd muß er darnaben seyn
173 784 717 921 Sye diß einerdichtelt ding
191 904 933 1035 Er man habe niekein hudelgfind dolemn
201 993 933 1075 wollen, sonder Ira föuwett, wan sey
200 1055 959 1165 Homandts vbernacht habe, woll er zm
190 1115 896 1243 den weckenn entawey schlichenn.
213 1241 957 1386 Vf 2. decmbi 1618 3s dis s
198 1339 945 1445 dret Galleg vffein Censior der gefangenn,
200 1410 737 1524 schafft geledigett wordenn.
712 1492 777 1547 e
216 1552 986 1719 Cubel noegen
140 1689 975 1834 Endtlichenn hatt Elßbett Rychar
191 1786 972 1897 Hans Geris frouw an Beygf sy habe
200 1853 973 1965 vor 2 Jarenn gefagtenn Hans Cobernecht
190 1904 955 2029 ghann der lab ein kruttenn mit kam¬
202 1984 958 2105 ghann, vnd fürgeben, beinge Ihn von
164 2051 969 2180 Burgdorff, vnnd welle gon Nüwer
188 2130 957 2244 burg brüünte, und hab dra deemalh in
183 2203 973 2325 schurckz gebenn. Und wyl er by einem schi
185 2280 975 2404 zu Lauppen ein wamdesan und jahrel
189 2347 977 2469 reichenn wollen, hab in den krm en Ie
177 2412 966 2548 hußglaßenn. und als er gan Louppen
201 2487 970 2614 komen, seye er gefangen wordn, und do
189 2549 979 2699 morndest siy gefangne den Fram Im Jri
1835 -1 1962 95 47.
1100 50 2010 255 fundi, habe sei denfelle ettlichern ven nach¬
1090 153 1972 343 haengezeigt. Eald dernach fhr mann
1003 209 1993 411 dahtr köndig, vnd habt n söllichen lit
1006 279 1084 364 o
1098 280 1981 458 Ime Rinen denffers gest gefragen. Nach disen
1104 358 2018 535 habe sy gefangne gedachtenn urtz weider
1107 435 1967 618 gebenn mu vnnd mit afangenschafft
1105 497 2005 645 albustenn mußenn. Vnnd ralz gefageten
1099 572 1981 717 Hers zu Conppenn furgebenn ergrabe
1115 627 1998 783 Vimen Selspies frouw 50 ell tuch Ver¬
1120 742 1289 838 kuff
1091 820 2001 1001 Sy gefanege habe nie kluig rock, dan eine
1130 923 1767 1061 von gefagter ainanen kauffe.
1121 991 1977 1182 Iemnsty habe In ander lucten nomen kein
1121 1097 1987 1216 zuguhe feil than dan einest In namenn
1126 1148 2015 1281 Brahem Sallbispars Oder ein golts.
1125 1215 2006 1338 tag ahan d ein rocke vnnd zwo Jerkonen.
1140 1294 2028 1426 welche der Pfaff 3 Wallenbuch gekaufft
1129 1397 1963 1549 habe gesagtenn Hanns, vnnd fir byb
1143 1500 1955 1610 Den 8. tag Amial Vber nachs ghann
1137 1565 2019 1671 aber nie mit ihnenn gäßenn noch seiner
1110 1678 2044 1812 Habennd also all vier porsonemn frouor
1133 1758 1666 1865 nütt bekonnen wollenn
1139 1862 2002 2034 Vf 22. Dcomb. 613 Ist dise Elßsbott
1150 1969 1991 2114 Rychert vffein consir vfl frytnn fuß
1143 2026 1428 2124 gestelt worden.
