4000 3000
42 7 122 87 183
161 7 902 130 Bebangendt auch die Jenige Ysene Kettti, de
203 69 1005 175 er, die selbe enntwendt ze haben, inn verdacht gs halb
192 118 952 215 fanntnus harüber also, namlichen als er gmhe
187 160 980 268 kinder die spycher alhie gauwen, vnnd domalen se
161 183 943 288 wirts zum schirtzenn knecht unnd andere
203 213 967 325 mit Ehme, wyn gefurt, habe er die selbe annderen
189 252 953 346 Inn einem karrenglöuß gefunden, dieselbe heimg
194 292 919 381 tragenn unnd ein zytlang, wyl dero niemandt
935 326 981 378 se
197 326 979 438 frag gethan, also behalltenn, Nach dem vnnd aber
223 371 980 471 z dem Schmidt einen Haggenn daran ze machen un
218 401 982 510 er sy zu sinem Carreng Holtz ze thüren bruchen konn
200 434 992 564 zu gestellt unndt domalen gemelter wirtehre nache
199 468 976 585 fragt, habe er imme die selbe wider gebenn, dange
208 514 953 603 sy ganntz zun keinen wegenntwenden wöhle
119 537 942 668 . Est ein mil mit dem Kleinsten, vnnd denmaser
174 613 980 734 Iem mit lesten steig auch ein mal vffgezogen ved
93 670 991 816 Est uff zintag den 15. juni 1616 1s ein charff
204 737 1006 860 Cenduichin, sich nun mehr ehrlich vnnd wol ze verstat
206 780 780 853 Vß vnnd ledig gelaßenn wordens
322 1018 924 1106 G wochts
498 1075 813 1149 onn Lontzigen
167 1181 990 1275 Uff sambstag den 5. junii 16 16 hars iug gegen
228 1239 995 1297 würtigkeit der frommen   Johanns Zeenders
222 1295 991 1343 deß Rhlats unnd Burckart Fischers  Großweybels
228 1321 993 1384 hast albrecht singer vonn cöüstzigen uber ihmme vorge
194 1349 965 1420 haltene Articul Ing der Mannen Keffi alhir bekennt,
204 1407 990 1474 deß ersten, so sye nit weniger, dann das er hieuor von
213 1469 995 1513 unnd uß ir 9ß launden unnd gebietenn mit dem sydt
216 1495 1004 1536 verwisen worden unnd nüt destoweniger hernach sich ing
234 1531 984 1582 das ampt Schwartzenburg begeben, sölliches abers
227 1561 999 1621 vonn deß wegenn geschechenn, das die wyb Schwartzern
231 1591 974 1636 burg so wol als murttenn unnd ubrige ortbeideng
222 1624 980 1686 Herrschafften Bernn unnd Fryburg gehörig, er vermeint
216 1661 795 1718 ghan, dardurch nützit verfalt ze habenn
232 1703 980 1773 unblangend demnach, das er geredt, das junne Jag
222 1749 996 1800 dem jenigen sinem vor etlichen pareng zu Büren gehartn
221 1788 997 1842 rechts hanndes vonn hren vetter zeendern, do maleng
213 1815 1007 1870 schultheißenn daselbstenn, sin racht hinnder sich geschlagen,
227 1831 984 1910 unnd volgteundts den sydtwordung zun söllichem aber
225 1877 938 1932 imme unnrecht beschechen, item das keinem sydtgno
219 1915 992 1971 inn der stattt berng so schanndtlich als imme ergangen sy
210 1940 980 2009 wölle er sölliches bewyseng unnd erzeigen, sonderlichen
220 1971 998 2045 aber das gemellter hr. heeunder zmme sit racht hindern,
221 2002 988 2072 schlachenn unnd etliche derselbenn siner rechteng uenndtge
214 2039 980 2107 wahrsammen niemalen habe gebeng wöllen unnd also wo
224 2057 1004 2134 balß noch byhanden habe. Das er aber erzelfte wort
221 2097 989 2167 usgoßen, habe er mit den selbigenn keins wegs ein hoch
205 2130 989 2209 obehrkeit, sonnders diß jenigen, welche die selbe mit un
203 2166 1005 2244 wharheit bericht(deßenn er übel eintgellsten mußgenen
203 2229 1005 2320 Was dannethin sinen haupthandel betreffenn thut, berine
203 2257 1008 2346 er selbig allerdingen Inn dem, das er namlichen begert, das
212 2296 1007 2392 sine kunndtschafft tregere sinnd zwey vonn frybung wider
180 2334 1001 2424 Durs kauffmans vonn Burgdorff seligen erbey ver
212 2368 998 2462 nonenen unnd die sach rechtlich erörteret unnd ußgemachte
203 2433 331 2490 werde.
43 2500 1000 2624 Als uff mitwuchers den 13. juny jars ob stind sr
200 2547 933 2625 gegenwürdtigkeit der ohrennvesten Fromman (i
185 2551 1000 2659 Aohanns Statings deß Rhats unnd Burmart Fischers
179 2604 1004 2703 Großweybels hieuor gemelter albrecht sinnger übeiden
209 2629 1000 2732 dursch innevor etwas tageng bekenten antikel als de
948 2670 990 2733 h
1905 12 1983 63 165
1122 24 1964 117 r vetter zeeünder imme sin racht hinderschlagenn
1109 77 1961 148 unnd etliche derselbenn iner rëchtenn unnd gwarsammen
1122 100 1958 188 niemalen habe geben wöllenn, auch wol so bald nach by Hans
1133 138 1934 204 habe, wellicher gstalltenn sölliches besctzechenn, unn der
1123 170 1982 257 Hannenkeffen alhie examiniert worden, hat er sich deßelben
1121 206 1470 281 erlüfferet, wie volget
1129 329 1898 420 amilichert als inn zyt, da gedachter hs heenden
1125 382 1943 456 sschultheiß zu Burenn gsin, er vonn einer gwüßen summ
1122 428 1961 484 uegeng mit wytlunndt durs kauffmans seltigen by leben
1124 451 1997 521 bürgeren zu Burgdorff, inn ein langwirigsen rechtshandel
1118 483 1931 567 gerüthen, wie auch deßelbenn halben etliche schriffteng
1110 519 1934 600 unnd gwarsamme ußgebracht unnd erlaunget, sie selbenn
1128 550 1976 619 auch einmabs zu butrey am rächtenn uffden tisch gelegt, ha
1121 583 1957 649 be so malen obgemelter hr jeender die selben vonn dannen
1131 617 1961 688 zu sinen handen genommen unnd sölliche asch behallten, der-
1121 656 1954 728 g'stahlten unnd maßenn, das imme dieselben noch biß har
1115 696 1974 772 eihnn keinen wäg surch inne wider zugestellt, noch ynge-
1127 731 1958 803 händiget werden mnögeg, wie er dann söhliches im thaal
1124 769 1987 834 es eruorderlich mit einem ehrsammen (khat von Büren
1128 803 1791 879 gnugsamlichen bewyseng unnd erzeigen welle,
1193 957 1814 1105 Albrechh Ginder
1331 1073 1656 1138 vonn löntzigen
1100 1185 1983 1277 Wiewol uff donstag denn 4. julii 1616 inn gegenwürdig
1124 1253 1992 1300 keit hrrJohanns Srätings deß Rhats Nirlans Jsenners
1121 1275 1941 1326 der Burgereng unnd Burckart Fischers Großweybels
1143 1315 1980 1361 lbrecht singer vonn cöützigung zu Manzsilen alhie von
1139 1336 1974 1403 ezigner sachenn wegen nebeg ernsthafften wortten mit der
1137 1375 1944 1429 arter gefeckt wordung, hat doch der selbig anders
1128 1408 1989 1466 unnd witers nit, dann wie volget verzeichenen unndt be
1129 1449 1992 1514 kennt, auch an der marter erhallten unnd bestelliget
1118 1491 1971 1575 deß eisten, was anntrifft unnd belaunget, das er im
1134 1552 1950 1618 gezig, als sohlte er hienor etwas faren zu Archzug
1139 1578 1944 1644 dem wirstshuß eing gwüße weltsche mans persag by
1144 1618 1983 1677 dereng er alda getrunncken mit einem messser oder an
1142 1651 1993 1719 derm am lyb der g'stalltenn gestohung unnd verletzt, das
1143 1683 1966 1752 die selbige etlich tag hernach zu Bureng todts verscheide
1134 1717 1991 1792 sye auch geredt habenn, er sye eina schärer oder artzet, könne
1141 1760 1993 1831 unnd wolle zun wol Heyleng, da bescheche im hochlichen
1135 1791 1995 1871 unnrecht, dann er deß glycheng niemalen im sing ghan, vil
1152 1828 1701 1902 weniger verbracht nochgesagt habe,
1703 1850 1990 1909 Sye auch so fher
1148 1879 2005 1954 as er solches söllte gethanhabenn, das vil mehr gedacht
1152 1897 2015 1979 veltsche man inne diser that niemalen angeklagt, nochbe-
1148 1947 2017 2027 schuldiget sonnders, als er gefanngne nne gefragt, wie
1142 1975 2009 2061 sie sach sich verloffenn, geredt habe, er habe es Imneselbs
1148 2011 1999 2094 gethag unnd sich gestochenn unnd das vonn deß wegens, ss
1149 2043 2014 2133 er lufft im lyb ghann, vnnd den selben dursch mitteldeß
1142 2080 1636 2148 stichs habe ußher laßeng wollenn
1665 2112 2014 2169 habe wol eine schlecht
1142 2109 1660 2195 Bingghan, das er Immne selbs solchen
1669 2142 1968 2205 schadeng zu gefugt.
1155 2158 2005 2241 wie dann er gefangne deßing alles sich uff Kunndtschafft
1155 2179 2019 2270 so nochmalen iun leben sin möchte preferieren thühe, sonder
1148 2214 1985 2318 lichen uff dem hr predicantenn zu krch, welcher ge
1145 2259 1988 2348 melten ferletztenn zu einem anderen so auch mit inen
1151 2293 2022 2387 getruncken ghan gfürt, der dann vungeacht siner vorge
1145 2334 2007 2429 henden bekanntnuss, das ers selbs gethan habe, den selbigen
1152 2359 2041 2475 solcher that beschuldiget, welchser aber sich dero enntschuldiget
1148 2379 2036 2517 unnd geredt haßte, er thüye funne unnsecht, das aber er gegen
1138 2419 2015 2551 panger von diser that wegen ine solch gwoß unngemach zie
1145 2461 2008 2578 gathen, sye zus theill vonn deß wegenn besschechenn, das in
1158 2494 1994 2615 ffnerinnng der kundtschafft man die jenige mans peiß
1155 2533 2008 2658 von Curerg, so auch by der sthat asig nit habe verhörenn
1170 2568 2021 2714 söllen, welche doch verlauffs dersachenn gutten bericht
1150 2602 1441 2702 ohe gelbeg knn
1829 2769 2013 2843 Wisdemn
