4000 3000
53 23 145 96 12
72 2218 186 2297 wyße
108 1443 164 1508 12
200 43 959 185 und nachdem er meister inen nachgeylt, de
197 102 882 197 wehr widerumb abgesagt unnd sene gehanen
191 136 940 251 der meister nach dem er gefangene fir gelt gete
179 175 644 256 Inne widerumb ledig gelaßen
135 226 936 330 Dene syendt sie gsell unnd er zu Martorff mit ein
200 261 959 392 bitenter amn ein laden geftige unnd habeit de
210 309 864 403 elbster etliche bynlachen unnd röck genommen.
189 357 939 458 Item sie er auch gegenwürtig gsen, do margues
201 402 953 510 mit einem schlüßel unnd schnödyßenn dum einem
194 447 952 544 kircher in bußgundt den opfferstok, darimt
197 488 924 575 ungeschärlich by 100 g oder b gsin, geoffnet
206 531 945 635 von welchem imezu ein par hoßen
200 581 388 646 worden t.
159 607 954 730 Danethin hat er bekhennt, er habe sie lbtag si
192 679 957 763 gespolen unnd vermtrüwet, das es iume nit ein
204 731 963 811 sr unnd er nit wüße zuerzellen, dann er vnnd a
213 767 951 846 scheiden behelffindt sich nur deß stälens unnd habe e
210 804 955 893 auch sie lebtag sondes nit gethan, dann stäle
203 848 770 930 unnd mit denselben sich fürbracht.
198 896 967 983 denne habe von gemelster täggll im knem byweßen
228 949 963 1029 in anderen heiden erschoßen unnd steiach de
213 995 620 1066 ein schürlin vergrabenn.
217 1046 946 1124 So habe er Jaggeli noch einen anderen heiden
218 1089 965 1184 das er gegenwürtig gsin, umbracht und erschoßen
182 1154 966 1230 ni miner gnedigen Herren gebret by dem Schallen
221 1205 969 1273 berg gegen den Betlibuch inn sinem byweßen
210 1247 965 1323 habe sin muter einer näyerin, so ihnen begegnet,
225 1295 971 1375 denseckel abgeschnitten unnd dem nach siner gesellen
233 1339 969 1409 einen dieselb zum kopff mit einem stärkens tr
225 1380 608 1454 unnd zu todt geschlagenn
215 1426 944 1500 Item habent sii gespan vnnd er vor Vngetharig
218 1473 977 1551 siben wochenn inn sollothurner gebüet. Underthalb
216 1529 962 1584 olter zu Stüßlinger änethalb der karen uß
227 1566 932 1626 mntwillen ein huß angesteckt unnd verörent
199 1612 970 1684 Item habe sie gsell inn sinem byweßen zu Bönigen
217 1652 962 1715 einem kneben der inse begegnest, fleisch genomen
210 1699 954 1771 vnnd denselben biß uff den todt, doch nit gar zu
216 1737 482 1805 todt geschlagenn
177 1770 974 1864 Denne halbent er unnd sin gsell mit hilff eines landt
212 1832 959 1915 fharers, so vor ettwas zyt zu Zürich hingeücht
213 1875 957 1954 worden zu congnokir by Baden ein hüßlin
209 1925 376 1980 verbrennt
167 1949 968 2041 Dannethin habent sy auch zu dillscllach im lrgon
212 2013 964 2091 nacht ein huß mit shür anstecken und verbiene
211 2052 958 2140 wollen, syendt aber darber veriagt vnnd ver¬
199 2099 459 2163 triben wordenn
197 2112 968 2224 eedtlichem hat er bekhenndt, wie das sie gu
212 2175 953 2267 muter uff ein zyt inn siner gegenwürstigkeit
217 2219 980 2314 sey ruten inn der handst gehabt unnd mit derselben
192 2274 979 2364 inn einen bach geschlagen, uff weliches es angee
185 2322 434 2385 gerägnet habe.
194 2367 983 2457 uff sölche deß vorgenandten Jacob Löüwenbergel
183 2421 974 2498 hoche unnd schwar unthaten und im shandlunge
198 2458 977 2546 habent hoch unnd wolgenandt nun gnedig herrer
195 2494 970 2598 unnd oberen schuldtheyß sthät und burger diß
183 2545 959 2650 lolichen statt Berr uff iren bydt zu Rechen
197 2610 604 2694 erkhendt unnd gesprochen.
996 209 1057 284 hu
1029 2095 1056 2188 C
1814 62 1923 121 113.
1061 51 1792 175 das man inne dem stackilter übergeber,
1810 109 1957 171 imme alle
1076 108 1787 195 der imme oben uß uff gewohnliche richttatt thunen
1088 151 1967 239 eßs gnad unnd varmhertzigkeit wegen sinen jugent abschlachen
1073 188 1937 265 demnach selbig sampt dem cörbel nun ein fhür werffen
1085 216 1951 300 in staub und säsche verbroen und also mit zem schwardt
1082 247 1931 336 unnd thür vom leben zum todt nach keytßerlichem prechten
1087 297 1246 375 richte solle
1068 304 1927 411 dißer urtheyll ist uff zinstag der 24 januarii 1625
1078 361 1607 453 Icw an demme etstattet wordenn.
1055 510 1758 635 Jan Frauldis  Seuler.
1564 576 1731 658 eibt für
1130 576 1530 662 em vermeinter heidt
1193 631 1543 713 von Fontarlin burti¬
1572 632 1665 711 syn.
1046 765 1953 865 uff frytag dem 20. januarii 1615 jars imn gegen
1080 819 1947 901 w�rtigkeit der ehereuupffen frommen fürsichtigen für
1073 868 1950 943 nemmen unnd wyßen heferen, dauid gmans deß sthats
1064 914 1910 989 Damelen von Wendt, der burgeren vnnd dauid von
1073 957 1929 1035 Büren Großweybels auch etlichen weyblen mmner
1083 992 1907 1080 gnedigen herren unnd oberen dieneren hat gegen.
1084 1046 1910 1111 wurtiger flan Francori h Escuper burtig vonn
1077 1084 1908 1168 sontarlin nachgemelte mißhandlungen bekhendt von
1082 1130 1953 1220 vergachen auch mit macter erhalten unnd bestätiget.
1066 1174 1577 1251 Ist volgendts zu Martzili alhie
1080 1219 1920 1294 und namlichen hat er aller erstlichen bekhenndt, wie
1091 1272 1925 1354 das er unnd gemelter sin gsell zwegenn sy nackend gsin
1084 1311 1958 1395 unnd fleiden gemancet, uff ein zyt einross genommen
1089 1359 1908 1440 und ertthünt, daßelbig verkhaufftch
1079 1406 1926 1483 mit dem dufferlasften gelt sich habent beklenden
1083 1457 1181 1506 lasen
1070 1487 1881 1567 dernach So habe er an Vilen enden vnnd orten
1080 1537 1537 1608 hunner Aom spyßen gestelen
1074 1568 1932 1660 So habe er d basel gebiet etliche khindtshoßeren
1079 1636 1751 1715 unnd ein schürlitz walm sel entfrömbdet.
1052 1667 1952 1765 denne halte er einer wenterswegen großer kelte
1094 1731 1955 1816 derselie zu weeren zu Costentz am Bodensee schuch,
1085 1780 1697 1850 srumoff unnd ein mantel entwerdt
1066 1818 1910 1905 Item habe er zu frouwenseldt etliche tuch rörk
1089 1878 1464 1946 unnd mäntel gntzuckt.
1065 1903 1968 2012 Im wündten glychsfhalten tuch unnd kleider gestolen
1080 1979 1663 2052 unnd daßelbig demnach verkhaufft
1053 2007 1965 2109 In siner beweßen habeit vor ungefharlichen acht
1085 2074 1970 2154 farsen sine geselfen dem einem dorff dm Bürheindt
1087 2124 1983 2200 sohrai genampt, inn einer kirchen mit sennem wüßen
1099 2166 1952 2250 und willer ein opfferstorf geoffnet, das gelt
1092 2211 1914 2296 so darinnen unnd ungefharlich by 100 g gsin.
1074 2238 1932 2343 daruß genommen, vnd uß demselbigen die roßen
1090 2301 1944 2388 vnnd etliche derhinen erschaufft, vnnd sie zme auch
1098 2347 1584 2420 etwas gelts daruon worden
1044 2380 1968 2485 By Hoffingen in einem waldt habent er sie geseil
1095 2437 1913 2535 und noch andere heider uße viler fünfffeißte
1089 2482 1958 2560 thwyn hinweg genommen und entfrömbdet snnd zu
1104 2519 1774 2624 söllichem inen etliche heidinen gefrachet.
