4000 3000
65 49 143 106 138
196 26 803 211 Bendtiche Wyler
361 182 687 268 von Münsingen.
531 276 708 324 d10
173 265 962 396 uff zin tag den 25.n augusti 1615 jaro iem shine
175 350 961 457 der frommen ec. H Jacob Ehormans deß schal
183 404 986 524 Withelm Hirtzen der burgeren unnd Burckhart sishen
189 472 954 558 Großweybels hat Beedicht Wyler von Münsinde
182 513 978 612 bürtig zu Martili alhie volgende mißet haten bekheden
195 560 862 629 unnd an der marter erhalten und bestätiget
185 608 963 699 Eß ersten nach dem vor etwas zyt zu Münsingen
203 653 969 756 füßer verbrunnen, habe er sich an etliche snderschi
198 695 980 791 liche endt unnd ort verfügt und unangestehen er nit
182 750 966 850 jeingen beunst erlitnen einer ghin noch von denselben
198 798 975 888 einichen bevelch ghar, tühren an ein brunft genorderet
205 857 959 941 und uffgenommen, sölliches aber uß tingender not
198 908 975 983 und von der thüren zyt wegen, auch das er nützigz
204 952 827 1035 arbeiten gehept gethan, sich selbs vnnd
840 968 975 1036 ie zwey
203 993 983 1098 armen junge khindt damt desto baß fürzebingen
207 1060 476 1130 unnd zeerneren.
170 1092 980 1183 Demnach habe er bißwylen, wane man ime zu weben
217 1157 999 1240 gebracht den khünen etwan ein klungelm garn hente
186 1211 627 1286 halten unnd vermirn wet
162 1255 992 1339 Denne einem iner votteren hurigen Jars by zechen ele
206 1316 985 1377 linigen tuchs genommen, hernach aber imme ander gar
218 1368 419 1427 darfür geben.
210 1403 995 1491 Item habe er vor etwas zyt by dem zytglogken thur
216 1463 944 1540 alhie einem hitmacher einen niderer hut ert
222 1517 333 1567 werdet.
215 1554 992 1638 Wytchers uff ein zyt im einem huß uff dem platz alse
218 1607 981 1684 da er das allmußen gehöüschen, ein wys stückin hm
204 1647 966 1725 tuch (ungefharlich by 17 sellen) entfrombdet vnnd
203 1693 989 1781 volgendts am stulden by einem schumacher umb zwe
209 1745 968 1816 bar schuch, eins für inne unnd eins für sie keable
201 1809 380 1877 vertrsehet.
207 1840 977 1935 Item an einem zinstag an der kramgaßen alhie en
190 1903 573 1971 lochen hut veruntrewet.
166 1945 980 2027 Danethin habe er einem zu Münsingen, welchem er
204 1990 971 2081 tröschen by anderthalben mäß haber entfrembdet.
154 2043 997 2129 Diß alles sye imme von hertzen leydt bächte derweyn
197 2093 806 2176 tringenlich umb gnad unnd verzychung
183 2097 984 2221 Ist zwey mal kär unnd einest mit dem keinffen kin
194 2191 492 2273 uffzogen worden.
197 2260 1004 2352 Nach dißerem hat er im der mannenkesfi ont marte
207 2301 998 2407 wyther bekhendt, wie das er vor etwas zyt uff der
210 2351 985 2446 mendt zu Müningen uß einer herdt schaaffen ein shr
197 2385 998 2481 ungescharlichen by einem guldin werdt, vormntrüwet
206 2451 991 2550 daselbig heim getragen unnd hernach mit sampt seine
197 2513 699 2587 wyb unnd khinden gäßen habe.
1859 3 1936 95 13
1097 43 1940 169 Item als man imme tuch zu weben gebracht von
1092 109 1937 210 demselbigen Under etlichen malee von einem wubb by
1116 155 1951 244 secht oder siben ellen fuch entwendet, welches aber
1106 204 1944 299 vor jmme ufs hunger mangel unnd amutt und sonst
1096 246 1651 335 keiner anderen ursach beschechen sye
1110 289 1895 406 tlach dem nun sin Wylers bekhandtnuß für ein
1113 350 1967 441 gnedig herren inn geseßenen rhat khamman unnd
1104 395 1930 476 man benebent befunden, das er ein einfalter tropt
1106 447 1970 531 und gar schlechten verstandts, ist er haruff uff hey
1098 486 1952 567 tag den 118. augusti 1615 jars mit einer ceasu
1110 539 1703 635 widerumb ledig gelaßen worden.
1425 661 1590 756 i
1175 715 1807 809 Anna Louwerin
1274 778 1766 854 von Muchen der herr
1307 834 1644 918 schafft Stülingen
1085 938 1961 1039 uff Miewochen den 16. augusti 1615 jars im by
1121 1004 1936 1088 syn unnd anhören der frommen etc. Hrr brat Herr
1115 1047 1969 1128 ports deß Bhats, Liephart Thyßen deß jungen der
1118 1101 1953 1170 burgeren unnd Burckhart Fischers Großweibels
1115 1149 1967 1234 hat Anna Töüwerin von Murcher zu Martzli alhie
1122 1196 1937 1289 nachvolgende lasterthaten und die bstäl verjachen.
1128 1259 1781 1327 und mit marter erhalten unnd bestättiget
1077 1294 1973 1373 Deß ersten, als sy sich vor sichs tären im dag laster
1122 1360 1943 1424 der urküchheit begeben, habe sie sich inn ein fläcken.
1121 1402 1957 1486 genandt Hornißen uff ein kilbi verfügt und allda
1092 1448 1963 1513 mit einem landtman von Schüpffart ueschlichen ker
1130 1495 1944 1557 nnschet, dem sy domalen, als er ira den lahe nit geberen
1122 1543 1955 1618 wöllen, by Zechen guldin vngetharlich verurtrüwet
1122 1584 1961 1670 hernach aber, als er fra nachgeylet und sy erreicht
1124 1646 1977 1702 ime daßelbig widerumb zugestellt, welliches dar den
1128 1685 1961 1768 s von brugg uberantwortet worden, wüße aber
1131 1730 1926 1806 nit, ob dieselbigen imme sölliches widerumb gebenn
1125 1782 1247 1841 habint.
1085 1806 1946 1911 Demnach habe sy zwüschen Holen vnnd Vegen einer
1132 1880 1774 1962 mansper ihn entfrembdet fünff gulden.
1092 1920 1977 2022 deme zwüschen Vngen vnnd Koushingen aber einem nun¬
1140 1987 1497 2058 entwendt zwee dicken.
1124 2005 1949 2126 Unther von Osching einem man veruntrüwet ein
1127 2096 1228 2153 diefen
1127 2111 1956 2212 Item Vnther von Niederen einem man genomen
1139 2190 1335 2262 Ver batzen
1134 2220 1976 2330 Wyther zu Coffentz einer manspersohn entzuckt,
1130 2295 1361 2358 fünff gulden
1113 2328 2000 2424 mehre zwischen Rynauw unnd Schaffhuser einem
1140 2400 1436 2471 man fünff batzen
1122 2420 1965 2526 verwüschen costentz unnd ermendigen einem gespolen
1111 2477 1360 2576 r batzen.
