4000 3000
57 56 183 145 142.
320 119 863 242 Anna Wilman
395 195 834 292 Uss Rider Sibenthal
176 275 933 404 Anma Spihman, wegen sy nit nu
177 350 964 469 fur ire selbs eigene persohn, vnderschidenlich
164 393 959 497 derbstäb, wie derselben minte gnedigen Hei¬
195 446 941 555 und oberen durch übererichte bericht
191 496 944 590 bar gemacht worden) begwrgen, sonder
194 538 910 637 auch ihr eigen chindt unnd töchtetelin
203 594 954 701 illichen diebstäler angewißen vnd diese
197 647 974 748 ze begahr gemacht, ist zur straaff
189 694 967 807 züchtiguna uff zinstag den 12. augusti.
189 750 968 836 1615 fars mit ruten durch die statt
188 798 974 893 hinuß geschmeitzt, vnd Ra darby miteine
185 852 997 953 chureffer Censur vnnd vermanung, sich fürohi
176 908 983 996 unsträfflicher ze halten unnd ire khider
102 956 995 1053 Imn gottsacht zu erzüchen nach noturfft
197 1003 777 1091 und ernst zngebunden worden.
236 1088 857 1245 Jacob Leenherr von
379 1214 675 1307 Erlenbach
203 1285 1000 1406 Demnach Jacob Leenherr, gewesner statt¬
222 1373 983 1445 halter zu Erlenbach nit nur wegenn er die imme
234 1420 1004 1483 über sine begangene fhäler ufferlegte straaff der
221 1469 985 1532 vier thusent pfundt pfeningen nit uff bestimpt zill
224 1513 970 1597 unnd zyt, wie er aber söllen unnd miner gn.
223 1565 995 1642 hrn. unnd oberen sinthalb hieuor ergangene ur¬
225 1617 1007 1698 theyll vermögen unnd zuogeben, erlegt, sondern auch
218 1658 992 1746 ihr gn. durch dero amptman den castlanen
228 1702 1010 1799 Nider Sibenthals fherners schrifftlich fürgebracht
228 1764 995 1850 worden, das ermelter Leenherr vor einem ehr¬
240 1816 988 1895 sammen ehegericht daroben, als man inne von
218 1848 992 1945 wegen dings verkhouffens desse vychs den lam¬
937 1902 1000 1964 ihr
216 1913 938 1996 parteren (luht hoch unnd wolgenandter
220 1962 1028 2056 gn. reformation ordnung) rechtfertigen und straaffen
227 2006 1013 2118 wöllen, offendtlichen geredt habe man seche jetz
222 2065 1011 2166 wo die reformation sye, ob er sich von desswegen
217 2134 1007 2227 straaffen lassen, ehe wölle er diss oder das
208 2179 986 2278 thuon unnd derglychen, man habe guot brieff unnd
219 2223 1007 2342 sigel von ihr gn. einer landtschafft ertheilt uss¬
204 2282 1009 2394 gebracht, welche den fryen feylen khouff jeder
225 2351 974 2438 mengcklichem zuolassindt, neben dem das er auch
230 2367 1019 2499 sonsten vil wider anzogne reformation gemurret
229 2429 1016 2540 unnd gebochet habe, vor etlich verschinen tagen
230 2476 1010 2581 alhie ergriffen unnd wegen nit bezalter buoss
214 2520 994 2630 luht über inne hieuor ergangener urtheyll
226 2565 1005 2678 widerumb inn gefangenschafft gelegt, ist er
1856 36 1948 91 143.
1070 63 1935 245 haruff uss ansechenn unnd beuelch wolangedüter
1196 132 1944 213 miner gnedigen herren unnd oberen uff sambstag
1083 185 1938 299 den 26. augusti 1615 jars durch die eheren¬
1102 218 1920 339 vesten, frommen, fürnemmen unnd wyssen hrn.
1092 265 1968 384 Dauid Amman dess rhats unnd Burckhart Fischern
1094 315 1913 441 grossweybell, auch eines miner gnedigen hrn.
1094 362 1946 476 dieners unnd weibels über obgemelte durch inne
1096 409 1952 520 ussgeschlagne wort mit ernsthafften worten inn
1090 457 1937 572 der mannenkeffi alhie examiniert unnd befragt
1093 541 1229 618 worden.
1069 536 1894 671 Der hat nun volgenden bescheidt von sich geben
1102 606 1967 696 unnd eruolgen lassen: wie namlichen er vor etwas
1088 649 1953 768 zyt einem usseren oder lamparter etlich vych uff
1102 697 1951 796 borg unnd dings verkhoufft, welcher imme mit barer
1094 743 1922 865 bezahlung darumb erster gelegenheit zebegegnen
1104 795 1971 896 zugesagt unnd versprochen, er auch anders nit gehofft,
1102 842 1928 944 als aber wider sin verhoffen derselbig uff zill
1100 895 1944 990 unnd tag inn umb sin ussstendig gelt zebefridigen
1106 943 1942 1029 nit khommen, sonders ussgebliben unnd also inne
1111 998 1930 1080 umb so vil betrogen unnd er darüber vor chor¬
1107 1042 1969 1142 gericht citiert worden unnd inn die straaff gezogen
1110 1094 1893 1182 werden söllen, habe er sich dessen beschwerdt
1105 1144 1948 1233 unnd zwar under anderem louffen lassen, man
1113 1198 1946 1286 seche jetzonder wol, wohin man mit der reforma¬
1118 1251 1904 1341 tion khomme, den articulum habe man von der
1106 1303 1970 1385 reformation unnd wann einer darumb sölte umb
1107 1355 1933 1438 ein so hoche buoss gestraafft werden, ob es nit
1118 1406 1914 1499 ein schwäre sach wäre inn sonderheit da man
1119 1447 1942 1544 einen also betruge unnd darsetzte, im überigen
1116 1489 1916 1596 aber wythers unnd anders nit geredt, jedoch
1116 1548 1931 1640 wyll er sich mit ussgegossnen worten übel ver¬
1115 1586 1928 1684 fält unnd vergessen zehaben sich erkhennen khönne
1132 1643 1946 1736 unnd bekhennen muesse, so bätte er Gott den
1127 1693 1965 1786 Herren unnd sin gnedige oberkeit desshalben hoch¬
1120 1759 1700 1845 lichen umb gnad unnd verzychung.
1117 1834 1979 1918 Als dissere bekhandtnuss uff montag den 28. tag
1128 1892 1949 1977 augusti 1615 jars ihr gn. inn gesessnem rhat
1128 1938 1990 2023 vorgelässen, wie auch min gnedig hrn. rhät und burger
1131 1984 1946 2054 uff gemeltem tag sin Leenherren vorgende vergicht
1130 2025 1978 2102 widerumb abgehört unnd vernommen, habent dieselben
1133 2070 2000 2143 haruff erkhendt, das es erstlichen by der imme Leen¬
1127 2124 1991 2203 herren hieuor ufferlegten straaff der 4000 pfund pfenningen
1139 2177 1984 2249 nochmalen verblyben unnd er dieselbige endtrichten,
1130 2214 1997 2295 demnach wyll er gemelte buoss nit uff zill und tag er¬
1135 2250 2015 2344 legt unnd also gethane gelübt übersechen und gebrochen
1137 2290 1963 2381 neben dem dann auch mit lichtfertiger verkhouffung
1141 2334 1975 2429 unnd hingebung sines eigenen fleischs unnd bluts die
1135 2378 2018 2466 gemeindt zu Erlenbach und mengklichen hochlichen verer¬
1127 2431 1985 2517 geret, er desswegen sölchen sinen unnd andere begangne
1133 2464 2036 2572 fheler vor derselben offendtlich inn der kirchen erkhennen
1139 2510 1958 2596 unnd bekhennen unnd volgendts uss ihr gn. landen
1144 2554 2018 2648 und gebieten untzit uff derselben begnadigung (luht der
1145 2594 1958 2691 satzung) mit dem eydt verwissen werden sölle.
1136 2649 2004 2735 Uff weliches er dann auch mit abtrag costens ledig ge¬
1137 2707 1392 2776 lassen worden.
