4000 3000
36 52 141 103 172.
176 35 970 173 der kromen, Eherenuesten fursichligen vnnd wyßen
200 97 970 221 H Jacb Tharmanb desekhats sammel vogte
193 163 984 267 der bugeren, vnd Burtkart Fischers Ghrostrit
199 195 962 299 vber solche angeklagte punter zu Martzilh alhi
207 242 960 332 nit worten examinert, volgents auch an dr mart
193 273 948 370 geschlagen unnd aller erstlicher lär, hernach auch
199 314 959 410 mit dem kleiffenstein ein mal uffzogen worden.
194 357 981 461 Wyll er aber im wenigsten nit bethandtlich syn wollen
202 409 966 502 das er erzelte oder einiche andere trüffenheit
209 454 974 542 vnnd Anthaten begangen, sonders ander martere
206 500 984 592 haltenn unnd bestätiget, das man imme unrecht
207 527 974 616 thuge, rben dem die gezigenen sachen vff Ihme nit
203 566 955 647 erwaaret werden mögen ist er uff Fryband
210 605 983 706 26. Aprilis 1616 widerumb ledig gelaßen, vnnd auch
209 645 961 730 den hr Großen uß miner gl 1r handen unnd
206 691 918 781 gebrter, selbsge ze reyden verwißen worden.
230 794 863 963 Aelheit Keller von
297 941 873 1019 zöchstelten sonsten wonhafft
383 992 749 1070 zu Walckringen.
173 1089 981 1194 Viewol Adelheit Keller von Höchstetten bürtei
231 1159 1011 1246 wegenn vilfaltigen verdacht unnd verargwonete
228 1213 998 1292 Fexischer sashen und unthaten, als das sy sich da-
240 1254 990 1328 ueßen eines onderbaren artznens angemaßget
233 1296 1014 1376 vnnd daßelbig gegen etlichen personen der gestalten
229 1345 1005 1419 gebruchts haben, das sy nit mir nit genäßen mögen.
243 1388 992 1465 sönder wie länger ie krancker worden hin am
231 1436 972 1512 etliche geuunde im kransheiter gebracht und
230 1482 1014 1557 volgendts, so es tra gefallen, widerumb gschundet
242 1530 998 1589 gemacht, bynebent auch andere unzimliche sachen
236 1574 995 1640 getriben haben sölle. Wie dann der dethelb an
240 1610 984 1685 min g h unnd oberen inn geseßnee rhat
224 1649 1021 1724 von irem diener Josf Mosern Freyweibel zu Big
243 1693 1004 1777 len abgangener bericht sölliches wyblöüffiges
241 1737 1004 1826 uß thme unnd zugibt, daußen zu Walkringen
234 1786 1020 1876 behendiget, volgendts gewahrsamlich alhar gethüit,
62 1833 181 1892 wie schon
63 1835 1017 1916 a ein naknnd nachmalen uff 20 aprilis 1618 jats
209 1881 1007 1975 Im gegenw�rtigkeit der frommen etc. 13 samme
235 1932 989 2015 Holtzers deß Rhats Js Hans Zeenders alten
232 1965 1016 2061 spittalmisters unnd Burckart Fischers Gub
248 2021 1016 2120 weybels zu Martzilen alhie neben ernsthafften
53 2060 210 2136 desn
239 2082 999 2163 worten mit notwendiger marter examiniert.
71 2120 219 2186 anderen halb
235 2118 996 2215 befragt unnd erforschet worten, Jedoch wyll
206 2180 1004 2264 In mutten nit ulzie bekhennen wöllen, sonders
215 2201 1024 2307 Immetdar angezeigt und das ira gnoblich uereht
238 2261 1007 2358 vnnd vngutlich gescheche vnnd widerthare andern
245 2287 1023 2403 marter erhalten, allein was untriff das glt
239 2331 1021 2449 mit wyn, welches man allwegen zur fünfftennach
236 2390 1009 2500 umb mitternacht uff einen lüntzweg stellen und
249 2429 1017 2547 anne hinder sich sechen daruon fliechen solle
244 2469 1021 2593 müße, so vasf man moge, das dann der kart
224 2536 1016 2640 von deßen wegen es geschicht, nach dem es etwas
235 2567 1035 2692 ußgettruncken und der kanck ein rung ußgeständen.
1928 20 2011 81 135.
1130 40 1981 152 derselbige demnach widerumb gesundt werden müße
1142 96 1958 185 des sölches gesagt unnd auch gethan habenn sölle
1139 145 1969 242 hat so vermeldet unnd anzeigt, das sy allein erzelt
1157 188 1952 270 wie uff ein syt ihr buder ein kranck khindt
1145 230 1951 339 ghoren unnd sy domalen von einem von signouw
1137 273 1949 378 ghört, das man ieme also thun sölle, das aber s
1146 319 1973 406 es jemalen gebrucht, sye gar nit, ist sy haruff
1149 359 1931 459 Frytag den 26. aprilis 16 6 jaro uff ein
1152 408 1958 510 censum hin widerumb ledig gelaßen worden.
1172 475 1778 648 JJacob Bebhen der
1268 614 1716 718 Vhrenmacher alhie
1136 726 1994 846 Frntag den 26. aeribis 1616 im by weßen
1151 793 1989 882 der eherenuesten etc. Herren Frantz Guders
1161 845 2003 927 des rhats unnd Burckant Fischers Großweibels
1148 899 1952 974 hat mr Jacob Shetzli der uhrermacher alhie ihm
1164 936 1980 1035 der mannenkeffe über ime vorgehaltene artione
1157 990 1666 1066 volgende bekhandts gethan
1148 1039 1958 1123 Vber den ersten articul, da der verhaffte Fridli
1161 1089 1989 1169 Müller bekhenndt, das er imme Rletzli nach zweyen
1164 1149 1965 1225 verguldten batzen noch tunff sturk, so viertheyll
1169 1183 1968 1256 von Wealen gsin geben, welche er Rletzhli verguldet
1148 1230 1992 1314 habe, zeigt er an, das er nur zwey derselben tucken
1161 1274 2003 1339 da jedes etwan sachtthalben batzen golten empfangen,
1157 1313 1955 1387 und verguldt unnd volgendts zur Fridli zugestellt,
1158 1360 1985 1428 nachmalen aber aus er sölliche nit ußgeben khönnen
1172 1400 2013 1478 habe er sy imme widerbracht unnd gesagt, das er rotz
1170 1450 1994 1530 dieselbigen widerumb wyß sieden solle, welches er
1175 1499 1458 1565 auch gethan habe.
1160 1523 2009 1609 des anderen puncken halben inn welchem Fridli Müller
1173 1583 1972 1653 nit gestendig syn wil das Rletzli imme an die verguldten
1170 1634 2019 1693 batzen ringli gemacht habe, selbige an dem halts ze tragen
1178 1666 2007 1745 gibt Rletzli dißen bescheidt das gemelter Fridli iur
1163 1709 2018 1781 hwen dern keid ein Zürich batzen, item ein möschiren
1163 1751 2002 1825 Jaalpfenung geben, welche er zwar vff sin Feidlis
1175 1798 1995 1858 begeren, der dann angezeigt, das wo er mit den
1170 1852 1995 1919 lichten handle unnd khouffe, er dann dieselbigenn zu
1172 1884 2006 1967 trinkgelt ußgebe, vergult aber allein san den möschinen
1166 1937 1737 2015 zaalpfenings ein ringn gemacht habe.
1172 1977 2028 2057 Was dannethin den dritten articul deßr wyßgesotnen
1182 2037 2022 2110 silber cronen belanget zeigt Rletzlin and, wie das nit
1187 2075 2021 2146 weniger, dann das Fridli imme ein silber kronen, welche
1179 2119 2013 2199 etwas rotlecht gsin unnd einen ris ghan zugebracht.
1188 2170 2021 2222 unnd anzeigt, wann er sy einem goldtschmidt brachte
1189 2206 2027 2279 derselbig sy imme zar schnyden wulde unnd erharub
1182 2252 2024 2330 dieselbig Silber cronet genommen, den knitz vßgleget
1178 2292 2045 2374 unnd volgendts sampt noch einem dicken, so er feidli
1161 2357 2064 2434 zume auch geben, wyß gesotten, habe aber nit eigentlich
1178 2391 1659 2481 gewüst, das sy faltsch gsin.
1181 2434 2025 2522 ersterzelte tutkosampt einem möschinen hetzeichen
1194 2481 2046 2575 unnd wythers nüt habe er imme Fridli verguldt und
1200 2526 2042 2627 ölliches vor ungefharlichen anderthalben oder by
1185 2559 2033 2677 machem zweyen jaren beschechen, das er imme Retzli
1188 2618 1442 2708 u auch deßwegen
