4000 3000
24 60 108 111 10
129 1023 183 1059 1120
414 18 540 111 Eer
206 59 885 175 Jacob Louchenberger
308 142 870 234 om vermeiter, gibt für bürtig
315 186 795 271 synn uß Sollothurner gebiet
714 301 776 344 den
168 287 939 426 uff dontag den 7t januarii 1615 Jarr an
205 368 960 476 byweßen vnnd anhorer der tromen Sherengraght
195 409 964 521 fürsichtigenn fürnemmen brid wyßen herren den
188 456 961 576 Ammans deß Rhats Thünig Waltharts der die
204 509 972 631 unnd dauid von Büren Großweybels Campta
198 568 969 661 weiblen miner gnedigen Heseren Vnd Oberen dene
189 602 969 707 hat gegenwürtiger Jacob Löüwerberger ein vle
204 650 972 753 zechen järiger gesell (so von Michel Lönweiber
209 701 968 792 inem vattern im sollothurner gebiet erboren und zu
204 747 969 844 Ballstall getrufft worden syn fürgibe) nachvolgen
204 796 969 883 hoche und schware im shandlungere zu Martzil al
210 838 975 934 bekhendt, verjächen, vnnd Volgendts mit der marte
210 896 588 966 erhalten unnd bestätiget.
198 941 942 1026 slamlichen unnd deß erster habe uß gewysung
222 989 957 1070 mer gesellen (dochen ungefharlich by sich uff dem
201 1031 954 1106 Engelberg zu zuchindt unnd theyls mit wahr sagen
216 1085 950 1161 heyls mit stälen, theyls auch anderen fulere sachen
225 1129 961 1204 ernerindt) und das er übel bekleidet geweßen.
218 1177 975 1250 mit hilff nachgemelts sines gesellen ein roß gestelen
216 1224 975 1290 unnd entfhürt sy söllichen verkhaufft
221 1279 978 1362 sich den nich vs dem daruff erläßten gelt bekleiden
217 1332 327 1397 lahten.
200 1379 959 1463 Dernach habent er unnd sin gsell zu Augspurg, kim
210 1431 965 1501 unnd anderen orten vil kleider als röck, wan sei
212 1479 614 1542 vnnd tslopen entw�mbdet
188 1518 962 1612 zu Stüßlingen ein grauwen vor und zwo geporn
225 1586 357 1649 entzuct.
195 1616 978 1722 zu frauwenfeldt habent, sy beid rot si din verstochen
215 1688 983 1768 hoßen, ein schwartz und ein rot sydnd wandel sampt
209 1730 960 1798 zweyen paren m grun sidiner srümpffen (so
224 1765 947 1856 ines erachtens alles by 121 g werdt gsin) gestolen
203 1828 804 1905 vnnd die hoßen vmb 5 gl. verkhaufft.
200 1855 983 1952 Item habeit er knnd sin gsell dem ryhe nach biß gan buß
215 1916 984 1990 pil grnst vnnd hune, so sy demnach geaßen, vnd herd
210 1970 357 2031 entzuckt
170 1988 987 2098 zu Seckingen habeint zwo heidin, so sich mit bätlerknde
216 2070 974 2140 angethan unnd demnach hinyn inn das stettli gange
199 2106 974 2192 Inn sinem byweßen us einem huß eintmantel, so
192 2164 766 2233 zwölff cronen werdt gsin, entwerdt.
186 2184 963 2294 zu Costentz habe ein heidin genampt Ritterlin (s
200 2247 971 2327 auch im bätlenkleider angelegt die silberne baß
213 2278 979 2368 deren jeder by sechs cronen werdt gsin und dey sille
216 2319 972 2419 ne köffel gestolen, umb welches er wol gewüßt habe.
150 2376 977 2488 zu frouwenfeldt habeint sin gsell unnd er mit hitt m
200 2430 962 2531 landtscharers uß einem loden, inn welchen sy
204 2475 981 2579 einer leiteren gestigen, zechen ellen lontst veruntn
199 2532 977 2611 unnd drem obersten zugebracht, welcher dann ihner
198 2563 986 2645 kleider darumb gebenn unnd sich namset hr Hans Vber
201 2616 983 2695 Hirtzhan, bürtig syn uß kleinen gypten, aber ei
200 2677 564 2753 malen daselbsten gsin.
1835 38 1931 117 17.
1048 76 1942 214 Dnne habe er zu thur vil sachen unnd under anderem ein
1091 134 1938 234 gäl wamsel mit Cristaflinen knöpffen item blaüwe
1077 181 1799 280 goßen, datim zwölff batzen gsin, veruntrüwet.
1063 219 1941 327 zu St. Gallen habeit sin gsell unnd er ab der bleicke ein
1053 271 1954 362 tuck lynwaat, so by 10o ellen ungetharlich gsin genommen
1074 307 1928 394 unnd wegen sy den athem unnd die müler verhaltene
1072 343 1596 423 die hundt sy mit anbellen khönnen
1058 358 1916 502 zu Zilantz znm Bbundten er vnnd einer siner gesellen ab
1065 432 1783 522 einem wagen etliche yßene kettenen entfrömbdet
1079 470 1916 559 sin gro�muter habe dem der statt Bazell ein silberner
1085 519 1907 592 lächer unnd umb 30 gl fleiden entwendet unnd sye er
1079 559 1907 645 zwar nit darby gsin, habe aber daßelbig wol gewüßt
1091 610 1934 697 benthalb Zoffingen zum einem waldt er und eine gesollen,
1077 658 1907 730 deren ungefhärlich by 20 gsin us hundert schwyner
1077 708 1966 771 fünff feyßfe schwyn genommen und uff entfrömbdetere
1086 742 1483 820 r�ßerer hinprey geth�nt.
1074 784 1934 864 Denne er vnnd sin gesell an einem anderen ort nachts
1089 838 1937 913 zwey schwyn uß einem stall genommen gemetzget unnd
1086 870 1529 964 nachts gekochet unnd geäßen
1083 915 1928 1019 Item habeit er unnd sin gsell zu Müllhußen ein roße
1084 980 1206 1056 entshurt
1088 1008 1868 1110 sy beid zu Mellingen einen sack voll röck unm
1081 1070 1562 1150 hembder für 30gl entwendt.
1087 1116 1949 1203 So habeit sy beid mit hilff diyer starcken landtshare
1094 1176 1901 1259 ven zu Bfacsell zwey ros genommen, vnd dieselbigenn
1094 1217 1436 1296 den heiden verkhaufft.
1066 1254 1965 1355 zu Lauffenburg an einem mäit habent sin gsell unnd er
1080 1310 1892 1395 by 30 ellen sammat, sydin schnür unnd vil syden
1091 1360 1206 1427 gestolen.
1078 1400 1958 1483 Fherners habeit ein anderer heydt genampt Marques
1091 1472 1940 1524 weicher sich im Bätlers wyß angethae und er sampt
1098 1492 1974 1557 einer heirin zu dision und einer rhatstuben us einem
1103 1535 1962 1596 gänterlin, so sy mit einem dieterich geöffnet, die zechen
1094 1581 1473 1638 silberin bächer entwerdt.
1090 1628 1941 1684 So habeit auch sie fründt Jaggeli unnd er vil mit ein
1107 1666 1894 1726 anderen gestoflen, als zu Horsch am Bodensee mit
1104 1717 1922 1779 hilff einer cheydin rött, hembder unnd andere gar
1095 1748 1925 1799 vil sachen (deßen er dir zaal kum wüße) entzuckt
1098 1788 1760 1858 vnnd daßelbig zu dareuberen verkhaufft
1093 1836 1964 1907 Wythers habe er mit bantsy einem heider ihm etsch
1097 1900 1925 1966 landt ein schwartz ross entfhürt unnd daßelbig zu
1080 1931 1958 2002 Bischoffzelli Meister eöggen riedtman umb 15 l
1101 1983 1262 2046 verkhaufft.
1102 2019 1928 2108 So habnit dnn sein byweßen ein heidt unnd ein
1104 2080 1920 2134 heidin zwey roße, das ein prot, das ander frauw
1104 2120 1937 2172 gestolen unnd as rot umb 30 l das grauw
1104 2166 1928 2246 dam herrn zego im Thurgörw umb 40 l
1103 2203 1270 2273 verkhaufft.
1086 2237 1941 2326 zu Mentz habeit vor siben jaren zwentzig heidern
1090 2298 1754 2391 Siben 20ß entfhurt, darby sie gsell gsin zur
1079 2350 1998 2444 zu Kyberg im Bryßgöüw sin großvatter unnd vatter
1105 2410 1933 2490 ein wys unnd ein schwartz roß gestolen unnd zu
1097 2439 1451 2537 Stüßlingen verkhaufft
1094 2497 1965 2583 So habent er und sin muter bätlerkleider angelegt,
1116 2552 1965 2634 unnd zu Surser mr Baten dem nlachrichter by nacht
1111 2592 1985 2675 ein beschlagen wehr sampt bhenck guatel unnd täschen
1104 2622 1933 2725 darinte vil gelt gsin, uis dem hus entfr�mbdet.
