4000 3000
73 2081 165 2155 inne
116 38 208 107 228
245 33 1098 204 Das der me hzger sa Winnters zyt nit ben
242 91 1119 278 uff das fleykh wärten laßen, sonnders allehe
260 149 1033 299 oblentige, Sonnsten habes sy leyder sich auch
269 203 1104 380 wyt mußgaumet das sidt sy aldar zum fsb
233 265 1097 433 Am dienst sich mit nehmgedachten Christen Brwen
233 323 1076 480 Zum drittenn dab fen Hury vnnd vnnzucht
211 388 858 521 fleyscklich vertiefft vnnd Vengeßen.
191 449 587 578 Ditt knb gnnd¬
198 543 1101 726 Ist uff zumstag 29 novembris fahrs vostend
235 621 1084 764 nach abgelegeten koffen wosen, wyl sy ab ergel
226 687 1071 832 geschaffts einen ampfengerin, neben den vnnderschi¬
220 748 1092 874 Denlichen vnnzuchltey beganngen zwey monat vor¬
258 825 1077 948 an das Schallenn werckh erkennet, Vnnd darbe
251 881 1106 1003 angehannckt wordenn, das sy dennach auch vom de
219 947 923 1044 Stattt sv wisenn Werdenn solle e
266 1096 1062 1229 ßun Mn
387 1189 1057 1321 Zangg bey von Staffischich
213 1314 1064 1444 Ais uff Donstag den 28. novnbris
284 1401 356 1448 Haff
260 1393 1102 1490 16 16 jars ußfeutlich miner g heg unnd oberegg duer
240 1451 1060 1531 die Ehremvesten etc. Hrr franntz Luswigenn vom
249 1500 1060 1594 Erlich deß Reats unnd Burekart Fischerg Groß
243 1558 1076 1647 weybel Hanns Räß seckelmeister im gricht
236 1610 1083 1697 Steffiseurg, der vrsacheng umb welcheren willen er
249 1661 1079 1753 unnd anndere jüngst hingewichner zyten als ehre
236 1714 1073 1814 amptsman der hr schultheiß zu ihug sy unnd eine
230 1762 1082 1866 gemeind zu Steffiseurn uß oberkeitlichen unselen
211 1828 1096 1913 Inn sydtspflicht unnd hefldignung uffnemmen dem
236 1874 1091 1971 selbeg nit gehorsammen wöllen, sonnders hallstaren
218 1926 1064 2030 wyß sich widerseers deßwegeng dann einen gemeindt,
223 1971 1065 2091 hoschlich geergeret, nnd also das fürgenomme Werck
215 2025 1098 2139 vehinderet unnd still gestellt, auch wer sy zu sollich
200 2070 1071 2223 Anngewisen ung der mannen hoff alhir miternst
194 2142 1075 2292 hafftenn wortenserforschet unnd befragt worden.
211 2181 1089 2334 Hannd derselbig harüber sich erluteret die Volget¬
171 2255 1088 2456 Sie namlicher ris weigerden das der
173 2344 1068 2503 Herr Schulthris von Tug etliche tag zu vor vnndt
139 2397 1078 2540 ehe er sy die Steffsburgen vnnd gemeindt daselb
167 2452 1062 2603 Ang sydt uffnemmen Wölleng siine un schloß
171 2505 1098 2645 Zu Thug vermeldet, habe uff welchen tagen stliche
183 2569 1078 2714 vrichtung unnd deßing einen gemeindt zu ihren nach,
961 2615 1073 2697 richtug
1987 118 2077 169 22x
1224 88 2070 208 richtnung offennt lich vong der Canntzels ustenndigen
1226 162 2075 259 laßenn wölle, das dann auch beschechen. Nung habe sich
1220 205 2091 317 begeben, das grad deß tags als disere huldigung zugs
1227 260 2097 359 werek gericht werden söllen unnd er auch derselbigen
1216 315 2070 413 hanndlung by ze wohnen sich unnfhen von der kilchenn
1194 369 2071 472 unden har an ein gewüßorth zu etlicheng gestelht
1211 421 2082 516 Hanns Schwytzer, welcher by Hennßli Gerwer Hannß
1220 477 2044 587 Zanggen unnd annderen an einem somnberbaren orth
1224 530 2082 624 nach by der Kilchen gestannden, vnnd deß letsten Zeuhant
1199 583 2075 689 gewarttet zu imme kommen Jnne un d was ursachen
1203 640 2053 737 aber unnd uff was ennd Hosyr fenmr Domalen nit
1205 694 2059 816 Ing wüßen gsyn) zu gemelten versonen geführt unnd
1214 760 2048 859 neben des selbenn den sydt nit zu thun anngewisen
1217 810 2070 920 mit verneren vermelden wyl der hrr sipalltheiß
1209 864 2064 986 deßelbeng tags Vnnd tundt einen ganntze gemeindt von
1191 917 2071 1033 Jungen vnnd allteng Ann Sydtspflicht zu empfachen
1181 979 2062 1083 Unnd hiemit eing neüwen by inenstenngewohnten
1202 1030 2049 1130 bruch jagzeführen vorhabenns das er deßwegeng
1218 1089 2040 1184 wann es darzu kommen vor der menge sich stellen
1215 1147 2035 1261 vnnd alda Innamen der ganntzen gemeindt dem
1211 1198 2034 1300 hs schulltheißen offennt lach augzeigen sölle.
1205 1262 2082 1376 man sy vomn frey allteng brüchen unnd wryheiten
1209 1311 2074 1424 nit trengen, sonnders by den selben v llgten laßenn
1217 1371 2011 1468 wölle, Da aber sich verstandert annders nit gsyn
1197 1430 2040 1521 den das allein die Ehegiumer grichtssäßen, unnd
1214 1488 2073 1599 gemeine Vff sechen Jug solliche huldigung Vffgemommen
1404 1550 1438 1595 6
1202 1555 2052 1652 werden, die vbrigend aber unog alter brüchems
1191 1612 1677 1707 Deßem Vberhaet syn sillendt,
1876 1630 2043 1695 Das er
1199 1664 2055 1766 aber also wyll fürgschoßen unnd verergerliche
1203 1724 2037 1816 unordnung, durch welliche das gute werck
1168 1784 2055 1882 Vnginderet worden anngericht, habe er nit vs
1190 1850 2055 1952 In sich selbs, Sonnders ob vmeldeter personen Aach
1205 1910 2037 2020 wysnung, sonnderlichen aber nachgemelter personen
1197 1978 2078 2058 verhaltung unnd volgennder Vrsahen gethag, als das
1193 2040 2055 2117 Hanns Herffig von Röttenbuch zu mme gesagt
1149 2096 2004 2194 Habe sy sy ennt schlecht lüth wang sy den sydt
1202 2159 2082 2255 so mag furg also anmutten möchte thugmnt, Item
1197 2210 2049 2312 einer von Burgdorff deßung namen aber er nit
1191 2261 2088 2378 Weiben iin der Stott alhie sich gegen Imne er
1199 2322 2075 2439 flört, das man Ing der statt Jurgdorff
1191 2391 2093 2495 noch niemandt iag der glychen eydes pflicht uff
1181 2456 2092 2542 genommen habe, neben dem söllinnt die e Sumnen
1190 2504 2053 2609 thall sich erlüteret vnnd gesagt haben esy Die
1201 2557 2107 2670 Stoffsisburger (Cillamt disen sydt nit leysteng,
1201 2615 2067 2734 des ach sy den selben nit thun wellint unnß er
1922 2717 2062 2806 welches
