4000 3000
39 108 145 174 154
177 127 981 300 Item 8 habe Balthasar Strüns sohn dersilen
197 193 963 340 inem vattern ein faß entwendet, unnd iht
179 250 943 367 Körtschern geben zuerthouffen, welchen er zwe
190 290 943 408 auch dem oberstäg wirt zu Wyßenburg veh
183 344 957 467 zeschen batzen verkchaufft, dieselben aber zu grih
179 388 726 471 mit geben, sonders hinderhalten.
150 442 951 582 Demthin So habe ein gewüße persohn uß walen
171 520 868 606 zu Wyßenburg zwen böfk, deren deren
895 564 965 632 Bat
184 573 866 652 Annelers, der ander weybels anderisten
200 617 955 724 enttrömbdet unnd imme getringenen verthase
189 657 947 771 welche er hernach auch glychthalt Verkheiset
199 713 816 797 Vnnd von deßwegen wychen mußen
168 767 927 867 Ist zum anderen mal läi uffzogen worden.
197 842 973 961 Wiewol nun  zwar Irn byweßen vorgenandt
204 913 968 1003 Herren erlöitscher von erzelter sirer betheundten
202 957 963 1048 vnnd noch mehrter beklagten diebstiolen, auch an
210 1006 963 1108 derer wichtigen erklegten unnd gezigten wegen
205 1058 966 1144 nachmalen mit höcherer marter uff montag
210 1103 974 1180 1 Decembris) examimert, vnd namlichen einmal¬
202 1153 984 1240 mit dem kleinften stein, demnach ein mal mit zweye
208 1214 968 1274 steinen vffzogen worden, So hat er doch anders
192 1241 969 1321 Vnnd wythers nit bekhennen wöllen, derenweg
214 1287 978 1365 mmne g hit inn geseßenem rhat imne zu wil
225 1335 962 1403 verdienter straaff an das gemeine werck er.
213 1377 965 1458 Ehenndt, das er an demselben mit tetten hinde
222 1430 951 1511 unnd vornen har angefeßlet (als lann ihr
212 1481 940 1548 Ezt gefallen wrdt arbeiben sölle, Dahe
225 1532 871 1607 er dann auch alberet gethürt worden.
285 1603 853 1835 War dicb
381 1802 744 1890 burger allhie.
96 1879 971 1975 Als uff zinstag den 25.n decembris 1615 jars.
200 1950 932 2019 Caspar Mock burger alhie, wie vnnd welcher
209 1971 971 2065 gestalten auch durch was mittel er den jenigen spine
213 2035 971 2106 bieff fundert ein und sibentzig pfundt sampt etlich
199 2082 974 2163 Schillingen innhalts, so wyllundt wilhelm Spir
185 2109 971 2220 yßens deß jungen seligen gsin, am sich gebracht und
209 2155 989 2260 überkhommen Zurcht 183 sammel fennern deß schat
198 2220 955 2318 unnd Burkhart Fischern Großweybel im der
191 2252 987 2368 Mannerkefi alhie mit worten excemimnert vnd besa
201 2311 980 2416 worden, hat er sich volgender maßzen verantwere
182 2415 967 2515 Nach dem er vor vier daren mit gemelten Sprnb
200 2475 972 2573 mit den fendlinen auch inn das webtschlandt gezogen
192 2526 920 2614 unnd volsendts widerumb anheimsch worden, habe
195 2572 961 2666 eines mals begebenn, das gedachter Springyßen
178 2586 980 2723 breme im hinery hußigen der underen stuber ein mh
890 2643 960 2712 Wy
1016 2392 1107 2482 h. l.
1032 2462 1095 2522 storff
1842 34 1940 85 155
1089 74 1923 251 etruncken, vnnd Inn werendem trunck Imme ein
1075 134 1908 305 Soruchtrieff gezeigt unnd darby vermeldet, syn
1069 181 1929 322 Wider selig habe söllichen sange jar by hander
1087 231 1938 380 ohne, Vnnd die Inn demselben vermeldete summam
1085 281 1948 421 von den schuldneren mehrmalen genordert, er aber
1088 321 1945 461 nöge nit wüßen, ob er darumb bezalt oder ob iume
1090 368 1928 505 etwas oder gal nit daruon worden sye, vnnd
1090 418 1935 553 damben imme mocken angezeigt, er wölle im
1096 475 1937 591 söllichen brieff von wegen viler guthaten, so er
1093 516 1939 636 mott imme soo ringyßen den siner ußgestandenen
1100 565 1956 691 gefangenschafft unnd gehabten krankkheit bewißen
1100 615 1958 739 vnnd erzeigt geben vnd schencken, vnd so er etwas
1094 670 1941 786 möge überkhommen, sölle es das synig syn, das
1094 706 1955 830 er mok aber angeregten buekf nachm alen bmbe
1109 763 1924 875 acht derselbig zmme gültig an de handt gegeben
1106 811 1902 922 worden) Vermitlest eines Soruchs allein vmb
1094 858 1961 993 fünff vnnd zwentzig cronen unnd nit thürer, khant
1098 918 1925 1038 lich hingeben, Sye vmb der Vrsach willen beschechen
1105 960 1940 1079 das er denselben etliche zyt lang Inn handen vnnd
1114 1019 1934 1118 nit verhoffet ghan, einichen pfennng darumb zebe¬
1105 1102 1239 1157 khommen
1099 1093 1926 1211 Vnnd wiewol er Mork anred werden mußen
1115 1163 1943 1262 das er an Vnderschidenlichen orten sich baldt ver¬
1115 1213 1916 1325 nemmen laßen, es habe der jung springyßenn
1127 1260 1925 1347 elig iume anzognen biieff von empfangener
1105 1310 1949 1421 guthaten wegenn Vereheren baldt den furgeben
1103 1359 1925 1448 derselbig bezahlungs wyß von imme sprngyßer
1112 1405 1899 1487 an Imne gefallen vnd zue vbergeben worden sye
1111 1463 1951 1540 So Eff er doch endtlichen vff dem Verblikenn, Spring¬
1115 1508 1928 1597 yßen zume söllichen uß erzelten ursachen geben
1113 1563 1937 1649 unnd geschenkt habe. Derenwegen nun g herren
1112 1605 1947 1681 diße alte nit wythers an ine setzen laßen wollen
1132 1648 1961 1728 inders an sin verspreschen ein mel khomen, vnnd hare
1112 1693 1958 1778 inne sambtag den 6. jJanuarii 1616 fars
1121 1740 1930 1822 uff ein gute censur unnd abttag costens auch
1112 1777 1967 1885 zustellung dem herren Großen der jenigen fünff cionen
1118 1833 1958 1919 so er an gemelte zur zugesprochene fünff und zwentz
1120 1876 1958 1976 cronen empfangen, ledig erkhendtt und gesprochen
1119 1955 1244 2012 habent
1143 2116 1745 2221 Juns Miartin
1151 2189 1755 2300 Wasenmeister zu Utzenstorff.
1100 2281 1931 2404 Ulßann Verschiner zysen ihr g ampts
1145 2343 1970 2438 man dem hrren vogt zu frouwenbrunnen klags
1136 2385 1982 2483 wyß fürgebracht wordene was maßen Hans
1138 2434 1947 2538 Martin der wasenmeister wider Hans Mindere
1135 2464 2000 2569 vomm Limpach so höcht unnd schware schmach und tröüw
1139 2513 1969 2611 wort ußgoßenn, das derselbig sith weder daheim
1136 2549 1985 2647 Inn sinem huß noch uff der sraase eheren, libz
1144 2609 1946 2691 unnd lebens halb sicher befinßen khönnen, inn
1885 2646 1965 2704 dem
