4000 3000
52 37 184 133 f 29
71 1580 190 1627 anderen
183 26 1024 189 Ien gefangenshafft geführt worden und darb ihr
164 95 1008 235 Ay vermuftlich fer gefallen, so sich villicht mit
203 152 1037 304 Erschen werkes werde befelet vund rnnsget lihe
152 212 1030 358 Ile ist sy haruff demstich den 17 Ien der Mamenki
187 272 1045 414 Vnd Volhemets den 16. novemoro 1616 4urd zu en
198 337 1042 480 delhe durch vor Vnnd Wob ermandte Herdeng, hehen
190 397 1006 519 Dillung deß Rhats vnnd Zuerkent Eischen Sich
202 452 1026 578 weibel einer unnd anderer gezigenen solcher halben zu
203 515 1012 639 worteng gestoßen worden, welche aber anders it
214 579 1042 705 bekhenmen noch gesteundig syg wollen, dann das nachter
209 644 1016 759 E vß Iremn letten dienst konnen, vnnd Vongedacgt
225 702 1014 820 Subina Suter, welche fra zuvor schon bekhannt
215 778 1028 886 gsiz, frafen der Statt alhie an der Matten by den
222 843 1023 957 Mülleneg vnn ersechner wyß begiegnet siy zwar
224 904 1010 1018 mit der selbeng sch vff die steanß begebung, vnnd gan
216 968 1023 1091 Attigen, daselbstenn gespinnen, gahn wöllen, als si
219 1028 1037 1130 aber mit ein anderen gahr hindelwanneck kommen,
224 1092 1023 1196 vnnd alda In dem Wirts Huß getruncken, da dann
209 1158 1047 1274 Labinag Sutor mit einer gewüßen versag geschlagen,
234 1219 1023 1317 symnnt sy da selbsten ergriffeng, vnnd demnach fey¬
224 1275 1027 1387 gfangenschafft alhar geführt worden. Sonsteg habe
216 1353 1026 1440 N, das gemalte Sabwan Sutor ein sölliche dien
247 1416 1030 1522 ge, nit gewüst, noch gesechenn, das sy etwas vn
173 1482 1007 1584 gebür aaches begangen, noch sy selbs sich mit hurg
218 1546 951 1624 oder nihmichen ennthaten niemalen Vergeßeng¬
209 1599 1005 1698 Wyll dann jrrn g weder uß ihr zusammer Hauß
227 1642 1059 1755 bekanntnus noch annderer gstalten, das sy thatliche
217 1727 1029 1838 ennzuchten venrbracht, nit ersihenung mögen, Alß ist
220 1791 1025 1911 sy demnach Zinstag den 19. Novembris 16 16.
227 1856 1046 1965 ff eing gute censur unnd abtrag Costenns widerumb
215 1915 1026 2045 ledig gfloßen, vnnd fra, wyll E hen Zimlichen
216 1982 1053 2094 argwohn vnnd verdacht, sich vßerthalb der Stott
219 2047 1017 2182 mnndertiste dremthalteg mit ernst ingebend
214 2133 393 2213 worden.
265 2212 949 2331 Stisten Bender ein
341 2290 922 2391 Wetzger Anna Graff und
348 2342 912 2433 Barbara Wyerman, beide
465 2407 753 2485 vonn langenthab.
143 2407 1072 2568 Demnach Christeng Gerwer eine Metzgerkiecht
176 2489 1077 2612 Deme Barbara Wyroman vnnd Anna Graff vnd
177 2535 1053 2686 vom Lanngenthal bürtigs als gewüßer möget zug
925 2603 1053 2708 Faltts
1912 28 2006 79 225
1128 20 1997 130 Jalcken alhie, eines abents vmb mitt nacht da
1101 89 1988 198 selbsteg zum Salckenn, ing einem gemach bysaamen
1669 151 1702 186 .
1134 141 2021 237 erkundtschaffet unnd ob einem durch gemelte mägt
1127 193 2021 295 zu bereitetung schlaaff trunck fundeng, Sindt sy von
1122 252 1985 360 deßwegung nachgehender tagen allen syths hin
1142 303 1995 409 uff Inn gefangenschafft geführt, Volrennts vff
1128 367 2000 478 Donstag den 14 tun den Mannen keff, denmache
1139 417 2021 524 aber monntag den 18. novembris 1616 jars
1131 480 1979 604 zu Marhili alhie der Vrsaheng solcher Irer zu
1149 533 1979 633 argwöniger zist unnd stunndt gehabteng zusamen
1144 597 2016 695 kunfft, was für unngebüren sy by wylen derselbigen
1146 656 2019 757 verubt, auch wie das einen unnd annder sich verloffen
1145 723 2014 843 durch die trommen, fürsichtigen fürnemmen vnnd wysen
1157 779 2012 898 y Jacob Dilliers deß Schats vnnd Burefart
1138 840 2004 960 Hischern Großweybel mit ernstigen worten be
1146 899 1865 1020 fragt unnd zu red gestoßeng worden.
1133 975 1965 1087 und hat erstlichen ermelter Christens Gerwer
1145 1037 2007 1144 bekhennt, es sye uff zinstag den 5. novembris jers
1143 1101 1995 1211 obstadt gedachte Anna Graff zu Immüe kommen, welche
1140 1151 2000 1250 seine Vermeldet, es habe Barbaren Wyrwuag die
1136 1219 2006 1326 Höchi Fra beuolchenn Ieme anzuzeigen, das sy Imme
1133 1273 2011 1381 Duis er vna Wunters zuf uuh der Schab deso
1146 1340 2046 1451 ehr fleysch werdung laße einen schlaafftrunck zwüsen
1158 1401 2011 1492 sölle, welches er mit sampt der Roderen knecht
1216 1459 1270 1515 e
1134 1468 2022 1571 der Inmne sölliches v serdhen zu meßen kommen,
1161 1522 2040 1631 olle, Als mun er zu besuchung disers Schlaaff
1152 1588 2040 1699 sunncks ug hoffnung der Jenig sich vesprochnen
1148 1656 2048 1738 maßen auch darby wurde findeng laßen, (das aber nit
1158 1718 2024 1823 beshechen, Sonnsten er auch Vß blibeng were) Inbe¬
1151 1783 2033 1884 williget, vnnd deßwegen abents vnngefahrlichen
1146 1845 2051 1949 Vnb acht Vhren sich zuug falckenn Ing die Wirtschafft
1149 1909 2068 2018 verfügt, habe die kochen zeürer Ing einen oberey saal
1150 1982 2042 2090 Vornen Har gegen der gaßeng geführt, imme von
1147 2045 2041 2162 der Kelte vnnd finstere wegen fhun unnd liecht
1151 2109 2082 2222 geben, ly welchem er sich unntzit sy unnd die andere
1145 2190 2058 2304 Ege nebentmagt Ihre geschefft, verricht vnnd zu
1149 2255 2052 2355 kommen werdent glegenheit haben halten sölle.
1122 2308 2074 2425 In dem er nun biß zu mite nacht auch vmb ein Vhre
1145 2375 2082 2508 daruch also einzig mit unngebult gewortet, syemt
1165 2435 2085 2558 eintlichen beyde mügt mit einem bratueg kaprnnen,
1162 2500 2074 2636 etlichen wyß broffen unnd zweyen müßen wynns
1156 2558 1880 2692 Da her konmen, welche sy mit ein anderen
1887 2618 2074 2696 gemeßen
1171 2622 1869 2779 albereit angehert, vnnd zusamen gesetzt
1895 2669 2073 2768 Bywylen
1907 2767 2000 2849 aber
