4000 3000
64 54 168 123 20f.
260 142 923 275 u 2n M 2
91 311 965 449 D s uff heylag den 14. aprilis 1616 Jars
196 392 1023 508 Heinnrich Wachter geweßner schulmeister zu ihr
188 439 1017 560 Wisperg, uber gezigte mißhanndlungen unnd ußse
205 509 1045 636 sflarer freüwmundt schelltwort durch die krmmen
205 539 1032 667 ed Sanueb Holtzern daß Schats, Nielauts der
203 585 999 700 von der Burgerens vnndt daund zomz Buren
198 635 996 737 Großweybel fnder mannen keffalhs mit
209 686 1021 795 ernnstafftenn worten examiniert worden, hat
209 740 941 849 er sich volgennder maßen, vanntworttet.
160 852 1035 985 Deß exsten als jenne fürgehalten worden, das
209 928 1024 1028 eteh als er vß gefanngen schafft deß Lochs dhie Lein
209 979 1016 1068 gelaßenn wordens zu Riggtispehrg geredt habe, es
206 1028 1026 1127 synent etlich lüth sub schelmen (an jnn gsig unnd
210 1072 1022 1167 welle all sin vernögung an ein buchser keeren,
213 1118 991 1215 dem schryber zundtjunnekeng zu Riggisperg
215 1175 1014 1256 steinen nachtragenn, unndt sy wo er könffe unnd
228 1224 1020 1309 noge, damit erschießung, hat er harüber zu be¬
219 1279 1025 1356 scheid gebeng, er habe diser lester vnndt frend¬
218 1326 1031 1422 worten nimalg gedacht, wil wenigr geredt, dann
213 1384 1038 1469 er sin Lebtag keinen, menschen niemaleg getröu¬
225 1435 996 1519 fet, So wahr er begere, das Gotte sines armeg
207 1481 570 1562 seeb gnedig sin sölle.
747 1519 807 1593 I
234 1540 1013 1654 hnnoch, als man Iu gefragt, ober dem
225 1614 1009 1680 schryber nit getröüwt, demselbenn das Huß
220 1663 1019 1738 mit phür an zu stecken unndt geredt habe, er
216 1720 1025 1799 hette es schon lanigist gethann, Wann es fnnn
219 1763 1040 1852 nit umb sic deß schhrybers nachburen gsigwere,
212 1808 998 1896 hat er geeentworfftet, das sy nit mahr
179 1861 1010 1939 Dann er weder dem schryber noch Temandten
198 1910 1019 2002 getröüwt, sölche wort auch uß goßen habe
203 1962 991 2051 160 whar als gott enne Hepffang solle.
200 2020 1018 2138 Jenne ist jnnne vorgehalten worden, als die
198 2095 1020 2191 Ebmrtsflutz zu  Riggisperg die Huser vom far
206 2140 1004 2248 lornen sachens wegen zu der zytt durch sicht,
205 2193 1033 2297 vnndt seinng lanndtmanreverenter ein stierlig
194 2238 1018 2349 vkoren, das man hinder Innur Vol Rindtleysch
978 2305 1011 2341 1
197 2289 977 2405 funden unndt inn wenig tagen darnach solte
194 2327 1022 2432 Sannn kienner zu Thun by einem gerwerrt-
189 2390 1039 2512 was zu verrichteng ghan, der selbig eingreude
191 2447 1014 2557 hutt deß vfornen stierlinns Pharb gefundeng,
186 2493 1013 2619 welche ser wächter der gerberspkaufft habe,
868 2550 1034 2646 darüber
1889 40 1974 109 205
1119 60 1988 194 Deeer aber er zu bescheid gleigt enr weibert
1125 139 1974 263 Ishmn stieken er nüt. Wsers aober das Hinder ehen
1147 194 1989 319 undene sindfleyscy anbelangt, habe er daßelbe
1152 245 1979 360 wnlder zweyen maslen zu Themuß dem gfellt
1152 300 1972 405 so er wegenn bewüsten durch fnne geschribenen
1145 358 1984 461 buchs vberkommen, gekaufft, das beiächtig ge¬
1147 416 1970 529 seen, das mochachfia Weysch aber frgesaltzeng
1145 468 1986 580 Vnndt demnach voffgehenncke, vnndt deselben
1143 527 1957 618 etwan ze hun pfunndt gsig. Was damiuthy
1131 579 1989 683 die hut anntrifft, so er einem derber zu Thus
1142 640 1974 745 Vkaufft, habe Auff Zaberg der Metzger zu
1182 703 1242 750 11
1145 698 2016 820 Vermunligen Innne die selbige gebeng zu ver¬
1146 758 1351 851 kauffeng.
1133 828 1980 943 Vyllers als man Zinne vorgehallten, das men
1138 900 1984 1008 inne satte inn der nacht vber zunoißert,
1161 958 1984 1073 halb der Lanndtstraß vnndt gemein gebruchten
1151 1015 1988 1102 wegen mit khäßdung geladen habe stygen z
1169 1063 1987 1177 fachenn, hat er sölliches genntzlichen vneinnt
1154 1127 1963 1211 Vnndt anzeigt, er habe den gantzen winnter
1154 1176 1954 1279 uß kein anderen huß nit ghan noch gräßeng
1157 1232 1979 1337 weder etwann zwey oder drü stuck, welche
1140 1292 1758 1385 Inme die buren geben habennt.
1122 1344 1988 1451 Sapuethi, als man Imne fur das letstobe,
1160 1426 1998 1507 fragt, obman nit znn stuem hußgetreidt
1164 1477 1989 1575 gfunden unndt als die ampts lutt zerr ge¬
1170 1536 2007 1631 ffragt, wo er das bekommen, er geandtwortet
1173 1586 2000 1690 habe, die Predicantig zu Ruggisperg habe
1178 1651 2019 1755 es znner geschennekt, welche aber als sy dan
1179 1707 1998 1799 run gefragt wordenn, nüt darnon wüßeng
1169 1757 2022 1836 wöllen. Hat er geanntwortet, was dißge
1170 1815 2024 1907 treidt anntrifft habe Petter khöüßen wegen
1176 1872 2026 1973 er demselben der bewusten bucheren mils ge¬
1176 1931 2028 2022 schriben, sölliches zu Lohn gebenn: das er aber
1176 1990 2022 2089 gepedt habe, die Predie anntag habees Emnme
1163 2045 2024 2150 werdenn laßen, sye ganntz nit wahr, sonders
1203 2105 1994 2205 i huß frauw habe es inn sinem abweßen
1149 2169 1307 2237 geredt.
1316 2191 1363 2251 1
1379 2204 1426 2281 e
1159 2214 2060 2332 Wiewol ditere Hennrich Wächter, nach dem Eh
1176 2291 2068 2413 y siner sachen wegen lebens unndt sehalten
1188 2352 2036 2447 wegen an vnnderschidenlichen enden Von Gorten
1193 2406 2042 2509 bericht, Innemmen laßen vnndt denselbenn
1193 2455 2052 2561 alberert vmefangs, vff Montag den 17. maii
1194 2511 2052 2629 163r Jars iem gegen würdtigkeit der Promerigen
1839 2571 2019 2666 fürsichtige.
