4000 3000
46 77 157 161 4t.
279 54 1010 296 Mnnn du
208 228 987 394 Jannethin hatt Anna Sthien
188 326 968 481 gesepte Vnan Pornpfrs fruw andaigt
189 444 994 601 3000n vnd fin fruw seiyend ezwan zund
191 549 984 671 2. oder 3 mal by ihnen zu herberg gin herre
189 612 972 732 wärche unnd flacht uoffkoufft und fürgeben
196 683 966 805 wollind es hin, vnnd wider fragen, Vnnd
207 741 975 857 zkauffen: Er man sie zum hytten dahin
198 812 987 944 shu wan sy alla  herbeg gsin, Habend ds
207 882 987 1017 etwan Ja fruncken, Vnd einesch habe Eben¬
210 969 995 1098 diht Somffer auch ein Prunck mit Ihren gehen¬
173 1072 976 1225 De gernn rock, den siy zrkouffen willenn
221 1165 980 1294 sy fra von Irem vorigen man geben worden
216 1235 975 1352 den habe sy uomb 4 f brkouffen lellen
227 1311 972 1419 welche sy einem geben mußen, der dsy
233 1378 984 1486 sonst vß dem huß (wyler die fumm duff
233 1440 977 1557 gefordert) buben hette. Die fenige gosten
224 1515 981 1625 aber habe den rock nch kouffen wollenn,
221 1586 999 1711 nith deswenig aber Fra die G.  dürg¬
196 1653 368 1757 setet.
470 1678 529 1769 6
877 1712 935 1763 d
207 1747 986 1881 ier Zeuigen schwartzen huß zu chenen reck
203 1829 998 1943 den sy der Elßbett küfferin geben, habe
211 1892 990 2015 sy vß ire wullen (dan sy atwann
216 1966 981 2082 oder zo schaff ghon ) mafhen laßenn
204 2035 996 2158 Den habe sy zwar hievvon der forher g
217 2101 996 2234 ghen, sye aber fra von derselben weidern
228 2177 336 2269 wort.
219 2254 1004 2426 Dhabe dem bavon vnd finen schalen
219 2367 1019 2487 me kuchlebt. allein als sy einesh irn fr
215 2421 1020 2556 Ingeachte, vnd sey mit dem Kechlei ferti
209 2493 1019 2618 ghin, habe sy die küchelpafannes Bag
196 2580 1020 2710 fruw geben vnd gsagt, soy ölle uß kuchten
1038 1923 1140 2003 nach zu
1028 1998 1155 2063 näris e
1025 2028 1116 2109 fragen.
1859 31 1966 128 45.
1112 143 1991 361 Sahe vnn Pabon nie mitt kaufft, aber von
1127 238 2035 413 fie frouw Tedl, nemlich ein wulthemlin steig
1119 291 2013 482 ste nit mhre, wie thue. Habe iune Baro¬
1137 353 1992 525 nie kein manfel, noch wullhembd gsechenn
1122 495 1341 607 feil haben.
1108 534 2021 741 Immithin habe sy von einem, so sich Hanns
1138 615 2033 794 geanstelt, vnd ein furtze peson seye 2 olle
1148 692 2054 861 Cnin Such kaufft, dannm sey Ihme 2 Lrut
1104 736 2019 939 Jickenn i leib brot vnnd ein bite fur
1142 814 1999 999 gebommen, habe fürgeben, beinge es bou
1149 893 2044 1056 Vollothum. Dister habe ine dan ein eintzig
1148 976 1692 1130 mal ihm ziem huß gestenn
1151 1082 2042 1248 Sonnst habe sey von keinen kandtfrychern
1150 1205 1559 1308 niesuntt koufft
1166 1268 2031 1411 D 22. Decmbr 623. Ist dise Anna Schuner
1181 1364 1865 1480 ffein censer ledig glaßenn worden.
1163 1555 2066 1712 Mag att Balen Vege Schulers
1173 1662 1850 1770 frono ht Germeldett
1165 1728 2092 1861 sy sige vor 2 Paren mict einem, dehran genamen
1175 1819 2082 1934 vomvouppen gfencklich allher gebracht worden
1169 1877 2065 2032 habe keinem hudelgfind nie nütt abgnomdenn.
1184 1960 2112 2107 Vilweniger Im duem namen Conzit berkaufft
1170 2034 2064 2165 sonnder was sey für zug vrkaufft, dar Eyr Er
1172 2104 2081 2242 eigenn gfin vnnd hab dhnn Jarum verkhuff
1160 2155 1903 2289 Dann sy hie kind erzüchenn möchte.
1178 2228 2060 2419 d efegter Hans (so ein kurtze personn
1187 2331 2082 2478 sye d hab Im einest 16 ell Jusch geben, Ihme
1182 2401 2065 2540 und einem bub, jedom ein lemlin zumachen
1173 2462 2077 2613 sy habe mnit gwust, das sy söllich fuch gstolen
1170 2535 1336 2648 ghann.
