4000 3000
57 103 143 155 148
56 135 167 206 ewachsen
66 191 147 239 eüber
185 83 991 243 kinden dorch gedachte Steklerin entwerdt, vnd
194 172 979 289 liche deselbigen dia widerumb abgetrungen woren
195 204 925 320 srundt, Vnnd deßwegen sy Inn die Wyberkel¬
189 261 973 357 unnd haruff donstag der 19ten octobris durch hu
936 277 998 347 gl
191 297 963 410 Großweybel Peschern daselbsten imn der wyben
195 348 958 452 lofft mit worten examimept, volgendts aber
189 397 1002 522 uff Montag den 27. liustem octobris 16 j
190 431 951 532 Im die Mannenkeli hinüber gefhürt unnd alle
193 479 960 597 uber geklagte irbstäl imn gegen würtigkeit
192 524 966 630 der fromen, fürsichtigen, furnemmen vnd wyßen
185 575 965 677 erren samuel Holtzers deß Rhats Jacob
197 627 978 734 Kochen der burgerer vnd errstgemellen Herren
195 672 966 775 GroßweybelsFischers mit dem zumyßern
194 721 983 824 notwendigster maßen gefeckt vnd torburins
201 772 933 874 worden. So hatt doch unangesechen sölche
195 821 973 927 marter sölliches alles bey dra andereet
195 871 963 965 gebracht noch gewürckt, dann das sy mit
207 922 999 1006 unnd dume marter erhalten, das angefregte rüben
204 970 972 1070 niemandtem veruntrüwet, sonders die selbigen
188 1023 1002 1107 In zweyen garten betten erzogen, vnnd gieneben
201 1068 980 1140 einiche andere diebställ nit verbracht noch
208 1121 993 1202 gangen habe, auch söllich ihr fürwenden, das
211 1167 996 1255 selbiges angezeigeter maßen im grundt der
214 1220 986 1310 warheit beschaffen by dem lebendigen gott
229 1272 992 1349 vnd verpfendung hrer seelen Steligkeit, auch da
212 1318 1001 1396 sy gezigener sacheen schuldig, s zum wortzeichen
224 1376 986 1436 vff dem platz blychen, vnnd deß gächen todts
234 1422 998 1489 terben solle mehrmalen underschidenlich höchst
218 1472 989 1547 beth�ret unnd bestätiget. uff derentwegten
208 1524 994 1596 Im bedenten der sach geringer wichtigkeit und
224 1562 1006 1643 geklagte diebstab uff sya nit erwaart werden.
219 1610 1001 1699 megen, vff den tag den 28. Octobrs 1685
218 1647 1007 1728 hars mit einer censur unnd vermanung, sich
212 1710 1013 1794 furohin vnargwonig ze halten, vff abtrag esten
210 1759 630 1843 ledig gelaßen worden.
248 1840 957 2032 Rudelch Solenstem
266 1990 913 2086 Uß Zürich gebiet unnd Maa
297 2060 920 2145 Halena Har von Langenthal
182 2154 1004 2278 Diewyll dißere zwro persone sich so wyt nit
806 2220 996 2311 er trolenstin
207 2245 784 2339 gaumet unnd vergäßen, daß gedach
200 2269 1001 2368 uff sambstag den 14. octobris 165 Jars aberdt
199 2343 988 2411 zwüschen funff unnd sechs uhren als er nit wyn
218 2371 1005 2468 belerden gsin zu gemelter Magdalten Spar im
203 2416 997 2515 Hr Hants Rudolphen vor Grafenirdt Gardt
194 2473 991 2576 schrybers bydem sy domalen gedtent huße m
213 2513 992 2621 abweßen sin deß 1 wie auch der frouwens
197 2571 977 2666 Jennes durch syn Magdalna gegebnen (arlaße sich
194 2587 1007 2711 verfügt, alldn mit ein anderen graßen und sint
197 2659 997 2761 auch demnach ien deß hrren unnd frauwen eiger
1035 1083 1096 1146 shenf
1032 1133 1096 1202 poar
1856 28 1966 98 149
1098 84 1896 227 nen vnnd Sollaaffbecte Ihr geliger genommen
1098 110 1944 275 und dahelbig vereitleff ihrer verybten schandt
1105 183 1941 314 odee unnd bübery der gestalten vermaßget unn
1103 214 1924 353 erflickt, das es vor ehrbaren ohren zemeldenn
1101 259 1926 400 ngebürlich, einen nachberschafft, aber daselbsten
1100 303 1956 452 so es gesechen, wol dun wüßen; neben dem denne
1097 364 1901 499 gegen den zeingen, welche sy beide sampt einem
1103 403 1907 534 anderen geweßen landtmas von Böchstetter
1094 444 1973 594 wichel farter genampt) unnd einer anderen dienst
1100 509 1888 627 magdt (welche aber mit einanderen sich nützig
1092 550 1911 681 vernischt) ob irem lasterhafften weßenn
1104 600 1928 723 vereommen unnd erdachret, sölche ungehorsamme
1099 652 1958 768 grzeigt, das sy nit nut die stuben thur, darinen
1102 696 1922 818 bysaamen gefreßen, versosert oder verbunden
1111 753 1956 864 vnnd anfencklichen niemandt hingn laßen wollen
1111 800 1922 910 sonders auch nach dem sy vff der begerenden
1902 844 1965 925 s
1101 858 1899 968 styffes anhalten die thür einmal geöffnet
1100 901 1925 1022 gegen Vernd wider dieselben zu weher gestellt
1096 951 1922 1060 vnnd mit trutzigem bescheidt begegnet, Darumb
1108 1012 1977 1103 dann selbigen abendts alle wiere Im gefangenstchafft
1099 1055 1908 1174 gelegt, vnnd nachaalen über solchen mit wiblenen
1112 1107 1905 1203 erstlichen mit warter examiniert volgendtn
1106 1155 1914 1252 aber uff montag den 30. octobris 1615 duri
1100 1204 1950 1302 die eherennesten etc. Hr Jacob Thorman deß Rhatz
1108 1250 1903 1365 unnd Burkhart Bischern Großweybel mit
1114 1305 1922 1409 betröüwung der marter deß Dunyßens unnd
1098 1357 1943 1453 fürstellung deß verschmächten dieners alles
1102 1410 1927 1503 sernfts befragt, dardurch sy beide dann ver
1114 1455 1953 1560 brachter vppigkeit unnd schändt bekhandtlich un
1124 1505 1925 1590 mred worden, die anderen beide aber deßhalben
1103 1550 1922 1638 entschuldigen geholffen, sindt sy Holenstein unnd
1107 1588 1988 1694 Soalm haruff uff Montag den 130. octobris obfahl
1120 1637 1934 1732 von mmmen gnedigen sonen den Rhätere zu Wolven
1120 1696 1832 1788 treter traaff ihrer hury unnd ehebruchs
1134 1749 1941 1835 ey inguat Cang an das gemeine werck erthendt
1121 1794 1936 1878 dr überigen beide aber wegen sich kein that uff
1110 1857 1952 1949 sy erfinden mögen, ledig vnnd loß vff ein Consur¬
1112 1911 1505 2004 hingelaßen wordenn
1154 2029 1798 2163 Brochen Lischer uß
1511 2120 1704 2203 Bisenbach
1256 2136 1509 2213 der kirchhern
1486 2183 1572 2265 Er
1090 2172 1952 2313 Diewyl Doriffeae Ercter, Centhoni Curter¬
1106 2259 1979 2379 zu Hofen der kirchheri Uisenbach geseßen, eheliche
1123 2306 1980 2417 hußfrouw sich so wyt vergeßenn, das sy das erste
1127 2356 1948 2462 khindt So sy by gedachtem Ihrem ehemann vor
1136 2417 1976 2515 vngefharlichen zwey vnnd zwentzigfaren In wo¬
1132 2454 1979 2555 ringer ehe bekhomen unnd an die welt gebracht
1115 2503 1964 2597 Ime Curten als furgebenem vattern deselbigen
1141 2545 1985 2642 etelich zugeeignet, der es dann auch fur dar
1142 2588 1999 2681 synig angenommen, vnd neben anderen seinen Enden
1129 2630 2003 2746 biß Ins die einlif dar mit gebürender notwendigkeit
1799 2690 1981 2778 erhaltern
