4000 3000
74 77 149 157 52
584 116 676 229 12
255 168 317 242 1
153 194 939 320 vermeldet unnd angezeigt, des k
177 253 944 354 Müller mit siner tochter Madlene
179 293 946 408 thun gert haben solle mög aben sene
192 336 948 457 nit wüsen, dann hyn tochter hingse
691 395 765 432 wn
202 393 942 527 ohür denn müller der eyd gebenwe
75 479 924 602 Verner sosyen erliche von Hursellen
117 552 936 656 Derin aber keiner Ime beckant zus
159 609 921 702 Inn synhur komen vnnd darnach
183 649 941 742 ettwan einer mit der Tochter mid¬
191 713 428 801 gangen.
847 748 878 809 1
168 799 948 900 Item so sye einer von Chnn, der Juna¬
180 857 947 947 Vnbeckant Inn inem zus zwen
194 901 954 990 tag gsin unnd by dem urs sinertochten
185 940 945 1032 gelagen, wellicher sy ouch thelichenn
125 991 950 1084 Wellen sy aber Inn mit nemen wellen
186 1045 938 1131 habindt ouch mit ein anderen gäse
151 1087 942 1174 vnnd truncken vnnder gefangne ha
164 1137 862 1228 sy hießen zu ein anderen liggeas
755 1240 934 1325 e
759 1321 815 1364 de
221 1372 958 1499 er sehls dun
519 1472 827 1529 i eefrouw.
492 1509 681 1572 M
87 1517 839 1623 Allsdann disem Margreth Gen
852 1532 963 1620 si u
194 1592 950 1673 obnermeltem tag ouch iun bsydeas
203 1640 938 1716 obanzogen txaminiert wordenn
179 1689 956 1761 Die hat nun vber die fra fürgehaltnen
195 1728 942 1808 trag gnnsten volgenden bsheidt
92 1773 943 1861 zzu antwortt ermolgen laßenn
74 1863 145 1947 1o
189 1868 945 1978 Namlichen vnnd deß tosten wie de
77 1930 960 2024 y zu ziglen zwen ahren Höfenend
78 1991 957 2070 zuckevndet welchen der eine
122 2037 950 2112 dem jänigen vmbhin sye deorden
81 2081 957 2172 Den anderen aber hab sy alhie fundt
207 2134 954 2219 han einem Stattman so ira vns¬
146 2182 565 2273 ekant, verkaufft
180 2244 392 2333 demed
138 2278 953 2380 So habe sy ouch anobanzognem orth er
152 2343 946 2434 halben leyb Brott vnnd ein Bitzen
881 2392 954 2468 zu
183 2400 863 2491 kass, so daby gelagen bekommen
128 2427 957 2549 wellichen diebstälen ya die große sy
119 2502 953 2590 ers noth getriben dann sonst hien
179 2561 953 2652 vnnd nach sich gar nit erfinden der
188 2626 770 2703 gettwas verpntruwet
82 2644 875 2749 dwotwoder dldener
994 441 1040 484 1
1864 17 1940 104 93
1172 73 1914 181 bi such gewögen sy sich mit
1100 135 1938 249 Woff Pfiffspig gschen mit wnn
1049 183 1946 289 ushheit vergangen un die gfangen
1084 260 1373 349 schafftkomen
1069 318 1956 457 Item so habe sy sich auch mit einem keyer
1082 389 1925 482 josich Reggli Wamset zu thun nit
1054 447 1674 541 unkhüsthheit vergangen
1023 509 1947 636 Eedtlichen als sy befergt ward, wie offt
1091 583 1952 656 sy mit daniel Stumkhi vnnd irer
1073 623 1967 711 sriefftochter Ursi gäßen vnnd trungken
1065 662 1983 757 unnd wieofft sy imen zutrincken greich
1080 711 1956 801 habe, item ob sy nit gwüßt das er sturk
1089 754 1964 831 by ursi übernacht blybe hat volgende
1091 792 1940 877 bscheid gaben, das sy uber einmal nit
1076 841 1940 915 mit Imen gußen vnnd trunffenn
1078 870 1911 967 habe, Inen ouch kein wyngreicht
1064 919 1893 1001 unnd obglychwol sy gwüßt, das er
1075 961 1950 1045 Stuckhi by frar stiefftochter Vosi ligge
1076 999 1955 1084 So habe sy nit nit darnon sagen dörffen
1056 1044 1953 1139 dann sy hierdurch übel gschlagen unnd
1089 1086 1937 1175 ghaßet worden, vnnd alls sy vnnd ir
1055 1140 1938 1222 Eheman Bauli Wyler uff einzytt uß
1092 1179 1980 1279 h Felsen Räben anheimsch worden habind
1094 1236 1940 1322 sy inne stuck im hus sy ursi nächt
1098 1287 1968 1367 licher wyl funden vnnd alls Ir Eheman
1106 1321 1954 1412 ybeide harumb beschultten sye er stucke
1088 1378 1948 1462 hinwag gloffen mög aber nit densen
1074 1435 1961 1511 Pohin vnnd gesagte Er tochter Ium noc
1100 1471 1946 1548 zu dem so habe ir stiefftochter Ursi Er
1091 1526 1940 1601 gliger inn Hanns Berchmans ires
1034 1560 1934 1652 Schwagers hus ghaw, so sye sy ein gutte
1086 1614 1941 1706 zyt zu thun gsin pend underen otten
1091 1661 1954 1758 allda gearbeittet Allso das fravon diser
1119 1713 1931 1798 ach nit funwüsen sy auch deßen
1084 1766 1919 1825 kein Vrsach sye, damn sy mehren theills
1087 1811 1668 1906 den ußeren haben müßen
1074 1894 1470 1984 Birret umb gnod
1427 1963 1914 2069 Ist erstlich fär uffzogen
1464 2041 1655 2104 dnorden
1089 2124 1953 2215 Ist uff feytag den 25 novembris 16 4. jari
1101 2177 1904 2260 Vonn dißer Irer Vnthaten wegen zwo stundt
1106 2226 1872 2307 lang anßas halßyßen erkhendt und gestellt
1099 2272 1251 2337 worden
