4000 3000
31 70 165 130 102
185 86 942 259 venne dmm Hanns Wielandts zusichen
163 172 939 300 utti ein stuck fleisch ab einem bachten
160 229 935 367 geholuren unnd selbiges entragenn.
142 324 935 447 Do syn er ouchzweymal wider mynen
72 395 932 485 9 h mandat unnd verport in kriee
143 445 941 544 sogen, vnnd vnder trömbdt houptlute
114 495 947 592 gedinget, da der eine houptman Baul
179 546 917 654 Stoffer sich namse von zugpürtligen
68 646 950 768 Denne so hye er diben monat langvnde
92 713 942 804 Oden Landtsknechten gsin vnnd mit
122 777 655 864 Inen hinweg gezogen
185 892 951 1002 Pittet gantz trungenlich vmb gnad mit
208 961 945 1059 anerpiettung sich inn das künfftig
192 1020 743 1109 nnnehrlich gehaltenn.
126 1309 897 1429 paiis Semt
390 1381 743 1474 von Vechingen
195 1417 270 1512 16
169 1494 939 1587 Paulus diem von Verhingen wegen er vor
450 1558 482 1585 1
227 1558 967 1619 etwas zyt yßme haggen zugericht oder maschen
222 1601 965 1672 laßen, deselben by nacht in das closter Thaber
229 1652 946 1702 an einem seyll geworffen unnd au demselben
225 1682 974 1766 sich uff und jahin gezogenn, daselbsten etlichlein
216 1729 941 1792 tuch entzucht unnd gestolen, Item gare unden
215 1775 964 1857 hut enttrombdet, denne flnff faltsche schlüße
220 1821 958 1899 hinder imme funden worden. Da ser angezeigt,
218 1861 943 1942 ein keßler den einen ihmme geben und gelaßen, mit
215 1909 955 1982 welchem er volgendts einen trag geöffnet unnd
216 1954 959 2032 also die überigen vier dem nach auch machen casom
200 1996 954 2089 f uff 26 julii alhie inngelegt, demnach vr
210 2037 959 2123 29 augusti 1664 jars widerumb ußgelaßen.
225 2086 965 2181 unnd mit dem bydt für der Burgeren zu ufh
224 2141 537 2218 verwißen worden.
171 2204 970 2321 Dißer vort vnnd articulus Ist an sin ort zureferi
215 2280 405 2346 vand zu setzen
190 2335 601 2443 referentus at paginam
610 2357 700 2451 1.
1790 -7 1911 92 105.
1127 57 1737 198 Romelius Cantua von
1147 124 1817 248 Crauadona us dem bertzogthumb meylandt
1051 176 1770 343 resdam hometius Cantua, buertig von
1078 226 1958 372 ff mitwortenn den 21. decembris 1614 jars durch
1010 281 1947 417 die ehereuueffen uc. Herren dand amman des Rhate
1073 324 1961 452 Johanns Frfischhertzen den jungen unnd damid von Bürer
1072 371 1907 494 Grschweybel der jenigen sorten gelts halben, so er
1081 426 1924 530 Ien funer gnedigen Herren vnnd Oberen gebiet daße
1078 470 1948 576 oberlandts an underschidenlichen enden unnd otter uffgeben
1082 510 1917 617 zusambt wie unnd welcher gstalten er sonsten auch mit
1088 555 1911 678 h elz vnderthanen vnbgangen vnnd gehandlet, zu
1084 607 1931 726 Martili alhie mit eresthafften wörten betragt worden.
1085 658 1768 764 hat er nachvolgendet maßen sich erlüteret.
1054 710 1926 824 Deß ersten als er befragt, was gättung unnd wie vil
1087 762 1976 861 der jriigen taberen gein, so er thern ußgeben. antwort
1088 814 1928 903 es wendt ungefharlich by joo gsin, welche theils man
1076 863 1943 946 tuamer, theils Modeener gei vnd geweßen, vnnd habe
1052 911 1916 993 dieselben, wo er sy ußgebënt, by nachem soll widerumb
1092 948 1904 1044 uffgewachhlet uind wo ime etwas sye genorderet
1094 997 1937 1074 worden daßelbig ersetzt und gut gemacht, wie dann
1089 1043 1880 1129 s Casslan fhun zmme deßen ein jüg syn werde.
1083 1098 1904 1192 befragt, wie thür er die fürigen thaler ußgebenn
1098 1151 1950 1242 Antwart: Jeden vmb 17½ batzen dieselben aber wie
1097 1199 1928 1272 geemeldet widerumb uffgewächtlet unnd heim getragen,
1092 1244 1829 1316 knnd möge nit wüßen, wo sy geschlagen worden
1082 1281 1967 1383 befragt, ob er nit vom sölcher taleren wegen gestraafft
1103 1348 1949 1439 worden. Ant Er sye von der hürigen und frendigen
1097 1395 1928 1460 wegen zu Thweysinler 14 tag im gfangenschafft
1103 1441 1961 1513 gelegen unnd noch darzu umb 34 taltr gestraafft worden.
1097 1488 1903 1564 vnnd darby vermeldet, es habeit andere nehr der
1097 1534 1911 1619 glychen taler im das landt gebracht, als Anthoni
1088 1585 1922 1658 trumer welcher en Throne dahem by vngefharben
1107 1620 1923 1687 600. Item so habeit auch grad jhr g underthaner
1101 1678 1658 1752 selbs sölche staler dnns landt bracht
1085 1722 1953 1792 sonstea habe er niemandt beuolchere die taler in das
1100 1777 1911 1849 lauft ze bringen noch ime zuzeschicken noch auch er
1097 1820 1952 1887 dieselben inn das landtbracht, sonders sine gemeinen
1101 1863 1932 1923 als sie bruder vatters bruder und Bartholemer de
1098 1910 1950 1993 dempusc habent Imme dieselbigen Inn das landt vber
1109 1958 1203 2018 schicke.
1061 1993 1922 2093 Befragt, wer solche taler geschlagen, vnd ob er vnnd
1107 2063 1965 2137 ie consortes nist mit den beingen, so sy schlachendt ge-
1113 2105 1947 2177 meinschafft habnnt, Cnt, Möge nit wüßer wer
1097 2158 1946 2234 sy schlache, dann er deßhalb mit niemandts seinichen pact
1099 2197 1920 2267 habe, vermeine auch nit, das sine gemeiner inn der
1106 2245 1943 2327 sach vergriffen syendt, dann er nun by fünff oder
1101 2285 1877 2374 sechsmonaten continue im landt verharfret sye
1063 2322 1953 2429 Die dickenn demnach belangend, so er im landt ußgebenn,
1116 2391 1937 2469 gendt dieselben Imme von Cnthoni Zenger sinem diener
1113 2429 1991 2516 welcher sy von einem caurentz genampt an der Wallige
1104 2485 1971 2560 beig uff der lüwe für ungeshallich 50 f empfangen
1103 2528 1923 2604 habe geliferet worden. von welchen er der statt
1107 2576 1956 2659 halterin Rägertzin wegen sy daruon haben wöllen
1112 2612 1917 2705 fur 14 l geben, Sitthar aber dieselben widerumb
1752 2680 1917 2752 abgenomen.
