4000 3000
91 541 119 602 5
87 868 132 936 3
102 1917 128 1985 6
95 1070 151 1146 4.
83 19 176 107 33
87 103 128 170 1.
105 1451 165 1531 7
167 82 860 202 Deß ersten, was angeregt khindt belangt
873 166 933 225 sye
189 165 955 275 weniger, dann das sy deßem zu Burgdockf im dag
199 193 919 291 aber nit hur konen, sonders an einem andere at.
197 233 948 345 einem stall im byweßenes der jungen würtin zur
204 282 955 387 mrßenn unnd söllichesmorgens frü gegen tag beschen
198 308 963 431 eb sihe aber das khindt todt worden und uff die wellen
201 357 945 454 khomen wegen i etwas zyts vor der genißt ab ein
203 399 960 501 büeshen also erschrocken, ihtem das khidt ein nonat
204 438 967 543 fer worden, auch dem bysin zweyer mannen, so ihn
207 492 761 550 gebekhaendt gsin, vergraben dm kilchhoff
186 524 964 634 eingegen aber sy nachmalen bekhenndt, das zwar Ihn keit
200 577 951 663 eßen sy em stall im straubett genüßen, lebendig w
203 618 968 715 alß sy aben geschlaaffene unnd das kheidt by dra am be
207 668 960 754 gelegenn, sye daselbig im schlaaff under sya getrolet
209 711 972 807 der gstalten unnd maßer, das sy es zertrufft unnd nach
207 754 975 843 dem sy erwachet, sölliches todt fundere, welliches aber
200 796 888 885 bheing wegs mit item willen beschechen sye
203 850 964 949 hat aber auch bekhenndt, es sie das khiidt zun allen
210 917 966 992 genißt dia zwüschen den bensen erstickt unangesechen
216 957 986 1045 sy sich zum weiender schwengerung über den lyb nist hetten
206 1001 870 1085 als sy sonsten ze thun gepflagt, gebunden habe
200 1066 960 1142 betreffend zu welcher zyt, an welchem art unnd wie
215 1114 970 1186 sy das khindt vergraben, wormit sy das grab gemacht,
213 1158 967 1231 zusampt wer darby gsin, hat sy angezeigt, habe das
216 1202 982 1279 khindt morgens umb vier uhren dem kilchhoff vergraben
222 1249 966 1316 unnd das grab mit einer schuffel gemacht, sye aber
216 1286 752 1356 niemandts darby gin, dann sy allein
200 1331 943 1401 Baldt aber widerumb gesagt, das zwen mannen by
219 1384 978 1451 der begrebet deß khindts gsin, auch zwo brudersfrouwen
218 1427 561 1488 dro bygewohnt habent.
197 1467 959 1534 Betragt wordenn, wer gemelte zwen nannen, vnnd
223 1514 969 1578 wie sy bekleidt gsin, wie sy gheyßen unnd was sy mit
221 1555 977 1626 dia gfredt. antwort als sy das khindt begraben wöllen.
225 1601 965 1640 syendt zwen mannen dun Schwartzen bleideren zu Ta
219 1639 951 1698 khommen, welche sya gegrüßt unnd gheyßer bättenn
227 1684 965 1745 unnd sich gesägner unnd schwar habe sy vermeint, es
220 1715 977 1787 wärndt gemelte zwen mannen lüht wie ander lëcht
225 1758 968 1814 als sy aber sich uff derselben ermanen hin gesägnet un
213 1799 959 1870 bätter, syendt sy von sdra vorschwunden. Sonsteme
216 1840 968 1905 habe der ein unnder denen mannen sich genamet (Jagg
210 1881 506 1944 unnd der ander stiggl
186 1914 983 2003 Dene hat sy bekhendt, es syendt angeregte zwer mannen
213 1967 978 2036 zu Fra iunsden stall, dannen sy genüßen, auch khomen
212 2010 977 2101 unnd dra umb den byschlaaff angehaltenn, welchen abe
214 2062 972 2131 sy inen gentzlichen abgeschlagenn habe und sy endt
198 2112 843 2184 Jomalen sy die mannen schwartz befleidet gsin
95 2140 978 2234 8. Danethin so syendt mehrgemelte beid schwartz bekleidete
213 2203 963 2272 mannen nach etwas zyts dra inn dem waldt nach
203 2240 972 2321 Krauchthal zwüschen Krauchthal unnd burgdockf begegen
198 2289 972 2362 welche sya gegrußt, vnnd abermalen Ira vmb den bylen
211 2333 975 2402 angehaltene auch gelt daruff hin gegeben, sye aber ine
208 2378 966 2453 nit zu willen worden unnd das gelt, so sy vermeint
200 2411 953 2491 ghan by vier batzen hym, mir einhin laub gsin uff
198 2439 976 2524 weliches der Niggli unnd sy einanderen by der handtghan
205 2497 968 2569 welichen sy dann gekhüßt inn das angesicht, derselbig
210 2529 985 2616 aber sy den gstalten an der rechten sybere angeniet, da
205 2566 986 2660 es im wehrs gethan unnd sy deßwegen zehns geschudten
191 2613 982 2696 habe, uff weliches sy beidsaumen verschwunder sytendt
1833 55 1921 127 83.
1097 99 1810 224 onstenn schabet auch mehr gedüte zwen manne
1108 162 1988 268 sei gheyßene gott den Heren ihren schöpffen zuuer
1100 213 1957 313 lougnen. sy aber inen in dem im wenigsten nit gevolgt
1108 263 1347 336 noch gehedammet
1100 274 1962 393 befiagt mit wem sy sich ußert Heinrich Wiegsam sich
1107 334 1970 431 der genißt wythers vergangen habe. Antwort habe sich
1109 375 1970 470 wol mit siben personnen vermischet. Als under anderem
1115 421 1982 507 nit dem hubrit zum affen, welcher sy im Bremgarter
1114 462 1929 555 verscheidenn unnd ira einen batzen zu lohn gegeben habe.
1100 506 1955 598 demnach mit dem becken im großen spittal (habe derselb
1118 559 1946 638 men loten bart) der dann sy setts iem spittal getaget
1115 583 1970 678 nderlichen aber uff ein zyt vor der Rüwenbrugg mit sich
1106 640 1971 723 heim gefhürt unnd dra vier schilling auch mütschen zu lohn
1108 675 1943 767 habe werden laßen. Deme mit einem frömbden mar
1109 718 1968 807 habe sy sich auch vermischet, welcher ya hinder ich uff sin
1106 761 1955 854 roß gegen buchser zu sitzen unnd ryter laßen unnd trat
1106 814 1649 901 einen crützdicken zu sohn geben habe.
1092 849 1988 966 Ist erstlichen lär, demnach mit dem kleinsten stein, denne
1119 914 1929 995 für zweyen unnd danethie mit digen steen spffge
1107 977 1328 1044 zogen worden.
1103 1003 1934 1104 hat lestlichen anzeigen läßere, habe da mit dem
1110 1071 1952 1149 was sy bekhenndt unnecht gethan wegen großer marter
1080 1124 1807 1215 buterflechenlich umb gnad unnd verzychung
1096 1197 1154 1294 11
1099 1257 1972 1352 urwol uff sambttag an 17 septembris 16 4 jars
1113 1326 2003 1392 urch de eherenufften etc. Herren samuel Tennern deß
1112 1372 1991 1436 khats, Damel Aagli der Burgeren und Michel Fröüwde
1115 1421 1975 1495 eychen, kemmen deß Schathußer vnnd Statthaltern mehr
1115 1464 1971 1542 gewelte Burbaerd hart von Ihrer sachen vnnd anzogner
1113 1508 1941 1581 durch sya bekhandter articlen zu Martzili abermalem
1109 1554 1989 1609 mit einst geexammert unnd erstlichen cär, demnach mit
1106 1598 1953 1655 dem kleinen denne zwey mal mit zwegen vnnd danethe
1109 1632 1929 1709 mit digen steinen uffgezogen, auch noch za der vierdt
1116 1677 2002 1757 getreüwet worden, so hat sy doch nit nur nüt bekhennen
1107 1720 1994 1778 wöllen, sonders alles das, was sy nechermalen bekhendt
1100 1762 2018 1849 Jetzendt vernemnet, mit vermelden) das sy da mit demselbigen
1116 1805 1931 1881 elbs unrecht gethann unnd sonsten im rberigen ihr
1107 1847 2022 1929 khindt nach by Burgdorff unns einem stall imn byweßen
1104 1896 1962 1960 zweyer biuderswyberen lebendig an die welt gebracht
1106 1941 2019 2011 unnd als es glych gestorben, daßelbig im gegenwürtigkeit
1107 1976 1921 2056 angeregten wyberen durch zweer da unbekhandten
1110 2019 2023 2106 von znm wyberen darzu erkhießte unnd schwartz bebleidet
1097 2061 2014 2156 geweßene mannen morgens gegen vir Vhren ordenlichen
1105 2111 1865 2197 Im kilchhoff zu Burgdocff habe begraben laßen
1071 2154 1932 2260 ist uff montag den 19 septembris mit ruter
1094 2225 2023 2309 ußgestrichen unnd volgendts mit dem eydt von statt
1112 2259 1644 2341 ubende landt verwißen worden
1100 2314 1995 2425 Nota, das zwan (wegen Irer lychtfertigkeit) Jra
1113 2375 1969 2457 der bydt nit gegeben, dareben aber angezeigt worden
1099 2410 1981 2526 Im thal sy therners unnd wythers im hrn gslanden
1106 2455 1966 2571 betretten, man syn als ein meineide vnd eidtbruchige
1078 2498 1469 2584 ersohn straaffen weide.
