4000 3000
43 93 139 178 48
176 235 975 403 Hanusvriben
259 344 970 472 Boren Patter kinden
167 516 953 675 No dam Hans Gruber
173 622 935 753 vonn Pätherkoden der Bogsy Landthoz
193 703 940 839 uff disen tschiemen aucien Mäni by
198 775 953 891 nacht Zueuhe mits ettlichen schuyren, vnd
198 838 947 952 huttenn zum Zummerlicken komen, Vnd fir
862 927 937 995 das
200 909 860 1032 mit geberden so argwönig gestebt
208 973 929 1108 er gefencklich angnomen worden. Hatt
203 1044 951 1160 mach dere lieruff In der Mannen kef
198 1105 953 1229 mut wohrener mit solchem zug konnen
212 1171 950 1273 mit ernst befragft. Der habt sich nun
193 1240 869 1372 folgende maßenn zesprochenn
192 1338 923 1494 Erstlichenn die schuur betreffennd
215 1437 947 1557 hab einer Von darff, s, Vnder der
218 1506 950 1616 Stopfflihen Teil ghan, Ihm dierstelb
221 1565 442 1682 berkaufft.
652 1636 758 1711 ihm
188 1644 945 1780 Belangendf die huts, syr seiner luß
198 1718 974 1842 Enlengen Rudies genampft v. Ab.
185 1801 971 1913 schuldig gfin daran in Ihn ein holb gebe
190 1866 954 1975 die vbrigen 2 hutz hab er ihne auch
194 1925 968 2045 abkaufft, vnd Vmb den einen 10 vnd
179 2007 874 2122 den anderen 20 batzl. bezalt.
160 2065 963 2210 Die 2 Baselhutt hab er vor einem
125 2168 936 2292 Baler Vomb f. betzenn konfft
160 2246 981 2395 Befagt, worener gesagte luth vmb
183 2359 994 2467 ein anderenn georffen, vnd sey Crovorem
182 2409 970 2532 zmelden) in ehegraben werden wollen,
161 2476 978 2586 hatter granzworpes, ve könne sich nit
195 2542 990 2675 er denören, d er ein steiliches goshan habe.
1823 25 1945 101 79.
1100 119 1937 275 fl 3. auari 16 14 bst diser
1120 196 2017 370 h zuhieeichn per ma
1079 293 1991 412 vo k ader r sabich in wollen.
1105 378 2004 540 Ierstlich lär vnd zum anderen mol mit
1118 475 1934 601 dem Kleinstenn stein voffzogenn worden
1120 610 1994 768 Uff 22. Januarii 1614. Ist bemelter Die
1115 682 2016 811 vor abgrwalenn durch s Samuel Holtzen, deß Rchadts¬
1125 745 2006 866 s Rovian Penuer, der Burgeren, vnnd he Groß¬
1098 797 1958 938 weibel vonn Binenn übergetigte sachen be¬
1112 888 1974 1037 fragt worden, hatt aber anders nütt anzeigen wollen
1132 951 1965 1084 dan das ers bekantlich worden, vr habe vor einem
1127 1027 1974 1160 daar angefarlich einem, Peter Moser genampt,
1129 1123 1973 1237 ettliche hutt gstolen, Item er habe die schuue, so
1129 1178 2001 1325 man erst by Ihm Punden von einem sydenkräne
1127 1261 1982 1384 zu Basel, so hie onder den Koufluteen
1126 1334 1983 1493 felgber, koufft meine, siye Hans Rlich
1149 1424 1775 1555 syen von Bastel diener gsin
1130 1496 1994 1642 Item, Eramnel Eidhst vomn Gistorff hab
1148 1589 1985 1714 Vor einem Paar dem Ainan zu Rirestekkonn
1154 1667 1992 1793 2 hutt gstolenn vnd dieselben dem gäeber zu
1131 1736 1994 1866 Empach verkoufft, dannenharge zu Sollo
1491 1830 1527 1878 1
1139 1819 1845 1952 thurn gfengklich unnzogenn worden.
1146 1922 2028 2074 Donst hatt er mitt bekantlich siynn wollenn
1148 2083 2019 2227 Ist orstlich lär zum 2 mit einem bumkeiben
1158 2179 2034 2300 mit zweyen und zum Vierten mit diyen steinen
1148 2250 1484 2361 vfbogenn worden.
1164 2362 2043 2506 f 3. junuarii 1614 Ist diser Hand Gruber
1167 2462 2043 2578 V Pein stacke censur ledig glaßenn, vnndt dn syne
1148 2518 1662 2612 heymant gwißenn wordenn.
