4000 3000
39 32 149 119 168
223 59 858 229 Jost Bllman von
392 184 658 286 Rugsorw
159 337 949 456 uffzinstag den 5. aprisis 1616 jarr hat
178 405 925 495 gesagter Joff vhnan von Rügsauw Büli
159 452 934 544 Im gegen wertigkeit der froumete etc. Herren
189 495 963 600 Sammel Jenners deß schaff unnd Buckh
181 536 940 629 Hischers da robwey bebs ihnn der mannenkeff
188 587 462 670 alhie bekhenndt:
177 624 942 740 Deß ersten nach dem Margreht Sosauwerin
193 695 948 775 hußfrouw unnd er vor etwas zyt wegen
188 729 960 832 habter ehestrytigkeit vor einem ehrsamen chor
199 778 965 874 gricht alhie erschinen unnd widerumb ihm die d
183 828 951 914 zusaamen bekhenndt sy Sosauwerin darneben
219 877 966 966 auch by iumer zuverblyben unnd inne nit mit
211 923 968 1012 wie hieuor beschechen, zeuerlaßen alles ernste
210 979 966 1059 vermandt worden, aber ungeflcht, deßen sich de
203 1030 975 1129 gstalten widerumb von imme geüßert, das er
207 1074 953 1157 ungefharlich im die zwey jar nüt gesechen,
201 1125 977 1210 unnd deßwegenn an der cantzel zu Rregsouw zim
206 1174 991 1263 dritten mal ordenlichen verruffen laßen, habe er
220 1224 990 1306 entzwüschen, vor unnd ehe er wegen imme zugehalen
209 1271 977 1350 krankheit die schwdigung verklich erlangen rogen,
210 1313 977 1404 Christina Kleihßen ihm ußeren hoff deß gerichte
216 1369 968 1443 Affolteren die Ehhe verheyßen vnnd mit derselben
219 1418 773 1487 sich albereit fiesehlichen vermichet
167 1465 968 1565 Dernach habe er sich auch zu werender ehe vor
210 1535 1001 1612 ungefharlich 20 baren zu Ursenbach im wirts
195 1589 981 1642 trunfner wyß mit einer landtstrychenden die
200 1631 964 1710 In erkuschheit Hury unnd ehebruch vertrieft und
204 1688 398 1760 vergangen.
169 1703 991 1808 Deme habe er vor etwas jaren einem zu Hoffng
215 1775 986 1865 welcher imme schuldig gsin, gene aber nit bezahlt
206 1831 973 1914 w�llen ein läffelin entwendet, hernach aber
201 1873 557 1959 widerumb zugestellt.
176 1906 968 2006 Dantthin hienodim Abaner zug im Saphey an
213 1967 954 2043 einem ort mit hilff eines eines gesellen etlich
220 2003 974 2105 tuch veruntrüwet unnd vershaufft und als
205 2046 1001 2142 das daruf erlößte gelt under sich getheillt, jede
188 2111 910 2191 zu seinem theyll by einem francken bekhommen.
161 2160 1019 2296 Ist vom sölchen sines verbrechens wegen ufsad
210 2234 968 2331 1tag den 13. aprilis 1616 Jacb zwo stundt
213 2282 989 2388 lang an das gellsysen erkhenndt unnd selbiges
182 2339 964 2422 montag den 15. ciusdem an imme erstattet
211 2402 366 2471 wordenn.
1840 41 1967 141 109
1134 119 1736 244 Varnn Nißter
1235 195 1673 299 von Madiswyll.
1094 292 1952 418 f mitrnochenn den 20. auch widerumb mit wochen
1104 364 1877 450 Den 27. martii item montag den 5ten aprilis
1125 380 1955 491 hat Ulli Hüßler poyn Madißwyll inn gegenwürtigken
1119 441 1955 526 der eherenwirdigen auch frommen vester etc. Herren
1125 490 1910 575 Johann Meyers vorstenders stöttlichen worts, dann
1123 531 1958 614 Ammans deß Rhats unnd Burckhart Bishers Groß
1132 573 1961 655 weybels vom der mannerkeff und innsel alhie über
1135 615 1937 696 de imme mir angenomenen töüfferischen sect unnd
1134 659 1970 743 anderer schen wegen fürgehaltene articul unnd klax
1129 701 1661 781 puncken wolgenden bescheidt geben
1098 753 1904 840 Deß ersten habe er sich vor etwas zyt mit einer
1138 795 1967 873 Maria genandt und sanderen wybspersohnen am willi
1151 843 1933 916 auwer marit underwegen zu Bntwyll viler arg
1140 888 1942 957 wonigen gesell unnd gemeinschafft angenommen, der
1136 918 1967 1004 gstalten das als daßelbig khundtbar gemacht, er deß
1143 961 1991 1045 wegen zu Karwanger mit sechstägiger gefangenschafft
1137 1007 1514 1083 abgestraafft worden sye.
1118 1018 1982 1128 Demnach habe er auch ihm zyt seiner vongen liederligkeit
1146 1085 1912 1160 gelt uffgebrochen unnd schulden) gemacht, wolche er
1125 1131 1951 1221 zwar noch nit bezalt, ddieselbigen aber mitler zyt be-
1142 1179 1364 1255 fridigen wölle.
1121 1177 1933 1292 Deme ei gemeinschafft, so er mit Honns Jacob Wollen
1139 1259 1943 1330 von Sofftigen ghan vnnd was fur bucher auch wie vn
1149 1294 1936 1365 en derselben von imme gekhaufft, belangend, hat er be
1146 1346 1985 1410 khendt nachdem er von etlichen lüchten verstanden, auch her
1144 1400 1970 1443 nach von gedachtem pollen selbs gehört, das er soll et
1146 1427 1919 1489 liche bushume habe laßen ußgahn und teyll habe.
1146 1465 1966 1542 welches syne büchlin für die laüffer syendt, habe er sich
1142 1512 1946 1580 haruff vff begeren volgender personen als Hanns
1151 1548 1987 1615 Gudels, Hanns Bulersdeß worts, casprer vnnd Hanse
1158 1591 1982 1671 Ulrich Lädermans Andres Bäcklis Chrstoffel Künigs
1151 1636 1975 1717 Hans Hentzers by der sagen Ulli Kopffs Hans Bart,
1148 1677 1980 1763 Comes, deß Satlers Im graben zu Gundißwyl krchts
1142 1738 1983 1807 Jacob Schären uff der Holen der kilchheri Melchnouw,
1142 1775 1976 1854 Caspar Wälchlis von Walliswyll item siclaus
1128 1814 1992 1894 Zenggen von Gundischwyll unnd Hans Schären(welche
1144 1851 2013 1921 all unnd andere mehr Madischwyler, deren ungefharlich by
1158 1904 1948 1980 24 inn die versamblung der töüfferen ganzindt
1161 1944 2012 2033 unnd von Geörg Schärer von Ghundischwyll irem Leereren
1158 1990 1998 2055 underwiser werdent) zum anderen mal gan Joffingen
1154 2035 1952 2119 verfügt allda by fünsehechen derselbenn buchlrien
1151 2087 2002 2157 gekhaufft unnd obgemelten personen zugebracht, welches
1163 2131 1985 2212 alle die gmeinschafft se, so er nit anzognem wollen ghan
1156 2184 1984 2258 als den er auch mein alen Inn der versamblung gesechen
1158 2224 1234 2277 habe
1155 2231 2007 2340 vonn dißen buchtien habe sin vatter dem Balthasar
1160 2306 1764 2388 s zu Stephigburg auch ens gebracht.
1158 2316 2015 2433 Sin widertöüfferische dect fheiners belangend, was
1147 2409 2001 2479 imne zu annemung derselbigen verursachet, wie lang er
1177 2450 1986 2518 sie versamblung besucht auch wann und von wein er
1162 2485 2013 2556 widergetaufft worden, darüber ist diß sin antwort
1156 2529 2010 2604 dlamlichen als er gesechen, das die töüffer ein fyr volck
1840 2583 2041 2660 Gottsöichti
