4000 3000
81 63 168 133 4.
151 129 1071 254 ans fuuterger.
287 229 1070 351 sunst Bretsisholtz genampt
367 284 871 389 von Frybrg purtig
173 407 1085 565 Asdann vor etwas sagen Haus Falckenie
210 501 1086 629 sonnst Brinisholtz genampt Vonn fryburg pürtig
209 568 1068 690 anorft, vnnd vndenm grett, Wbann min gt s. Ihn nitt
217 648 1085 740 bekridigenn wollind, so wölle er ein bastellen ent¬
212 709 1072 818 decken Ister deswegen behendigett vnnd Vff z
220 781 1066 906 g. bebelch vf dem 3. tag Roreltus dis 1613
219 851 1099 960 dars durch die fromen furnomen wyfen Heren
221 935 1088 1079 Johans Sonting deß Mhatts, Hans Ridolf scherrer
230 1007 1096 1143 der Burgeren, vnnd Jalbid von Buren, großweybel
218 1075 1076 1184 Inn der Mannenkeli harüber examiniort, vnd son¬
226 1159 1073 1284 derlich befragt wordenn, vff wäner mit solchen
228 1234 635 1345 wordenn gedüttett habe.
204 1308 1079 1441 Daruff er geantwordett Er habe damich niemandts
233 1400 1073 1495 anders gmweint dann de
233 1459 1063 1568 d de dann dieselbenn habind Ihn
229 1529 1069 1622 angwisenn, er sölle sich von den herren von Bernn
230 1597 1083 1721 zueiem spach buchen laßenn Mitt vbersprechenn
236 1664 1082 1761 War es das tseye so wöllind sy mit wortfen, bnnd
222 1730 1082 1874 werckenn dahin beholffen, das er dergstalten werde
220 1809 1070 1928 gfürdert werden ds er werde können ein handt,
224 1883 1074 2014 wercktiyben. Diewyl er sich nun zu solchem dienst
220 1964 1075 2061 bruchenlaßen, Vnd aber doch anderst nit befudiget
222 2035 1087 2145 wrde, dan dase Ihn hicbster armudt speehe, hab ihr
211 2113 1052 2220 solches dermaßsen beschwachett das vr zu oberlütterte
224 2181 1057 2312 woit ußgebochen, mit welchen er voff niemanndt
222 2259 1077 2389 anders, dan Vf olbemelche personen gedufett den
224 2329 1067 2434 er wol wüße, wan nmagt zu Keyburg keinen wurde
204 2404 1095 2510 das sy ihne dorgstalt aungwisen, so wurdent sy entsetet
210 2469 1033 2570 wordenn, unnd wurdent sine frund an sy setzenn.
218 2537 1073 2677 Vnnd anders haber damit nit gerent, so loher Gott
204 2612 538 2711 Ihme helffenn solle.
2020 85 2102 159 5.
1211 162 1943 289 caspus uoet
1396 249 1803 352 derjung
1243 386 2140 539 Wiepel vff 2. April 1613 fehren Mek
1262 485 2148 613 der Rung Bbenm hinren pürtig durch H Jacob Gu
1253 543 2136 653 ser vnnd hr Grosweibel Duer vonn Birenn
1255 609 2128 728 Vber getigte diebstal Inn der Mangentrki mitt
1253 667 2134 777 wortenn examiniert wordenn, So hatt er doch
1259 724 2128 817 anders nütt bekennenn wellenn, dann das er vor
1261 773 2143 880 eswas sagenn inn einer wynn lochte ein zii
1258 842 2142 955 blättlin gekrömbdett, willens deßelbig zu
1256 904 2148 1011 Verken ft Slich dnge Ih Eheden Erlißvonn
1248 966 2113 1087 gult t fedts ze konfe n wem n habennd
1256 1028 1905 1144 daheim schirr mitt zuefenn
1261 1101 2104 1208 Vf 28. Apil. 1618. Eb diser Meck duch die
1261 1181 2090 1288 bättellbögt mitruttenn gespiehen, unnd dernach
1258 1254 1651 1365 ledig glaßenn wordenn.
1248 1499 2028 1623 l an 6ß
1280 1587 2006 1707 dem Lindenthal purtig
1242 1767 2075 1889 Medan f 23. Apri 1015 Hanus
1254 1850 2129 1956 Kräbß uß dem Lindenn shal der kilchöri bechingen pürtig
1252 1908 2111 1997 Duch die fiomeen, wysonn Borornn, Hans Jacob Bonn
1260 1969 2123 2067 Wettennwyl, der Burgeren vnnd Jathi von Bürtn
1277 2022 2141 2142 Großweybel vber gezise diebstal In der Mannentefi
1254 2083 2087 2178 epaminiert worden, halb er bekentt, als hernach folgel
1254 2150 2123 2249 Erstlichen haber th de F. Rodolpf vn Erlachs huß die
1246 2215 2115 2313 Päller thür bebrochenn unnd bsodem Küller in oder
1253 2273 2135 2368 i lb anekrum i leib bott, vn kleine füßlin ein handbollen
1240 2328 2152 2430 Erstonenn, vnnd angefharlich 1. lb Vnschlitt entragenn
1239 2403 2131 2522 Dannethin hab er su Bimplice auch bß der frouwenn
1241 2481 2116 2588 Vonn Mulonenn käller in käfenn, und Creverenten
1244 2554 1817 2643 zumälden) ein paar schu gnomenn.
1252 2596 2152 2712 Hatt bunst keiner anderen mißhandlungenn gstendige
1241 2680 1507 2765 syne wollenn.
