4000 3000
64 34 134 92 236.
194 32 1006 159 Was derrice betrifftn, das er vor einen Jar von
212 104 1068 219 weger, so er einen alteng man kyethio s, mit
197 127 1044 234 Dem selben einen laung wirigens rechts handten gehabte
207 180 993 269 Vnnd der selbeng halben Eichoffenntlichen habe vber
187 207 1050 324 laßen, auch vong deß wegung sye an das schallen weres
1007 242 1042 283 en
207 250 975 334 geschickt worden, daßelbig aber an imme nit meh
152 297 425 374 scheßenn, dann
445 297 1033 401 das er nach malen ie lenger gestölten
977 315 1039 362 er
201 332 1023 425 wordens unnd sich stets in wirtshüseren habe finden
212 374 1007 467 laßen, hat er bekennt, das er nit allein, sonndern
218 411 1021 521 siche geschwüsterte samenthafft gemelten alten mag anh
210 460 1026 569 regte 34 batzen ze thun gsen unnd mit esto weniger
198 504 1030 611 derselbig imne ein tzig darumb mit recht anngelangt
197 551 1028 651 deng er auch als bitlich mit bescheidt habe müßen begegnen
210 591 1026 690 unnd die sach enntlichen dahin kommen, das sy beider syth
216 632 1026 724 wider einanderen kundtschafft gestellt, welche auch al
213 672 1014 758 bereit verhört wordene, Da er nun keins wüßen
212 705 1026 801 nach glaubeng könne, das man nne uberzüget habe
184 746 999 829 Das er aber an das Schallenwerck kommen, sye die
216 794 1025 871 ursach, das der her schultheiß inne verklagt, dase
191 825 990 909 keine sprüch, so mag sinenthalben mache, annemmen nich
201 866 1037 949 haltenn wölle, Da er aber keinen deoselbens niemal
194 909 1007 995 ußgeschlagen, sich auch nach dem er deß schallenwercke
225 953 1047 1039 erledigete worden, der wirts Huseren anderer gstal
228 998 1047 1083 nit angenommen, weder wung er gricht unnd recht über
248 1044 1012 1121 und sich der lüthen gebruchen müßet, So habe er an
188 1091 1034 1173 Ing besuchnung der predigen gottlichenn worts nit
210 1135 1022 1206 sölchem umnflyß, wie aber sinethalbeng müchte sich angeben
219 1180 1039 1268 worden, erzeigt, dann er mich jüngst vor siner gfangen
232 1223 1006 1307 schafft Iun einer predig gsie, wölle aber deß eine
222 1273 1041 1350 Vnnd annderes halben sich uff die jenigen Sprücher vnndt
185 1319 770 1402 andere sine nachbureg beruffft, habenn
120 1421 1010 1521 Stoff Menteg der 25. decembs vo 2
220 1496 1034 1584 ab trag costenns, auch genntzliches abstellung der wirts
207 1548 987 1619 unnd Wygschenweg Hüseren unntzit uff schynbare
216 1589 1057 1677 beßerungDenne abstricknung rechtigens unnd trölens
225 1642 881 1714 leedig erkennt unnd ußgelaßen wordens
572 1797 831 1913 19t
239 1809 568 1911 Janas
433 1888 766 1989 burger alhil
147 1976 1028 2102 Hanns Pfyffer der Schnider burger allie
200 2059 995 2161 so inn zyst unnd wyll gegen hrr abrahamen
169 2090 1029 2217 Schiidern dem ifenkämern auch burger dise
192 2142 1031 2265 statt henar gehabter rechtsebung wider den
193 2203 1031 2303 selbigenn absparthy denne Hans Bruting den
192 2237 1044 2348 kuffern als khundtschaffttregern von Gericht
188 2294 1016 2390 unnd stab mit worten so wyt ußgebrochenn
197 2338 1016 2441 das dieselben zu erretttung irose eheren inne
184 2379 1034 2509 deswegsen mit gastgricht angelangt unnd diesen
178 2437 1011 2576 Inm rechten vo eheren vollfhürt das wyller
196 2475 1060 2609 er die genigen gegen sy ußgeschlagenen ehewürihe
196 2547 1041 2657 wort keines wegs ubersy erwaaren mögen
191 2579 1034 2709 er dero den einen und anderen verluht hatund
749 2627 1022 2734 Vnderscheidteid
1084 382 1129 452 s
1891 21 1999 89 357
1141 38 1981 144 vnderscheidenlich ergangenen Vrtheylen nach van
1139 96 1963 194 rechtens offendtlichen entschlagen und geletzten
1138 145 1978 249 eheren notwendiger maßen reparieren söllen.
1140 189 1982 283 welches aber gethun es sich  keinerley gstalten
1145 233 1979 316 ergeben wollen, sonders gentzlichen geweigent
1124 274 2005 387 Ist von solichen ener halstarig unnd halttenkig
1152 327 1957 417 keit voren minen a h einem ehrsammen
1149 370 1969 467 Rhat von hrren lß statt landen und gebütten.
1150 421 1976 512 mit dem Eidt verwißen zuweiden erkhandt
1146 470 1927 559 unnd daßelbig uff brytag den 5. januari
1149 522 1963 630 s 7. Jacb an imme ordenlichen erstattet
1156 589 1301 655 worden.
1196 672 1852 796 gtte erl
1188 774 1839 887 Caspur Debere
1256 845 1811 944 Ms dem landt Ober Hallel
1124 970 1979 1091 uff Sambstar den 4. januari 1617 jaro uf
1170 1040 1955 1127 uß beuelch miner g s und oberen durch de
1169 1089 1978 1176 fromen, fursichtigen fürnemmen wyßen hrr beat
1169 1131 1984 1219 verporten deß rharts und Burtklart Fischern
1178 1180 2004 1269 Großweybel, Caspar Zoberst, vß dem landt Ober
1173 1236 2005 1303 Basfer bartig, hines unküschen wpßigen und liederlichen
1171 1281 2000 1357 lebens in der Manenkeffi alhie mit worten examimer
1168 1330 1827 1408 vnnd durch inne bekhendt worden, wie volget
1134 1372 1982 1449 Ierenwegen, abs man ine für das erste befragt, ob er
1185 1420 1985 1492 nit vor etwas jaren im w�render ehe by zweyen
1184 1468 1979 1519 iner dienstmägdten zwey uneheliche khinder erzüget
1176 1509 1972 1589 unnd heinach ungracht zur uff sin und siner fründen
1174 1553 1955 1627 bitt durch sin ehetrauwen und derselben verwandt
1185 1594 1991 1677 sölliche zwen eheiler verzigen worden, sich anderst mi
1173 1639 1990 1721 verhalten, dann das haruff kantz abgewichreen
1763 1687 1964 1750 nihnen ehe
1163 1687 1732 1782 zyt und tagen die schidigung zwüse.
1754 1735 1792 1773 e
1182 1737 1996 1820 mentschen ergangen, Item auch hienor, or eine dire
1175 1784 1973 1847 by welichen er das ander knehrlich chindt ezilet
1166 1834 1972 1903 In sin hus gelaßen unnd by derselben zusamet
1188 1872 1995 1961 mm hußfrauwen gelegen er bekhendt, Es zu
1169 1920 2018 2007 swar nit minder, dann das er gemelte zwen thalen
1181 1970 1979 2059 begangen und hernach von anzognem (inem eheweyb
1182 2022 1970 2094 gescheiden worden, Das er aber gedachte darner
1169 2062 2051 2149 Inn sin huß gelaßen, vnd erzelter maßen by Ira gelegen
1184 2114 1982 2204 weide sich keins wegs erfinden. Darnn als er
1179 2159 1988 2248 durch die schritzen deß landt gan Brufingen da
1177 2186 2006 2308 selbsten bulfer zereychen und ze khauffen geschickt
1173 2256 1974 2353 und hernach widerumb anheimbsch worden, habe
1188 2297 2024 2407 enthwüschen sin hußfrauw, dieselbige ihne das huß
1166 2345 2025 2454 geraßen, wie er sy dann auch daselbsten, da sy
1173 2398 2024 2499 genätet, funder unnd ime brrüwte sin ehefrorden
1181 2473 1665 2546 auch selbs entschuldiget habe.
1169 2518 2000 2638 was dem nach im liederlich leben vnnd hushalten
1177 2587 2034 2694 der guteren belangt, habe er ja die jenigen guter
1888 2651 2000 2733 welche
