3024 4032
60 3320 543 3479 zu Münster hab 104
78 3425 447 3551 begleichen antis.
309 317 463 459 sich
701 289 1190 468 akant
765 423 1488 627 Schantans und deß mit
671 558 1421 705 Anner Seller, genannt
639 671 1440 807 Mors Annen von Moosen der kilchen
621 764 1464 893 Herin beyden kutern, gebiets gebühr
958 833 1094 976 2
587 954 1440 1143 Wieses weib Anna Keller sich
609 1088 1422 1210 Anfangs Anni stander nemmende
626 1152 1412 1304 von etwann 35 jahren alters ist
621 1246 1420 1384 auch mit vorgemelltem Ulli Reuber
612 1331 1405 1470 behändiget, zu oberkeiten so anden
602 1401 1387 1536 allhero gebracht und wegen vielen
599 1492 1421 1612 begangenen diebstählen deren es
594 1564 1410 1683 sthüller verdächtig, teils dann von
593 1656 1435 1791 seinen mit gefangenen diebe consorten
594 1732 1430 1898 beschuldiget, beiders durch einen hoch
577 1813 1426 1966 egehrter Herren stahtehreren wor
578 1922 1425 2040 mann hierzu vernamseten exami
563 1990 1413 2133 mnator mit auf ihro Gul. Dienere
563 2072 1404 2215 Mehlen großweibel und dem gricht
554 2164 1392 2306 eschreiben kuttlich ohne angebendte
582 2237 1404 2379 Mlarten den 28. januarii 1
551 2332 1382 2469 5. februarii 5. martii undt
564 2413 1393 2564 29 aprilis a. 1721. hiemit 12
569 2519 1406 2632 �ffteren mahlen examiniert worden.
547 2596 1382 2731 Da dann selbiges seine bekantnuß
564 2684 1383 2828 und vergicht dahin erteillt und von
560 2779 1408 2908 sich gegeben. Daß er mit und neben
551 2855 1413 3000 nachgemann sehen seinen diebe geschehnen
552 2949 1398 3081 an denen nam beschriebenen örter in
540 3028 1422 3159 allem zusamen 5 t. Diebstahl, darinn
531 3105 1410 3241 ond 3 nächtliche hinbruche habe beschen
543 3201 1381 3335 und verbringen helffen, als namen
560 3294 1409 3470 efflichen habe es zu Münster Kun
557 3404 1388 3535 zern, gebets auff dem marit einem
542 3485 1367 3631 Mann ein Kleinen seckeli, darum 2 bz
1207 3598 1291 3686 gelt
1734 345 1938 460 23
1658 1360 1779 1442 Mi
1537 1413 1919 1547 Latein sollen seinem zu
1522 1485 1940 1600 Litzen eingerichteten
1628 1550 1841 1647 schwöste.
1603 1668 1939 1791 sit latein Keller
1565 1913 1927 2073 slis losen gygerin.
1547 2100 1908 2200 Mit Zürich lannd
1554 2179 1809 2295 schuldig.
1541 2394 1926 2529 vit seinen fa
1545 2488 1777 2619 wen feind
1544 2904 1909 3047 slit allen friedli.
1569 2983 1844 3111 schuch dann.
2099 298 2486 451 Auni Keller.
1986 440 2801 610 gelt gsein auß dem busen gezogen.
2009 562 2844 655 Weil aber auch ein anderer manne
1991 625 2862 765 14. Senter halb verlohren zu haben ge-
1982 696 2848 841 geklagt und obiges starbeli bey ihme sich
1992 790 2865 934 eer unden, wege er und rysten deß anderen
1973 850 2827 1009 diebstahls auch bschuldiget, des klagen
1993 944 2855 1082 gefangen nach aus erin geführt, allwo
1985 1018 2850 1157 es auß zwung der streckin gemellte
1980 1111 2862 1241 Prentesplo bekennt, ohngeacht derenthalb
1993 1190 2831 1329 enschuldig und dahero auß geschweizt,
1991 1256 2162 1365 hander
1967 1371 2887 1507 Dedner habend im Solotusen, bekent,
1979 1470 2874 1579 wendt ein halb wullenen statt hol
1997 1537 2325 1654 102 l. 246.
1980 1633 2859 1784 Ihar Lutzern, gebiet 1 paar schuhle
1964 1719 2894 1860 sen nacht weiber, wellchen, 1 paar ell keine
1992 1797 2680 1943 tuch und i hat lob der 102.
1971 1880 2889 2067 zu Turbache tochter auch und batten.
1965 1991 2508 2144 usti. Hr. so 102.
1962 2096 2899 2259 zu schafftes Heinr Baumb aller, davon
1965 2203 2880 2350 an für seinen will 1 lb 1 30 soll und
1965 2286 2877 2430 für 5 l. Cappen bekommen Hol 103
1957 2417 2866 2570 zu Schönenberdt in eines geystlichen
1976 2484 2882 2623 Hernn hauß das Fleisch von einem gantzen
1953 2574 2892 2702 schwein und wüest brot s übel mit
1953 2663 2920 2807 amben 1 tischlachen, 1 secken mit weinen
1965 2741 2902 2878 und 1 schnepfen nachts auß dem Keller
1964 2822 2299 2941 vidofol. 105.
1954 2913 2897 3074 Auff dem lob, sonst 3 l. übel mit
1957 3029 2919 3183 Amber bey 15 lb weins in einem faß
1943 3097 2907 3239 glich 1 fyrdting und 1 Leinbachen p 103
1949 3176 2904 3323 wegen vorgemellten diebstählen seye es
1942 3257 2911 3429 und das andere mahl zu Lutzeren ges
1948 3350 2902 3516 fangen, auch auß geschmecht und darzu ge
1953 3423 2404 3561 zeichnet worden.
