3024 4032
370 462 532 611 42
522 557 1557 716 Deß sagen auch gott der herr dem Menschen
559 652 1563 804 in herren schrifft die arbeit sehr ernstlich anbe
532 730 1554 874 führt, da vor sicht bald aber cap. 9. 1.
529 820 1567 976 sicht tag sollten werden und schoffen etc. und
544 920 1549 1054 im 128. Salm: zu Wiest dich mit deiner
526 1001 1191 1139 handen arbeit ernehren.
1196 1005 1558 1118 mit verspr
514 1100 1544 1228 schen leichen segend, müeßen schlaafft und
515 1186 1550 1328 anderes dem menschen angenehmen und Natz-
497 1257 824 1390 licher dingen
821 1310 875 1376 1
1149 1275 1504 1418 Eingeses dem
491 1310 1494 1470 faulen und strägen mentschen nemmet mann.
493 1423 1520 1573 einen bahren, ihne weisend zu der gmeisten
480 1500 1536 1663 ihre weg zu betrachten, damit er weis werde.
488 1611 1489 1761 Gleich wir nun die Jahren aller welt einem
483 1708 1533 1855 Überlast, also sint es fürwahr auch die müeßige
478 1803 1490 1937 gangen, welche gleich den großen bienen
496 1882 1477 2009 ohne beitragen das lang, so die anderen
475 1958 1530 2122 mit großen sorgfalt zusamen getragen, auff
454 2063 1502 2201 freßend, welche des sorgfaltige haußvatter
466 2149 1478 2294 aber bezeiten stuchet zu verderben und unß
444 2258 660 2337 snotten.
458 2364 1492 2517 Datel nun solches ein hauß vatter an den
466 2474 1507 2581 muntzen dienen, wie viel mehr will es dann
455 2542 1495 2696 einer hochen oberkeit, ob und angelegen seyn
438 2632 1407 2782 von den überlästigen müesßiggangeren
446 2730 1484 2864 und sonderlich derjenigen, welche und er aller
403 2805 1466 2968 hand verdammlichen listen und danken ihre
414 2899 1484 3069 getreüte und erbahren umb das jenige, so
427 3000 1448 3157 dieselben zu ihres und der ihrigen eygenen
420 3076 1464 3226 erhaltung mit sauren schweiß und blut ge-
375 3154 1466 3326 esammlet, zuberauben stichend, ihres land zu
393 3239 1037 3388 Weynigen und zu stauberen.
1223 3294 1469 3375 als wie
375 3320 1393 3501 dasindt die dißmahlen in er gaben handeren
374 3420 1452 3581 verhafftete drey weibs- und vier manns etc.
1168 3536 1391 3652 ppersonen.
1779 513 1911 654 43
1889 594 2574 770 Manns, personen, Nahmens
1858 700 2907 894 Melcher Bauses von Schwanden bey Sigreiß
1955 816 2608 955 weil bey 25 jahren alters
1854 876 2945 1060 Elsbeth Müller genannt allen Egli deßen langen
1861 996 2900 1172 Sallbi Baslers ab dem brathenberg sey 20
1867 1095 2255 1218 jahren alters.
1864 1181 2929 1340 Uli Straler genannt Wannest alli von Wolfen,
1869 1284 2934 1424 Heim bey Straßburg bey 24 jahren, dißesting
1867 1362 2901 1508 Anna Stander des Keller genant Moser
1899 1458 2900 1597 Anni von Moosen Lutzerner gebiets von etwann
1905 1544 2185 1651 35 jahren.
1869 1617 2897 1772 Johann Clemens Canter von Geister schwizer
1842 1711 2860 1845 gebiets bey 33 jahren und deßen dienen
1835 1798 2906 1973 Anna Gristow genamt Bey dem von Beglen
1826 1902 2617 2050 seines alters von etwann 33 jahren.
1828 1987 2916 2140 beth welchen der müeßiggang also ein gewurtzelt, daß
1817 2098 2918 2213 sie anstatt arbeitens lieber im Land herumb ge-
1802 2163 2932 2305 gezogenn und sich zum zeiten noch zu anderem bösen
1832 2264 2920 2396 buben gesellet, ja zum höchsten schaden und nach
1807 2332 2908 2492 teill deß lebend menschen, so viel nahmhaffte und
1825 2422 2872 2568 Mennigfaltige Meistens Nächtliche Einbruche
1837 2503 2887 2655 und sauberegen verüebt und volbracht, biß
1811 2589 2928 2744 endtlichen nach erfüllt er sunden, maas dieselben
1829 2670 2934 2838 durch die oberkeitlich ernstlich getahne veranstal
1816 2763 2933 2931 jungen an verschiedenen orten dero bottmeßigkeit
1839 2869 2925 3006 ergriffen, gewahrsamlich allhero geführt und in
1829 2965 2906 3109 allhiesiges Gefangenschafft, so wol über Ihre be¬
1816 3052 2920 3198 gangens vielfaltige diebstahl und nächtliche
1838 3136 2902 3264 sins riche als anderen beßhafften verbrochen
1840 3213 2896 3362 zu verschiedenen mahlen stillis gnet, weills
1831 3300 2928 3452 speinlich examiniert worden. Welche darüber
1820 3389 2886 3537 hin ihre vergichten und bekannt mußen dahin
1813 3484 1995 3630 glesen.
2052 3490 2938 3627 Wil von einten zum anderen volget
2658 3606 2837 3762 Erstlich
