3024 4032
280 417 415 569 57
438 441 1140 640 by 166 fl. in behalten gelt
443 571 852 724 4. ihren hatten.
423 673 1234 827 10. aus ker loß Groß und keine
427 772 1318 930 16. Rubeli und 4. Hafen mit anberg.
441 872 940 1001 3. Gantze seiten speck.
416 926 1397 1093 Item alles fleisch von 2 frißten schweinen.
434 1038 986 1171 2. gantze große maßen.
417 1115 1191 1275 bey 30 lb baum wolling Garten.
423 1222 1269 1362 d 7. große und kleine betth ziehen.
428 1311 1444 1433 und an einem ort allerhand Krämer, wannd
420 1391 1021 1543 so ziemlich viel geschaft wirten.
393 1487 1447 1648 Eidtlichen habe es maaser, Anni von Jacob
408 1597 1431 1744 Gesper in dem sundt gantz eine unehrlich kindt
412 1676 1421 1811 erzeüget, und seye seit etwaß zeits mit vor
397 1759 1369 1896 gemeldtem Ulli synler umbergezogen
406 1838 1439 1980 und habe mit demselben gelebt, wie eheleüth ohne
388 1924 1350 2065 daß sie jemahlen sich copulieren lasßen.
544 2002 1161 2195 Nemens Canzen
361 2132 1443 2335 Bertschand Anlangend Holmanns remens
320 2273 1390 2397 Kanter, so hat derselbe so wol guetlich als
384 2345 1422 2491 durch angewandte marter seine bekannt auß und
363 2431 1039 2566 vrgicht dahin ertellt,
1046 2444 1410 2564 daß er stills
354 2520 1330 2664 eintzig, weills mit seinem diebe geschehnen
359 2603 1420 2745 Oottig und siebentzig diebstahl, darunter
355 2683 1432 2813 h. rechtliche einbruche verüebet und volle.
331 2771 1414 2919 gebracht. An welchen samtlichen orten dann
351 2856 1408 2980 erbenen allerhand hauß rächtlichen sachen kleideren
333 2930 1415 3068 und äßigen speistig erd annoch nach verzeichnete
315 3006 1232 3152 Effecten eine handern helfft als
322 3093 967 3232 seyen 60 fl in bahren gelt.
319 3184 1177 3310 m. hache und niedere silberne beferd
340 3258 798 3365 7 silber kafel.
338 3339 683 3453 v. Barbette.
318 3419 706 3555 4. Underbetten.
1641 438 1783 558 5
1751 485 2585 725 B. Jndienige und in wullene Debi
1746 649 2587 797 27. großen und kleine balth ziehen.
1753 722 2814 927 4. Großer baad bessel und an anders kupfer,
1908 787 2070 930 1
1730 842 2145 1001 d ehren Hafer.
1661 966 2232 1104 1159 fell Konig Tuch.
1735 1053 2260 1187 23. seit duldenne
1756 1150 2818 1319 3. Gantze betth umblang von verschiedenen blatteren
1735 1251 2367 1383 72. nun und Tischlachen
1744 1338 2332 1477 84 lb gangen und Jeder
1721 1418 2524 1589 46. Rubel und Häfnig mit Anken
2517 1512 2575 1606 .
1736 1520 1988 1646 9. Resen.
1725 1598 2138 1731 9. Seiten spet
1733 1685 2744 1855 Item alles fleisch von einem gantzen schwein
1726 1786 2737 1956 d. Lebendige weiß und in schagle. Wie auch
1744 1865 2615 2018 An einem dat viel Krauwer Waar
1723 1955 2830 2144 Endtliche det seye er seit etwann 4 jahren dahero
1744 2084 2758 2238 mit Anni Christener genannt Bley Anni
1744 2175 2800 2327 umbherd gezogen, und habind mit einanderen
1735 2266 2790 2413 gelebt, wie eheleüth ohne, daß sie jemahls sehen
1732 2374 2312 2512 ehrlich eingesegnet worden.
1915 2469 2535 2655 Anna Christinen
1681 2673 2854 2824 Erstlichen und zum Siebenden Anna
1708 2774 2842 2924 Christener genannt Bley Anni deß verd
1719 2872 2862 2991 mellten Clemens Tienen belangend, Ist daselbe
2695 2944 2839 3055 daß
1719 2948 2697 3090 Verwag getahnen vergicht bekanntlich
1732 3041 2857 3171 er albereit an underschiedlichen orten gefangen ge-
1708 3101 2796 3258 gwarsten und wegen einheit diebstahlen vatterlich.
1727 3186 2545 3325 abgestrafft und gezüchtiget worden.
1652 3269 2826 3437 Als das erste wahl zu lerburg mit dem schuhe,
1715 3365 2844 3511 Alain seinem hingerichteten ehemannen von der es in
1708 3449 2356 3579 sein heymal geführt worden.
