3024 4032
320 419 433 538 60
414 499 1449 666 Premit bekent, dieses Mensch, daß es bey dies
429 613 1445 774 Johan das sich lediglich von abstahlen durch
418 687 1440 841 gebracht, sich darauß gebledt und vertischgelten,
430 770 1448 910 da es zu terten bey zwey jahren an der kost
429 854 1448 1016 gelesen und wuchentlich s h tisch gelt betrichte
422 956 1455 1116 die übrige zur dann hur und hab in dem willichen
418 1029 1012 1178 land sich auffgehalten.
402 1149 1362 1321 Ritschicken habe es von ditore Pate
421 1266 1419 1392 einem geister seit einem jahr ein unehelich
418 1341 1407 1481 kindt bekommen und daßelbe zu gedachten
405 1417 1438 1577 ganck im spittahl zu welt gebohren, welch
397 1505 1437 1652 sehr aber kurtz darauff zu s anbin gestorben.
392 1608 829 1768 Ext d. Obstaht.
1653 423 1758 540 61
1915 505 2665 683 riminal Process
1709 741 2473 916 aderena Rudi
2543 774 2802 907 67 36
1725 863 2113 1023 jahren alters
1700 1160 1772 1286 h
1814 1091 2804 1324 D 8. tacht die Munstigen nit unfugen
1745 1240 2804 1400 lich genamt ein haupt ließe, daß ledigen
1738 1330 2803 1493 satans. Dann gebüßlich, was ein mertsch
1738 1428 2804 1578 sich allzustelt dem sorgligsten müßig gangen erd
1730 1504 2841 1680 gebs, so sagt des erbfeind deß menstlichen gschlahen
1754 1621 2828 1759 alsobald sein haupt in das müeßigt und vom
1735 1689 2812 1860 gebatt oder gott und entschlafft gleichsam dem
1739 1790 2831 1935 mentschen in dem müßiggangen, daß er zu der
1745 1875 2833 2035 arbeit gantz und nechtig und hingegen durch wolle
2779 2013 2812 2047 .
1726 1960 2776 2132 bringung bester stahten von einem sund in die
1749 2066 2794 2208 außert fallet, biß er endtlich in solchem stun
1735 2146 2850 2291 odenschlagk ohne gar in seinem sachen und eigen
2546 2263 2824 2348 und obwolen
1751 2236 2405 2395 halten pfil bringen recht.
1743 2306 2770 2472 die dienes gottes mit der soll sohnendere
1724 2401 2845 2571 fosunger deß gottlichen werts ohne underlaß die
1727 2505 2809 2649 stimm erheben, auch eine hohen oberkeit als statt
1743 2566 2819 2734 halterin gottes allies auf erden von zeit zu
1737 2655 2852 2840 heit durch ankendende und erschidliche straaffen
1744 2766 2846 2930 trachter die vielentschen von müßiggang und
1729 2828 2865 3034 schlaaffen die stunden aufzubacken und zu einem
1745 2952 2836 3139 gottseligen handel und wandel anzumahnen,
1733 3018 2866 3223 so mag doch solches bey sehr vielen menschen nichts
1729 3103 2872 3301 verfangen, sonderen, wie beyder die vielfaltige er
1727 3204 2864 3379 gfahrung mit sich bringt, durch ihren vorigen sorgen
1746 3301 2858 3465 lanten stunder schlaaff in denen fleischlichen und
1752 3389 2879 3579 besten geluffen immerdar fortfahren, ja ehr gantze
2566 3526 2720 3644 stühre
2811 1754 2843 1784 .
