3024 4032
266 2089 378 2208 40
323 1071 430 1249 1
350 480 433 556 58.
466 508 1460 677 Da die leüthung im Ersten schlaas begryben,
464 601 1467 763 den flußel zu seinem gelt Broglin außste
457 696 1438 839 sner hohen genommen, auß dem träglich seiner
454 784 1461 942 behalts über 50 rl in gelt entruubet,
465 868 1457 1044 und darmit sich fort und abermal nach pferten
449 955 646 1065 gemacht.
433 1059 1415 1221 Als auch diesers gelt verbraucht ware, habe
463 1174 1435 1322 es vor ohngefeldt einem jahr sich wiederumben
449 1240 1436 1372 allhero in der teutschland begeben und den an
440 1328 1439 1472 sores Militahler Müller zu Bolendingen
442 1407 1463 1561 Nachts auß einem schafftig nach so der führen
428 1491 1414 1632 bey 20ten zun gelt entwende darzu es
447 1572 1442 1712 den schlüßel auß denen bey der tühr am par
426 1656 1425 1800 henklein laßen genommen. Allhier habe es
417 1725 1442 1880 sich gleichfahls in dem hauß versteckt gehabt,
424 1820 1425 1948 und darank sich auch und weltschland verfüegt.
390 1895 1420 2051 N. Dieser planen klagt, damals über 100 th
419 1985 893 2124 verlohren zu haben.
412 2074 1385 2255 Weilen diß naben auch dieses gelt verfahren
394 2197 1411 2326 ware, seye es wieder er ins land kommen und
395 2264 1370 2419 zu Solotuhen etwann der wuchen lang
398 2355 1420 2508 am fieber trank gelegen und in mangel
388 2452 1427 2593 gehalten. Desswegen es auff einrichten
385 2511 1385 2664 zu dem Brunnen band sich begeben wollen.
380 2608 1427 2760 Auff dieser auß habe es etliche anlaß zum
383 2687 1415 2832 stehlen gehabt, da es zu Worb in dem wihrts
364 2765 1426 2895 Hauß die haußen gegen dem morgen aber
382 2838 1399 2990 angetroffen, in die stuben gangen und der
364 2934 1436 3073 wihrt in dem schafftlig, küßel auß ihres super
365 3022 1207 3151 genommen umb darmit auffzutuhn.
1209 3015 1416 3113 12
356 3089 1408 3235 seye aber alsobald darauf der wihrt aus dem
359 3180 1444 3324 betth aufgestanden, dess klagen es ungeschaffte
361 3268 1435 3403 edingen hinauß nit fortgangen, den schlußel
354 3339 1435 3492 dann und dem hauß auff die holzbeigen gebrochen.
1638 459 1689 518 5
1598 536 1717 681 60.
2273 558 2337 660 e
1791 589 2790 749 Da es nun aus dem brunnen baad zuruk und
1768 665 2813 822 nachts etwann umb 9 uhren zum wihrtshauß
1753 738 2813 916 dach hochstetten können, all an die hinter sich ihren
1737 814 2807 989 gefunden, seye es hinein gangen, habe gehort, daß
1750 914 2797 1051 die leüth starck schnargeren und hierauff dem
1741 983 2793 1135 wihrt die hosen durchgesucht und den schlüßel zu
1751 1081 2801 1214 den gelt schäfftlig gefunden, daßelbe geöffnet
1753 1153 2819 1300 und alles darung gelesene Gelt in etlichen Seckeln
1747 1229 2829 1383 so nach deß wihrten klag bey 600 rthli in stil
1723 1314 2795 1461 aber und Gold sorten gewesen, darauß genommen,
1741 1398 2816 1542 und vor des hauß hinauß in seinen bey sich ge
1735 1473 2814 1614 habte tauben getragen, darvon alsobalder etliche
2153 1561 2222 1622 9
1751 1563 2815 1707 stücklin in den brunnen, trag geworffen in mein
1724 1648 2830 1784 gnung, wie es zuvor gehört, mann könne solchen ge
1721 1718 2833 1859 stolenes gelt alß dann nit wieder zuruck berinten
1732 1807 2802 1954 gegen anbrechendem tag dann sey es mit diesem
1736 1886 2802 2044 gelt durch das kindenfahl fort und gegen bernen
1735 1987 2835 2127 gangen, und habe darvon 50 than von dem post be
1728 2066 2837 2206 edienten balsinger (so Ihns nicht als eine die¬
1736 2149 2836 2292 bin gekennt, ihme nach offerten zu übermachen
1735 2231 2831 2374 zugestellt, das übrige dann biß nach fraub brunnen
1746 2313 2808 2450 tragen lasßen, umb von daselbsten weibers und
2402 2424 2447 2508 i
1735 2398 2398 2536 gegen sollichen zu leysen.
2516 2402 2853 2500 Auff Vermercken
2464 2426 2494 2488 .
1743 2482 2842 2612 aber, daß es verachten ware, habe er zwey seckel
1752 2555 2850 2694 einen mit silber und den anderen mit Gold sorten
2790 2677 2829 2720 .
1754 2639 2791 2781 in angen Aschen binklin in deß schmids Hanß
1746 2726 2832 2872 allda er sich auff gehalten gelegt, da dann das
1718 2807 2853 2952 silber, gelt, so es gnugsam under die gschen zu
1730 2889 2854 3048 stoßen nit zeit gehabt, sich seithero nicht wieder gesen,
2036 2970 2852 3121 von diesem gelt habe erstwegen the
1725 3006 1847 3117 Den.
1761 3070 2866 3215 einem knaben, so ihme daßelbe auff dem Breit
1743 3140 2878 3296 feld abgejagt gehabt, endtlich doch wieder zugestellt,
1743 3221 2847 3371 und einem argeüwer, mann so ihme zu erfragen,
1737 3307 2863 3459 igung diesers knaben behülfflich gewesen auch alh
1737 3393 2887 3540 geben, im übrigen nichts weiters darvon verbracht
1743 3481 2222 3614 als für seine zehrung.
2569 3499 2767 3638 hiemit
