3024 4032
295 434 393 552 16.
409 441 1400 676 bekenntnuß und versicht gelihen und vor sich
411 599 615 726 gegeben.
392 718 1449 888 Hamber die so bekente dieser hier hohen
401 844 1448 986 daß er gegenwärtig in anderer ehe sich befind.
403 924 1432 1047 und mit vierd kinderen von seiner jetzmaligen
380 1001 1447 1148 ehefrauwen flebeten Steinmann erbeuget, versehen,
392 1075 1439 1221 seye, beinebend eine zeitliche mittel habe son
383 1161 1439 1313 dern sich und seiner haußhaltung mit tag lan
388 1238 1448 1388 und saglohren erwehren und durch bringen müßen.
332 1339 1412 1525 Janits, so habe er sich wegen angebohrend mensch
364 1451 1442 1598 lichen verdorbnuß zeit seines lebens gegen dem
359 1533 1405 1681 arben gott vielfaltig schwärlich verstündiget,
353 1621 1429 1781 insonderheit aber bekennt erd, daß er seit mehr
362 1715 1424 1861 als einem jahr daher zu fings oder sei
365 1797 1439 1936 und erschiedlichen malen mit Christina Steinmann
350 1895 1423 2044 seiner ehelaribs schwöster in unzucht sich vergeßen,
352 1967 1403 2103 mit dem selben fleischliche gemeinschafft gehabt,
354 2049 1398 2181 und also die schwart stund des blutschand begangn
340 2125 1387 2274 habe, maßen seine ehefrauw, so dieser werden
321 2210 1394 2365 merckte und der er solches auch zu letst bekennt,
321 2289 1412 2446 hatte, des tagen offters mit ihme in entzingen,
329 2366 1411 2545 gkeit und zweygeracht gerachten. Allein ihme
316 2467 1375 2602 seye unbekannt, ob deßelben gebohrne kindt-
301 2555 1363 2688 olich ihme Gilgen zuständig seye oder nicht,
308 2633 1392 2763 auch habe er zu der vorgegangenen expo
304 2700 1397 2860 vition deß kindts kein tacht geben, auch deßen
304 2788 1386 2943 eine wüßenschafft nach anteill nicht gehabt.
271 2846 772 3004 Exactum obstaht.
1585 486 1684 611 17
1888 462 2746 672 he anlaaß und vorgicht
1854 599 2685 766 Christina Steinmann
1877 723 2634 862 gebührtig von Ober, Balm
1565 900 2704 1085 Als dieser mit ehrliche wils fresen.
1684 1013 2764 1155 Christina Steinmann von etwann 17. au
1693 1114 2731 1262 18. jahren alters beider über die mit ihrem
1705 1199 2774 1348 Schwager Peter Gilger begangene rebe gemein,
1693 1283 2795 1428 geschafft und blutschand, wie auch über die beschehene
1700 1373 2750 1521 exposition ihrer frisch gebohrnen kinderblind auch
1697 1459 2753 1603 auff abstehende tagen zu dreyen verschiedenen
1693 1557 2774 1707 Malen, durch wolermelts mestohlen gleichfahls
1695 1639 2765 1794 güetlich ohne ansetzung einicher Marter exa
1678 1726 2769 1855 rminiert und quaestioniert worden, hat dieselbe
1697 1812 2774 1966 slach volgende bekanntnuß und vergicht erfilt
1694 1901 2062 2037 und abgestattet,
1675 2009 2709 2185 Namlichen und Erstlichen habe erd
1653 2134 2760 2283 Syni Steinmann seit mehr als einem jahr
1691 2224 2767 2371 daher mit Christen Marthi in der damatt
1697 2319 2756 2426 einem ledigen kerl öffters und zward überd
1678 2393 2773 2537 5. oder 6 mahl in unzucht sich vertrabet, auch
1694 2485 2774 2616 verndrigen jahrs zu auß tagen anfangs
1682 2556 2728 2703 feuhelings, da er von herren kommen, einem
1691 2648 2785 2784 ihme gantz unbekannen bautoren gselb in
1674 2726 2803 2876 dem Wald angetraffen und mit demselben anst
1687 2805 2727 2955 deßen im abtreiblicher Ansezen auch Leibs-
1654 2892 2143 3039 gemeinschafft gehabt.
1662 2995 2818 3168 Dratte, so habe es auch seit mehr als einem Jahr
1684 3111 2794 3260 dahero zum offteren und zwar zu 5 oder
1677 3182 2824 3344 verschiedenen mahlen im Peter Gilgen seinem
1659 3270 2765 3417 Schwagers als der Elßbeth Steinmann seiner
1674 3349 2795 3497 nach lebenden schwösters ehemann unzucht und
1656 3442 2777 3603 fleischliche gemeinschafft gelieben, und also sich
2459 3561 2739 3693 der schwären.
