3024 4032
341 473 434 606 64
447 525 1468 678 sithers verstorbenen weibel zu Langentall auß
468 631 1443 747 einem trag bey 10 tahleren im selb ent-
449 689 1431 852 vorunt, darmit sich in das Wettschland nach
449 784 1414 942 iklerten begeben und an eine cost verdinget.
445 935 1454 1093 8. Da nun dieses gelt bald auß gezehrt, seyen,
461 1025 1440 1169 es ellung nach einem jahr wieder um nach
443 1114 1450 1239 langentahl gangen, und habe dem vorgemeldten
444 1180 1425 1314 Ammann daselbsten auß einem Tröglin über
450 1267 1434 1410 53. stil ich gelt entraubet, und darmit sich
445 1347 1416 1495 wildermalen fort und nach ferberg gemacht.
436 1447 1440 1623 9. Als auch dieses gelt verbraucht wonet etc.
450 1569 1428 1696 habe es und ohngefehr einem jahr auß dem
447 1649 1432 1787 Wëltschland sich expresses allhero begeben umb
1334 1728 1363 1775 .
439 1728 1425 1866 den anders Mühltahler Müller zu Bolen
437 1813 1447 1949 edingen zu bestehlen, und also bey demselben
433 1889 1444 2030 auß einem schäfftlin nechst des fuhren über
414 1979 1444 2112 20 fl erhaschet, sich auch nachterer in weltschland
1281 2045 1438 2115 verfügt
414 2085 1464 2224 An welchen vorbeschriebenen drey orten es allwegen
333 2167 1435 2299 sich zwüschen tag und nacht in die hauser verstelt
421 2228 1444 2370 und hernach, da die leüth in dem ersten schlagk
406 2318 1430 2448 begriffen, die schlüßel zu denen gehalten auß
412 2391 1414 2532 den losen und jupen genommen und darumb
405 2474 625 2613 geöffnet.
397 2597 1458 2732 a. Weilen dißmal auch das obige gelt vorstahn
410 2680 1408 2798 wort, seye es wieder ins land kommen und
399 2772 1436 2906 zu Solttuchen kramb gelegen, deß sorgen et
1378 2852 1442 2940 26
406 2847 1327 2979 auff einrahten das brunnen, baad besucht
1365 2948 1424 3014 lich
400 2937 1362 3070 auff dieser reyß wegen gehabten anlaßen
291 3012 1451 3138 auch zum stehlen verleiten laßen, maßen es zu
395 3088 1438 3228 worb gegen dem morgen in das wihrtsHauß
396 3173 1426 3306 hinen gangen und der wihrten den schäfftlin
386 3245 1453 3371 schlußel auß ihrer stupen genommen umb etwaß
384 3309 1441 3444 zu erbauten, allwo es aber verhinderet worden.
1660 491 1753 592 65.
1643 573 1745 673 12.
1650 658 1710 750 .
1769 566 2805 681 da es nun auß dem Bauman baad zuruk und
1763 645 2802 783 nachts etwann umb 9 uhren sund wihrts hauß
1760 720 2756 860 nach höchst eben kommen, habe es die kinder
1760 796 2810 945 Hanß Buch offen gefunden, daselbst sich hinein be
1750 876 2817 1018 gegeben und gehört, daß die kantl in einem harten
1753 957 2807 1095 schlaaff begriffen und also dem wihrt die hosen
1761 1034 2807 1169 durch gesucht und darinnen den schlußes zu dem
1753 1120 2806 1252 gelt schäfftlin gefunden, daßelbe geoffnet und
1750 1195 2778 1336 alles darinn gewesene gelt in etlichen seckelm
1730 1278 2840 1426 sy welches da nach deß wihrten klag bey 600 the
1774 1366 2824 1501 in silber und Gold sorten gewesen seyn solle.
1758 1444 2821 1586 darauß genommen und under etlichen malen vor
1768 1540 2821 1675 das hauß hinauß in seine bey sich gehabte zu
1756 1620 2823 1755 eben getragen. Gegen anbrechendem tag dann
1756 1696 2832 1833 seye es mit diesem theilt fort durch das kindentehl
1765 1775 2833 1900 gegen berig gangen, habe darvon 50 thal einem
1755 1858 2797 1997 Pfast bedenken, solches ihme nach zuberten zu
1770 1935 2826 2065 übermachen angestellt, das übrige aber biß
1761 2023 2812 2161 nach erantobeinen tragen lassen umb von
1761 2100 2860 2244 daselbsten weiters und gegen solobuhren zu Teysen.
1759 2197 2860 2320 als es nun vermercker anderb zu seyen, habe es in
1768 2270 2863 2410 deß schmids hauß zu gemeltem fraus brunner
1765 2347 2857 2483 allwo es sich auff gehalten, sin weibel mit Silberd
1768 2427 2852 2566 und einem anderen mit Golder portore in einen Aschen
1768 2512 2839 2648 Bünklin gelegt. Da dann das silber, Gelt, so
1771 2579 2846 2724 es Annalem unter die kirchen zu stahlen nit zeit
2691 2665 2737 2708 a
1762 2662 2877 2801 gehabt, sich seithero nicht wieder gefunden, Mar
1765 2737 2878 2882 also nach deß wihrten außaag annoch bey den 30. tag
1761 2832 2128 2955 gemißet werden.
1796 2908 2853 3072 emit bekennte, dieses menth, daß es bey der
1777 3022 2869 3160 jahren, daher sich lediglich von obsernamseten
1752 3104 2872 3252 diebstahlen durchgebracht, sich darauß gekleidt
1783 3185 2880 3337 und vertischgehtet. Da es zu Offerten bey 2 jahren
1779 3254 2890 3413 an des kost gelesen und wuchentlich des h tischen
1777 3345 2821 3482 gelt entrichtete die übrige zeit dann hin und
1771 3419 2709 3563 ser in dem woltschland sich aufgehalten,
2551 3518 2758 3657 Endtlichen.
