3024 4032
299 367 456 494 14
656 326 1172 463 Melcher Sausge
466 408 1489 600 Erstliches bekennt Melcher Hausero
487 542 1486 676 daß er mit und neben dem allen- Lysin und
470 627 1518 789 Gunst weil, haben vor ohngefehr zweyen jahren
458 714 1483 869 Roth bey hatt weil über einer schisches ge
455 800 1463 954 gebrachen, mit ihme aus bey dem entwenden
460 876 1485 1011 zingen erdappet, zu Trachselwald auß geschweiten
455 962 1485 1118 und für 16 jahr von ihr herr statt anderen
439 1046 1105 1178 Landten Canvidiert worden.
427 1143 1504 1288 Domine habe er mit und neben verschiedenen seinen
448 1235 1511 1384 angezeigen liebe gefahren an und erschidlichen
430 1324 1497 1469 örten annoch sechs und dreyßig diebstahl
431 1402 1486 1550 außert einem alles nächtliche einbruche verneben
423 1483 1477 1622 halflag und darbey nach verzeichnete efferten
430 1564 1458 1709 samt allerhand anderen hauß rechtlichen sachen
413 1626 1481 1798 kleideren und äßigen speisen in allem entlan
403 1721 909 1840 iden helffen. Als
411 1829 1030 1993 6sten 13 s in bahren gelt.
414 1944 1275 2106 14. Große und kleine ehrent hafen.
436 2029 1248 2196 7. Lupfero kein groß und klein
397 2149 1191 2312 25 große und keine bitten ziehen
388 2230 1109 2388 bey 50. Will stäk und Supen
378 2338 942 2478 beden 89 ell kenning tuch
377 2405 873 2554 bey 35 fl verwilchen.
360 2520 1092 2682 sch 12 lb Wyßen und glacht.
364 2593 1232 2784 4. Libel und 7 hafen mit unteren.
347 2701 1268 2885 Das fleisch von einem gantzen schwein.
362 2809 883 2931 für halbe seinen schike.
358 2879 1418 3052 2. große besten und bey und stuck keine lußlich
357 2975 830 3108 2. Nebendige Schaaff
354 3044 1426 3215 holdtlichen, so seye er mit dem Erbeth Müller
347 3167 1444 3341 genannt Allen Lysin seit etwann zweyen jahren
349 3246 1446 3397 dahero herumb gezogen und habind mit einanderen
345 3327 1431 3499 eim kindt erzeiget und gelebt, wie eheleute, ohne daß
316 3409 1019 3526 sie jemahlen copuliert worden.
2082 373 2599 490 deli Mellen
1672 407 1793 550 139
1760 470 2839 655 Dum Anderis bekennte Elsbeth Maller
1761 567 2832 743 Darnannt allen, lysen obigen s ausers einen
1763 659 2843 833 daß er wie oben gemellt vor ohngefehr zweyen
1772 744 2850 924 gasern zu raht by hatt weil auch gehaffen uber
1779 848 2840 1004 ein spycher brechen, darüberhin er und Melcher
1780 919 2861 1066 bey dem entwendten zeuge behändiget, zu trachsel
1769 1000 2871 1149 waldt and geschweitzt und diß kindes verkaufen worden
1755 1092 2875 1274 So seye er hab auch zu Münster mit dem Marte,
1769 1226 2850 1362 Ann gefangen genommen, nach kutzen geführt
1765 1274 2850 1422 vnder allda auf geschmeidt worden. Weilen mann
1767 1363 2860 1511 die beide im verdacht gehabt, als wann sie daselb
1756 1452 2865 1617 sten den bauen auff dem marit vil gelt nit
1753 1531 2877 1680 gehendt, habend aber mehr nicht als 2 bazen bekommen.
1755 1642 2864 1788 Verners habe er mit und neben seinem angegebenen
1733 1727 2765 1883 diebs gefahren annoch an verschredenen orten
1750 1823 2866 1971 sunck und sibenzig diebstahl, darunter zug
1756 1897 2833 2050 und sechzig nächtliche einbruch verieben und
1759 1987 2870 2138 an selbigen orten neben allerhand haußrahtlichen
1735 2066 2861 2217 sachen kleideren und äßigen speisen nachsprechti
1742 2149 2789 2284 icierte effecten entwandern helffen, als
1753 2246 2467 2416 Übr 260 fl. in Behren gelt.
1741 2362 2599 2493 d Große und keine ehrene khafen.
1768 2449 2639 2594 7. Weße und Reine Kupfer, laßen.
1723 2524 2284 2668 19. Weibel mit Anken
1750 2604 2909 2779 9. Seiten speck und das samtlichen fleischen von Escheringe
1733 2691 2346 2857 drey lebend in schande
1720 2791 2147 2907 10 gantzen laßen.
1734 2879 2687 3029 bey 14 t großen und haupt auß ziehen.
1731 2951 2364 3113 bey 1050 ell Leinen Tuch,
2530 3002 2740 3095 wie auch
1726 3043 2697 3198 2. Dabbitten, samt 2 haubt küßi
1714 3128 2889 3301 Endtlichen seye es erbeth Müller hieder mit den
1745 3236 2879 3369 auff die galleren verschickten Caspar spring eine zeit
1705 3303 2878 3453 lang und mit vorgedachtem Melcher Hauser umbher
1726 3381 2878 3524 gehoren, und habe mit ihren gelobt sie eheleüth und
1748 3441 2858 3582 mit dem kasteren ein kinder erbahren, ohne daß es
1735 3519 2882 3666 sich weder mit dem einten nach dem anderen habe copie
1736 3579 2061 3700 tieren laßen.
