3024 4032
1533 2625 1929 2755 19. aprilis 1721.
2285 306 2458 390 Nº 4.
1824 326 1992 482 Rp. 1
2038 399 2835 583 Marhauser vnd Vrgicht
1841 523 2041 624 .
2204 527 2778 689 Melcher Rausers
1980 653 2864 810 Von Schwanden bey Sigrist weil
1823 834 2866 1005 chdrung diser Welcher Sauser
1982 958 2865 1098 von 20. biß 25 jahren alters mit und
1994 1044 2881 1185 neben einer gantzen bander von allerhand
1969 1110 2873 1270 buß tochten und schlimmen diebs gesind
2485 1219 2546 1267 1
1991 1214 2891 1340 mit einer zimlichen benen beladen zu Großen
1989 1280 2898 1431 hochstalten wegen dartherumb eine zeithero
1995 1381 2896 1539 vorgegangenen vielen nächtlichen einbruchen
1984 1454 2894 1610 und nahmhafften saubereyens deren er
1969 1556 2871 1698 gemellte gott verdächtig von einechen
1973 1639 2902 1780 land lüthen behändiget und gewahrsamlich
1979 1709 2885 1869 aller in die gefangenschaft gebracht,
1973 1802 2892 1956 Darüberhin beides durch meinem hochgehen
1979 1893 2907 2051 den herren rahtsherren vormann
1991 1992 2865 2125 fiert und verordnetem examinatoren
1985 2068 2889 2218 mio auch ihr das dienere Mutschen z
1979 2157 2890 2308 Johann Geörg Bintzoff Groß weibel
1987 2233 2850 2403 und den gricht schreiben wyttenbach
1963 2346 2898 2491 gürtlich und ernstwortig war ohne an
1975 2419 2896 2571 gesandte Marter den 10. 13. 15. und
1972 2517 2887 2652 28 Januarii 24. februarii 27
1967 2609 2891 2741 martii und 19. aprilis ao 1621. hie
1985 2687 2913 2811 mit zu verschiedenen mahlen examiniert
1980 2755 2208 2869 worden.
2290 2765 2918 2906 hat derselbige seine bekannt
1965 2845 2911 2976 unß und verricht dahin erkellt und von
1959 2916 2904 3069 sich gegeben, daß er mit und erbenen
1959 3011 2905 3154 Nachgemellten seinen diebs gefahren
1983 3111 2902 3239 An denen nach beschriebenen orten zu sagen
1975 3186 2902 3323 men 3 b diebstahle außert einem alles
1979 3257 2825 3401 Nächtliche Einbruche habe verneben
1969 3339 2194 3475 helffen
2303 3341 2884 3482 namblichen
