3024 4032
461 543 658 680 34 f
796 491 1226 674 Clegen Canter
690 636 1294 785 61060. die Balden Gelt
675 748 1429 896 42. hohe und niedersilberne becher.
721 841 1152 948 1 silber koffel.
716 928 972 1030 1. Dachbet.
718 998 1461 1148 4. Underbeth d. Matratus prio.
717 1082 1065 1212 6 haubtkußli
703 1168 1449 1322 3. Sedierige und ein wuller beiten
661 1263 1423 1398 2t. große und kleine ziehen.
693 1339 1431 1457 v. Großes bald Keßel und anderen
729 1416 1095 1553 ke fern laßen.
670 1498 1044 1652 9. ehren schafen.
614 1604 1125 1734 1159 f keinen Tuch.
689 1684 1199 1796 23. Mit Audienne
675 1783 1087 1914 110 fl halb kein
673 1846 1221 1994 20 ettmohang, zeig
704 1953 1409 2072 3. kantze v. Betth, umbhang von
711 2010 1212 2138 verschiedenen blatteren.
653 2095 1281 2215 72. kein und Tischlachen
646 2167 1342 2312 96. handt und Tischwächeli
659 2250 1230 2374 84 lb garn und siden
634 2333 1450 2482 16 Rubel und Häfen mit anken.
641 2416 1039 2540 50 lb unschlit.
657 2497 900 2639 9. lusti.
664 2573 1061 2710 9. Seiten speit.
659 2664 1451 2818 Item aller Fleisch von einem gantzen
675 2756 891 2870 Schwein
634 2841 1434 2976 N. Lebendige Gryß und und Schaafen
645 2918 1517 3070 und an einem ort viel wanne er wage
622 3017 1465 3210 Endtlichen seige er nit etwann vier
638 3148 1439 3300 jahren daher mit Anni Christener
635 3231 1499 3391 genannt Bleig nun umbher gehohren und
635 3322 1488 3460 habind mit einer ander gelebt, wie eheleüth
629 3411 1476 3554 ohne, daß sie iemahls seyen ehrlich eingeg
617 3479 956 3617 gesegnet worden.
620 3542 1046 3706 Aet obstahl
1802 528 1992 662 35.
2255 475 2417 578 Nº. 3.
2066 587 2883 762 Schantnus und deroschlo
1951 756 2869 949 Anna Christen gemeint
2039 902 2885 1059 Bley angen von Bergelen, daß zu geburg
2015 992 2843 1135 hingerichteten authen Hofers amant
2133 1082 2670 1218 Schuh schand ehehabt.
2074 1154 2153 1240 0
2018 1208 2885 1379 Dieses weib Anna Christmer
2021 1339 2868 1467 seiner alters von etwann 33 jahren
2021 1416 2879 1552 ist auch mit vorgemelltem Clemens laues
2003 1501 2878 1642 behändiget, zu oberkeitlichen banden alle
2022 1584 2892 1720 hero gebracht und wegen vielen begange,
2019 1670 2892 1797 nen diebstahlen s deren es steill ver
2015 1752 2886 1886 nächtig, stills dann von seinen mit se
2001 1838 2904 1969 schaffteten dieben soworten beklagt, beider
2024 1936 2901 2073 durch meinen hochgelehrten Herren nachts
2014 2017 2906 2155 herren thoraramit hierzu verordne
2010 2100 2892 2229 vem cocaminatoren und auch ihr Anl.
2006 2191 2887 2319 Dienere mütsche Groß weibel und den
2002 2272 2881 2432 grichtschreibern guetlich ohne antend ung
2030 2358 2888 2502 einicher Marter den 19. februarii
2013 2452 2921 2593 24. Martii und 19 tn Aprilis 1721.
2027 2535 2927 2683 hiemit zu mehrmalen examiniert worden.
2017 2620 2901 2739 welches dannen seine bekannt auß und her
2023 2711 2921 2868 vergicht, dahin ertellt und von sich gegen
2034 2802 2938 2937 bei, daß es mit und neben nach
2015 2875 2906 3026 genamseten seinen diebst gespahren.
2037 2978 2874 3112 auf einen nachgeschriebenen orten in
2014 3046 2945 3191 allem zusamen 4. diebstahl, darunter
2021 3145 2927 3287 4 3 nächtlichen in bruche habe verüeben
2036 3231 2648 3367 helffen, als namen.
2010 3367 2948 3524 Erstliche, so seye es allerin an und erschiden
2030 3480 2921 3602 slichen orten gefangen geweßen und wegen
2040 3560 2955 3694 eichen diebstahlen vatterlich abgestrafft
2045 3627 2549 3765 und gezüchtiget worden.
