3024 4032
265 463 387 579 75
367 507 1461 702 Die wehren sind des Rütschand weg geblich
400 612 1465 782 ziklheftig gemacht, wie in dem kleinen geren
383 707 1467 858 buch mit umbständen specificiert ist es unn
383 796 1435 946 emeine aber nicht, daß sein gedachtes kinderlich
390 882 1443 1032 diesem seinem schwagers sonderer einem von obge
372 965 1432 1122 gemellten beiden gsellen zuständig sezt und be
366 1041 709 1178 wuchen möge
350 1193 1442 1373 Endtlichen, da es gedeüter Kindt zu halt
396 1308 1396 1450 gebahren, habe es in der frecht und angest
344 1404 1422 1538 seiner schwöster Anni Steinmann umständig
363 1478 1394 1616 ersucht, daßelbe etwann zu einem hauß zu
353 1562 1316 1701 stragen, damit mann es demnach fründe,
1314 1607 1408 1684 .
358 1647 1400 1806 Worauff ermellt seine schwöster beisein ihres
352 1734 1379 1878 etwann zehen jährigen bruders anzogenes
358 1819 1436 1973 Kindlin hinterg gewagen und solches am hohen
352 1902 1410 2031 auff der weite in einem käbelin exponiert
338 1985 1430 2132 und kiegen laßen, weilen einiche schul kindere
339 2062 1409 2212 gegen ihnen zu kommen, als welche das kindert
340 2158 1389 2297 auch gefunden, auffgehebt und nacher Hanß
320 2258 689 2370 getragen haben.
282 2331 865 2497 Ot cum ut supra
297 2497 1450 2666 achsen wegen und oberen nächt und
336 2623 1432 2730 Jurger obbeschreibene bekandtnussen und
318 2690 1374 2809 vergichter dieser beider Maleficanten
341 2778 1438 2885 umbständtlichen angehört, habe red dieselben
323 2838 1394 2965 darüberhin bey ihrer eyder erkent, daß
307 2915 1431 3012 denenselben zwar am heben verschonet, denoch
317 2981 1401 3090 aber zu wohl verdienter straff diesers ihres
294 3047 1403 3151 verbrechens er Peter Gilgen wacker mit
297 3106 1414 3233 richten gestrechen, das Stieri Steinman
294 3183 1397 3301 dann den zu erachten neben ihme die Statt
291 3254 1403 3381 hieunder geführt, beide aber nach wahrts
295 3317 1405 3436 für ewig von deroselben statt und landen
289 3384 1430 3504 verweisen werden sollinds, jedenoch mit dem
282 3448 1409 3551 heiter einen, daß der Gilgen undemans das stein
298 3488 1401 3605 aber nach etwelchen tagen oberraus verschickt
289 3555 1420 3664 werde umb wo muglich dardurch zu verheiten
288 3616 1429 3713 daß selbige künfftighin einanderen nit liechter
298 3674 1385 3769 antreffen und wider zusamen konnen thügenden.
282 3714 1290 3837 acte vor et und 3 den 2. martii 1723.
1620 1589 1664 1664 2
1615 1730 1667 1801 3.
1566 353 2816 613 1. Gebel an Merlohrn herren grosweibel im Hoff
1600 455 1650 556 9.
2563 459 2776 553 Sie
1671 476 2569 645 und herren grichtschreiber wyttenbach.
1660 543 2822 747 dieser meyhlg und oberen erkandtnus be
1661 613 2771 816 richten, mit besolch dieselbe nunmehro
1663 711 2514 872 an ihnen exequieren ze lassen.
2704 767 2834 841 153.
1657 791 2584 979 Peter Gilgen am leben verschonen.
2759 837 2811 905 9
2034 857 2305 950 zum tod
1792 884 2836 1037 Ausschweitzen und elig bannisieren 155.
1668 973 2581 1120 als ein dreyfacher ehebracher nach
1672 1037 2626 1200 der chorgricht satzung abstraffen und
1682 1115 2632 1255 noch für 6 jahr banisieren darbey
2746 1191 2841 1279 17.
1665 1185 2610 1345 auch die Ehe Glonschen seiner frauwen
1906 1295 1959 1354 e
1663 1298 1912 1383 aufheben
1674 1328 2632 1490 Christina Stamman gleichmässig
2747 1383 2839 1483 63
1677 1415 2615 1539 aus schmitzen und elig benisteren
1674 1511 2623 1636 angschweitzen und fur sache Jahr
2769 1552 2850 1622 27
2173 1603 2231 1672 .
1686 1605 2175 1709 ins Schallenborock
1692 1679 2644 1821 ihne ausschweitzen ebig barrivieren
1677 1752 2606 1847 ward neben dem Gilgen allein der
2774 1793 2840 1901 71
1667 1826 2253 1939 statt hinunder führen.
