3024 4032
264 439 399 544 54
422 473 1455 634 daß diesere sandtliche Sieben Maleficant
422 566 1434 759 nechst empfehlung ihrer armen stellen in
426 662 1449 840 die sind ihres erlaßen etc. Dem scheren
410 752 1452 901 richter abergeben, durch den selben obenans
422 832 1448 994 auff die gewohnlichen nichtstatt gebunden und
412 934 1438 1108 gefangen geführt, daselbsten zum schreiben
423 1049 1455 1184 und exempel anderer dergleichen Misßen,
384 1147 1434 1307 stähteren nach loben statt Bott habenden
420 1229 1434 1386 sachen oberkeitlichem gewalt, so viel auire
406 1342 1421 1472 Christoner und Anna Keller betrifft
410 1429 1453 1582 beiden mit dem schwert sehr haubt abgeschlagen
394 1523 1465 1674 ogen und samt dero leiberen an das verschmachte
1048 1633 1448 1740 Anlangend dann
403 1621 777 1767 Oot verscharet.
376 1705 1450 1853 Die übrigen funfft, als Melcher Sauser
384 1810 1440 1977 Ehrbarli Müller Ballli Gartner
386 1908 1451 2074 Ulli Spaler und Johann Clemens
353 2001 1447 2165 Camer, daß solche samtlichen mit dem
371 2112 1416 2254 strangen vom leben zum tod hingerahtet,
374 2186 1435 2349 wegen umbstands der zeit dann der dorper
366 2291 1406 2408 Auff den morndrigen abend nach sonnen,
363 2380 1429 2528 Niedergang von dem hoch gericht abgenommen,
362 2475 1404 2622 und nachwerts an das verschmachte ort
352 2560 1277 2715 gleich obigen verscharret werden, sollend.
344 2655 1461 2778 Actum coram 200 den 5ten und exequiert
346 2744 1006 2869 Den 6ten maii 1721
1628 457 1717 566 55
1809 487 2798 710 Bekantnuß und erbergreth
1679 698 2820 885 Issrente sich dies seinem vorgeben nach
1729 807 2808 993 diß verstorbenen Hommann Ludis von Bübingen
1719 901 2749 1082 glischen Wyningen und berendorff rechtliche
2151 983 2358 1141 lechter
1600 1136 2782 1389 achheiner Vieria Rudi seind aller
1738 1304 2801 1477 von etwann 36 jahren wegen auff sich gehabter
1723 1397 2797 1555 großen summa Gelts in verdacht gerahten, seinigen
1738 1476 2832 1630 enbaugsten dem wihrten zu Großen höchstetten nachte
1729 1564 2788 1725 etlicher weile beschehenen nahmhafften diebstahl
1723 1662 2785 1822 verbracht zu haben und des wegen auf beschehene
1737 1761 2821 1905 anstalt zu Frautsammen angehalten und folglich
1722 1828 2803 1984 von daselbst men herren landtvogt gebehrsam
1713 1932 2821 2071 etlich zu Oberkeiten und banden allhero verlandt worden.
1726 2010 2829 2188 Auch auß ihr gut befelchen dasselbige zu verschik
1712 2107 2806 2263 Henen mahler beider durch meinem hochgeehrten
1729 2203 2829 2344 herren Rattschieren ortsell als hierzu ver
1722 2291 2786 2432 ordnetem herren examinatoren und ihro
1724 2363 2822 2533 Gel. Diener sohn 2 Groß weibel im Hof
1733 2465 2844 2605 und der grichtschreiberen den den 5. und 15
1703 2547 2836 2694 Septembris d. 72 d. an der freundtlichkeit ohne
1728 2648 2824 2785 angelandte marters examiniert und zu red
1718 2726 2824 2874 gestoßen worden. Hat dieser weibs person.
1727 2805 2821 2975 nachvolgende bekanntnuß und vergicht gebahren,
1741 2908 2674 3061 und abgestattet. Als Nannichtsa
1709 3012 1781 3128 1
1700 3075 2843 3248 dato das erste, daß er nichtlich gebohreng seye
1737 3193 2854 3327 und von seiner muter wegen ihres früchtzeitigen
1722 3259 2832 3417 absterbend keine laußenschafft und nachdemens
1729 3357 2842 3499 habe, sondern von Teinan Rudi zu Büringen sei
1726 3435 2870 3585 inem vermeinten vatter in seinem hauß gehalten.
2623 3555 2814 3651 und biß
2828 2120 2872 2224 1
