3024 4032
241 284 392 403 10
634 307 1181 504 Elobelli Müller
576 460 1429 655 I. sinnig mit schikt und das samtliche
629 588 1270 733 Fleisch g l gantzen schweinen.
575 669 1122 816 drey abend in Schnen v
560 798 970 903 10 ganze lasern.
568 885 1439 1044 weg und gesehen und haubt laßen ziehen.
587 971 1173 1135 bey 150 Ell Leinig Tach.
580 1085 1058 1212 sich 35 ell zu solchen
582 1179 1009 1299 bey 34 lb garten.
573 1257 1231 1412 Sey 27 lb gleicht und systen.
1282 1306 1381 1422 und
572 1357 1343 1513 2. Darbethsamt 2 haubt lassen.
554 1531 1451 1705 Eidtlichen seye es lebetth schuller
573 1673 1432 1810 Hievon mit dem auff die Galleren ver
557 1753 1403 1902 gschikte Caspar spring eine zeitlang
586 1844 1450 1978 und bey zwey jahreng mit vorgemellten
578 1928 1425 2068 welcher Hauser umbherd gezogen und
562 2004 1428 2156 habe mit ihnen gelebt wie eheleüth, auch
548 2095 1394 2221 von dem letsteren ein kindt erbahren,
560 2169 1404 2317 ohne, daß er sich wider mit dem entri
568 2270 1424 2393 nach dem anderen habe ehrlich einsegnen
528 2349 761 2471 Kusten.
532 2464 965 2622 ilten bestelt.
1521 3294 1980 3478 zu Verbenen. Sol 16
1755 3430 1783 3471 1
1647 3410 1932 3555 N. Ihnen buch
1743 434 1898 566 11
2321 379 2453 478 13.
2027 433 2813 608 Schulhause vnd Virgicht
2023 573 2886 754 Sattli Pfaffers ab dem
2197 685 2562 831 Geaten Berg.
1839 798 2868 988 Der hanns Bucht, dahero
1921 941 2883 1094 2. Aines Alter von etwann 19 jahren
2017 1021 2899 1160 von hievorbemellten beiden und anderen
2014 1080 2905 1249 diebe, ofer von ein anhend dieben stucken
2001 1176 2919 1330 beschuldiget, und zu Wettis weil mit hand
1989 1285 2913 1414 Stall Rieti genant und ann zimmermann
2013 1367 2916 1500 die rahte geheißen mit eines zimblichen
2000 1443 2906 1604 beüth beladen von daselbstigen bauter
2008 1542 2917 1697 lüthen angehalten, gewahrsamlich allhero
2006 1617 2909 1768 geführt und in die oberkeitli gefangen
1996 1709 2912 1859 gschafft gesaget, volglich von meinem hochen
1987 1788 2903 1954 gehalten veren Rathetiere vor
1994 1880 2908 2025 mann, als hirzu vernamseten kra
1984 1972 2910 2114 minatoren, wie auch sehr gn. Dienere
1973 2060 2871 2218 Melchen 2. Hanß Weibel und den gricht-
1993 2155 2902 2297 schreiberin in der guete ohne angewendte
1981 2234 2901 2361 Marter den 15ten und 21ten Januarii.
1990 2339 2905 2483 19 und 24ten februarii und 19. Apri
1991 2432 2856 2583 dio hiemit zu verschiedenen mahlen
2703 2514 2889 2666 hut der
1992 2523 2500 2656 examiniert worden.
1982 2577 2855 2746 selbige seine bekannt auß und vergicht
1997 2705 2803 2848 dahin ertellt und von sich gegeben,
1953 2777 2907 2924 daß er mit und neben nach vernamseten
1984 2872 2905 3007 seinen diebe gespahnen an denen nach
1969 2930 2909 3076 specificierten deren zusammen 3. tag dab
1975 3025 2901 3161 stähl, darunter 20 Nächtliche einbrü
1979 3116 2655 3236 ihr habe verneben helffen
1985 3191 2329 3337 als nambl
2008 3281 2900 3471 tselichent seye er end etwelchen Jahren
1983 3398 2910 3543 zu Urthenen tag sagt in eine sonderschein
1990 3493 2895 3624 fenster hinein geschloffen, allwo er mit
2659 3604 2800 3661 einem
