3024 4032
277 424 417 559 de
431 412 1429 614 Zu arburg noch einmacht wegen einers entlandten
423 545 1472 701 kuchen, daß entwegen, er alhier und schallenhart
418 640 812 772 geschmidet worden.
414 681 1435 881 zu Lauppen seye er vor 3 jahren wegen
423 799 1435 964 dergen dasiger funden verüebten diebstahlen
405 877 1320 1032 außgescheit und banvidiert worden.
404 974 1430 1162 zu Bremgarten, dann seige er vor 3 jahren
417 1065 1452 1228 mit dem Zürich solliae eingesezt und nach dem
416 1161 1439 1298 es deß sollianis execution zu sehen müßen
424 1247 1393 1392 auch außgeschmeizt und banndiert worden.
405 1345 1440 1486 ebenfahls seye er zu wanden wegen eines vor
406 1431 1362 1588 gehabten diebstahls gefangen gesetzt worden.
409 1544 1405 1698 Ward einichen jahren habe er mit dem andern,
393 1652 1393 1797 Waldner Frantz dem staben Thöni und
397 1731 1433 1877 seinem anderen seel willis genannt, sich nach
388 1808 1323 1954 Mühli seiters im auf Signant begeben,
1338 1872 1410 1943 in
394 1904 1390 2036 meinung daselbsten viel gelt zu bekamen,
385 1979 1419 2108 allwo sie sich mit eine ander berahten daselbste
388 2065 1448 2198 gem mann den schlußel auß dem sach zenemen,
379 2131 1423 2280 Worauff der Frantz und schwaben Thöni mit
372 2230 1436 2343 der schwellen sind nach ein nach gemacht und hinein
376 2299 1409 2422 geschlaffen und nachsterts in der stuben einem
371 2372 1404 2500 schutz auff denselben mann gefahren und nichts
365 2457 699 2562 bekommen können.
339 2534 1417 2720 Bortners habe es mit übrigen seinem angegebene
339 2653 1405 2813 diebs gespahnen annoch mertzig diebstähl
341 2750 1421 2893 darmit er 33 nächtliche Einbruch begeben halten
322 2838 1441 2980 Darbey neben vielem hauß rachtlichem eng ußge
324 2911 1405 3051 speisten und kleideren annoch nachbeschriebene
974 3018 1050 3117 d
1051 3000 1152 3091 als
339 2990 973 3138 sachen entlandet worden.
339 3072 773 3229 b 80 fl in gelt.
331 3184 749 3311 2. Ehrene Häfen
308 3232 1244 3388 d übel und 2 Hafen mit anken.
323 3341 862 3477 Eine kuche ab der Weyd.
308 3421 743 3559 d. d. gantz kasten.
1593 432 1711 563 67
1753 491 2273 656 silberent sellenbuchen.
1730 573 2636 760 6. Judibuige und in weiß wullene debi
1711 673 2547 864 d. Underbetl. D. Matrati pro
2552 787 2584 839 .
1738 752 2018 906 . Dubbruch
1733 859 2199 979 Hey 100 lb. Darn.
1729 945 2788 1134 zu Langenfahl und wangen verschiedene nahm,
1745 1041 2338 1184 schaffte Krämer waaren
1705 1211 2808 1438 Endtlichen sehe er mit dem Clemens nit etwelchen
1749 1353 2786 1517 jahren umbher gezogen und habind mit einan
1725 1433 2788 1604 deren gelebt wie eheleüth, ohne, daß sie jemahls
1728 1531 2291 1669 Ehrlich eingesegnet worden.
1684 1651 2800 1840 Wir nun nachter allerseits Gnedige
1714 1796 2786 1947 Herren und oberen raht und suraret auß
1719 1875 2776 2036 solohnen bekanntnußen und vergichten angehört
1739 1970 2817 2139 und verstanden, daß diesere silber gefangen,
1732 2074 2806 2220 ne Maleficanten, so viel Nächtliche Einbruche
1726 2154 2775 2307 und diebstahl teills selbsten verbracht, wills
1722 2257 2762 2393 aber derselben sich weillhafftig gemacht und
1719 2331 2785 2487 solchem nach in betrachtung gezogen, einer seits
1719 2414 2797 2569 wie durch dergleichen fräfelhaffte Eingrich und
1713 2505 2809 2648 diebische Verbrechen, die Allgemeine sicherher deß
1720 2585 2827 2756 kandts gehemmet und also die lichen und stilstand
1714 2686 2812 2836 dero getreüten undersahnen zerstöhret werde.
1701 2781 2832 2937 anderseits dann sich schuldigster maßen erinneret,
1726 2868 2806 3027 dero zu abstraffung dergleichen mißetahlen
1729 2959 2850 3106 von Gott dem Allerhöchsten Regenten ihnen
1716 3054 2824 3200 anverwantten hoch oberkeitlichen amts und
1710 3135 2449 3283 daran hangender pflichten etc.
1698 3241 2858 3417 Habend darauffhin hochgedacht unsere aller
1705 3361 2808 3497 rseits gnädige herren und liberen bey ihrem
1717 3439 2701 3594 Erden zu Recht erkennt undt gesprächen
2558 3561 2716 3668 daß
