3024 4032
373 369 521 462 226.
507 498 1452 668 daß sich der Patiert in dem unteren
488 615 1514 770 Leib verbluten könnte Beyderersten
489 705 1482 831 Restorgung der Wunde, seye ein Stuck
485 821 1440 914 vom Vel bey einem Zoll lang zur
482 879 1432 997 Wundenherauß gehangen, welches
482 988 1508 1093 Herr Operator uhn bieder ordent
466 1063 1487 1191 glich durch die Wurden in Leib hinein
479 1150 1466 1297 geschoben; Was aber Ihnen stelze
483 1246 1366 1380 nißlich vorbomensteyn daß der
473 1344 1456 1465 Patient stogar erblaßet, im Besicht
472 1439 1490 1562 auch an hand und Fueßen ganzerbal¬
452 1550 1486 1653 itet, und schweißig steye, und daß Sie
464 1652 1450 1768 keinen Fuls versführen können,
470 1736 1448 1859 welches Sie zu besorgen mache, daß¬
458 1818 1447 1958 sich viel Dlut im Leib vergießen
451 1933 1451 2048 müße, diesere absenz deß Pulstes
438 2032 1398 2155 habe auch veranlaßet, daß H. Doctor
437 2123 1462 2257 Roßelet den Herrn Doctor Master als
428 2232 1459 2347 Ordinarim im haus, hierüber zuver¬
423 2354 1477 2443 nemmen verlanget, als belchem die
432 2415 1417 2553 Bebandenuß seines Ordinari Pulles
432 2515 1479 2626 am besten bekannt seye könte, derselbe
404 2607 1420 2722 habe bey seiner Anbunfft den Pfuls¬
425 2697 1360 2819 betastet, und denstelben zwar in
414 2793 1438 2899 Atloas aberstoschwach befunden, daß
400 2906 1413 3021 erstehier unvermercket seye, Es habe
392 2991 1412 3111 auch bald der einte, bald der andern von
376 3087 1387 3208 diesen Herren deß Patienten Leib
396 3176 1436 3308 betastet, und als einer derselben gestagt,
379 3281 1447 3422 Er befinde denstelben doch nicht so parstehr¬
1098 3390 1422 3513 gespanete
2639 395 2834 527 221. s
1741 549 2759 694 gespannet, habe der Patient geachzet und
1735 638 2761 781 gestagt, er seÿe jasto hart als ein Stein,
1741 743 2793 885 da man hierauf einen frischen Außschlag
1754 825 2741 971 auf die Wunde gemacht, habe der Herr
1754 926 2729 1069 Deponent Selbige auch selbsten gestehen
1751 1031 2754 1143 und exacte also befunden, bie Sie ihme
1732 1116 2248 1219 beschrieben worden;
2354 1132 2721 1238 Als die Wunde
1753 1200 2731 1346 wieder bestorget wäre, sagte H: Doctor
1747 1306 2676 1432 Roßelet dem Herrn Deponenten, Sie
1732 1423 2725 1546 haben nun für den Leib gestarget, und
1733 1493 2674 1651 werden ferners alles mögliche Thun¬
1738 1602 2755 1719 Die stellen nun anheyms pro Spirituali,
1713 1668 2763 1816 bus auch zu sorgen, es seye ihre Schul¬
1724 1771 2480 1889 digbeit solches zu Ahnden:
2570 1777 2690 1886 17
1720 1866 2748 1986 ehr man Aber solches gewünschet hatte,
1717 1956 2674 2073 sto haben, doch die Anbestenden wegen
1699 2048 2744 2170 der außer ordentlichen Schwachheit deß
1711 2133 2749 2241 Patienten, und ihme alle emotion auß
1709 2225 2761 2357 zuweichen, solches nicht thunlich erachtet.
1709 2316 2702 2459 Diesere fort gedaurete Schwachheit deß¬
1709 2429 2704 2560 Patienten und die schlechte Hoffnung.
1717 2526 2712 2644 über seinen Zustand, haben den Herrn
1715 2612 2708 2747 Deponenten veranlaßet, seinen sehr
1703 2726 2653 2833 schwachen - aber dennoch bey gutem
1712 2805 2703 2931 Verstand sich befindenden Schwäger zu¬
1703 2909 2682 3034 befragen, ob er bey so nißlichen
1693 3012 2735 3129 Gestundheits Umstanden sto bohl zu seiner
1691 3104 2723 3233 deruhigung, als auch zu beßerer bestorg¬
1690 3186 2604 3318 ung seiner Wunden, Ihme nicht
1685 3292 2636 3411 einige Umbstände, oder aufs benigste
2486 3392 2644 3503 dm Ar
2796 1077 2823 1138 n
