3024 4032
633 453 1112 640 Sopia Zebels
541 614 1531 787 In Meinen HochgeEhrten Herre Rato¬
520 684 1525 827 Herrn Willasing mit zuthun Herne
523 768 1489 902 Großbeibel Sapelhoffers und Herrn
520 842 1126 994 GrichtSchreiber Haller.
463 1038 1513 1189 Aus dem, mit dem allhier inhafftierten
509 1137 1421 1248 dendicht Simon, ob der Kond garben
498 1211 1541 1370 gebürtig, Einem Jünglin von 21. Jahren
509 1303 1463 1429 alters, verführten- und heute vor
502 1392 1512 1542 Mug Hv. abgelestenen Examine, ver¬
485 1493 1463 1620 nemen Meghl., belche Unthaten
496 1602 1527 1735 derselbe durch seine Freÿbillige Bebant¬
484 1685 1284 1816 nuß eingestanden habe;
1286 1713 1446 1811 Niue
484 1791 1500 1916 Kinden Meghl. vor Vorkremung eines
482 1875 1486 2011 beiteren Entschlußes nötig, und auch¬
472 1963 1478 2083 der bißhörigen Abung gemas, durch
473 2068 1420 2190 Einen HHv. Ober Exeaminatorn die
460 2144 1486 2283 bereits verführte Procedur, gegen Ihne
442 2253 1496 2372 Dinon recollieren zu laßen, und haben
443 2338 1474 2472 zu dem und Erch Muhhl.. Ratsherrn
442 2452 1481 2579 verordnet, mit Freundlichem Gestimen
446 2548 1460 2666 mit und neben Herrn Groß beibel und
423 2626 1496 2789 Herrn Brichtschreiber dieser zu erstadten,
424 2748 1460 2889 weilen Ihr MHher: das Officium eines
430 2854 1485 2962 Herrn Obern Examinatorn, an plah Mohhl.
423 2931 1435 3081 Ratsherrn Lerbers, den sonst die Kehr
412 3019 1414 3162 treffen Thate zu übernemmen, beliebt
413 3110 1440 3251 seyn wollet, Einersteits; Un weilen
401 3229 1424 3362 Anderseits Megh.v. in anstehen der
400 3326 1453 3458 auf Ihne Simon hafftenden Unthaten
1275 3467 1407 3545 noch pc.
2669 503 2755 613 309
1750 560 2773 724 Hhoch inetlichen Puncten mehreres Kiecht
1753 662 2729 793 und Gebißheit zu haben, deviderieren;
1753 737 2675 864 als werdet Ihr N h6hli Freundlich
1742 833 2734 964 ersucht, gebußen Mann, N: Müller
1743 897 2700 1037 sich namstend, allhero zu bescheiden
1748 1022 2734 1136 und nach vorher ihme ertheilter Ver¬
1727 1119 2736 1285 mahnung, steine Außag alsto von Sich
1710 1219 2686 1358 zustellen, daß Er stolche allenfalls¬
1724 1302 2740 1460 durch abschlöörung einer Cörperlichen
1725 1404 2676 1545 Eydes, bestätigen könne denselben
1733 1509 2714 1637 in seinem Bericht zu vernemen, was
1716 1598 2709 1768 Ihme über gebuße Sach, von deren Ihr
1708 1679 2657 1839 MehbohE: das mehrere heut Selbst
1719 1819 2718 1949 angehört, in Bußenseÿe. Dadann
1717 1903 2638 2035 insonderheit dieser Mann auch zu
1721 1976 2745 2150 betragen sleye wird, in welcher Stellung
1701 2093 2657 2221 er diesen Siion gestehen, wo und zu
1714 2187 2683 2315 welcher Zeit bar er von dem Connatu
1714 2278 2630 2422 ad Actam, oder deßen Perpetration
1698 2399 2640 2539 zu Zeugen wüße, und wie weit Er
1693 2477 2677 2625 davon entfernet gebesten, auch was
1697 2599 2715 2716 dergleichen weitere Umstand seyn mögen
1694 2652 2656 2830 Worbey auch Eich Michbhr. zugleich¬
1690 2795 2675 2918 überlaßen wird, je nach anleitenden
1689 2888 2605 3010 Dingen, Ihne Müller mit dem
1683 2977 2638 3130 Inquisiten Sinvon zu confrontieren.
1685 3094 2580 3225 Da drickens auch Megh. nöhtig
1685 3205 2637 3330 erachten, queestionirliche im Examen
1694 3321 2703 3439 vermelte Jungen Knaben und Magdlin
2512 3438 2649 3521 über
