3024 4032
376 431 483 549 168.
485 516 1523 670 Unbenschheit ertappet in die Chere
472 625 1496 757 grichtliche Gefangenschafft gebracht
491 696 1492 838 worden. Den 103 Mey darauf sezun
463 769 1501 928 Er von ohngefahrd in die Befangenschafft
484 858 1493 1019 gegangen, da haben andern Weibs Ditbe
473 945 1465 1084 die gleichfalls in verhafft waren, ihme
455 1039 1462 1180 verdeutet, diese Elß bet h. Zloygart habe
479 1130 1468 1273 auf ihres zumichten Ihnen bebennet
464 1208 1450 1348 es seyn Schbänger, und zwar von dem
466 1306 1462 1445 Klinden Carl. Dienz. Diesemnach¬
454 1389 1474 1506 habe er es selbsten befragt, ob es bahr,
451 1485 1463 1603 daß es Schlänger seyn, belches es Ihmne
452 1566 1486 1704 auch bejahet und gleichen Racter ange¬
442 1654 1445 1776 geben. Hierauf habe er es Pfflicht¬
446 1742 1435 1878 mäßig Muhhl.8. deß Oberen Chor¬
443 1803 1477 1963 Grichts angezeiget, Welche just verstan¬
433 1898 1422 2022 vlet baren, die dann dieses Mentel¬
439 1999 1477 2137 alstobald vorstich bescheiden, da es die gleiche
421 2093 1438 2230 Bhautnuß ganz freymichtig gethan,
428 2193 1453 2323 Borauf es der Gefangenschaffs erlaßen
422 2271 1453 2401 und durch den thurn Weibel Mathes¬
397 2362 1367 2497 zum Stein in sein Heÿmath geführt
418 2456 637 2547 worden.
761 2453 1459 2601 actum den 2ten Augustij.
389 2543 571 2641 1751.
368 2743 1470 2935 Ewegste und Voltständiger Infor¬
628 2887 947 2975 mation.
1123 2898 1315 2991 Mit.
371 2946 1467 3139 Elsobet Sentikosir, Glleyg
379 3103 1407 3237 Termantts Ehebeis, von Hindelbams
345 3179 1428 3376 Nachdemiie derstelben ihre zu Hindel¬
382 3310 1381 3455 bande vorsich gestelte und von dem
1122 3438 1455 3572 Herrschaftt.
2722 353 2830 476 169.
1696 490 2829 661 Hrrschafft, Schreiber zu Macsstecken
1711 610 2817 725 in Schrifft verfaßte Außgagbörtlich
1710 676 2803 811 abgelesten boden und die hernach auf
1705 752 2766 868 des trische Mündlich verhört berden
1703 846 2747 971 daraus sich dann er zeiget, daß in ihrer
1706 925 2781 1055 ersteren Außaag nicht alle Umbstend
1691 999 2720 1131 enthalten seyen, bard Sie noch malen
1678 1082 2698 1220 ernommen, belche dann nach einer
1693 1173 2807 1309 bräfftigen Ermahnung die pure Wahr¬
1684 1252 2663 1393 heit zu stagen, bey ihrem Gelsen
1692 1339 2258 1473 declationt, bie folget.
1659 1456 2796 1571 Ander Nacht zwischen 15de und 16don
1675 1533 2787 1683 genmonats, seye die Elßbeth zuygarts
1684 1618 2781 1745 biß am Syistag am Morgen um halben
1677 1718 2720 1844 Sieben Uhr zu offteren mahlen aus
1681 1780 2727 1909 der Kammer die Stegen hinauf und
1685 1864 2761 1993 ab und hinter das Hauß gegangen und
1673 1943 2774 2071 habe sich geklaget, es habe ein staribes
1672 2015 2728 2160 Baucfbehe, die Zeitenstecen Zuruck
1679 2124 2794 2234 geblieben. Jahrem dieser Zeit etban
1678 2181 2772 2318 um 5. Uhr habe Sie ihme eine Suppen
1684 2257 2736 2396 gemacht, belche die Magd ihme i die
1678 2343 2231 2455 Kammer gebracht.
2396 2356 2741 2475 Da es gegen
1680 2417 2730 2548 Uhr ganz angebleidet bieder herab¬
1679 2498 2758 2623 gebommen, habe Sie es gefraget, ob¬
1672 2575 2691 2701 es ihme gebeßeret, bor auf es Jhra
1682 2656 2713 2783 geantbortet, ja es habe nach gelaßen,
1682 2738 2748 2841 indeme es seine Zeiten Sieder bekommen.
1657 2812 2685 2952 darauf steye es mit ihrem Wann an
1670 2895 2744 3010 das oememe Werck gegangen. Etban
2607 2974 2711 3020 dnst
1671 2972 2751 3097 gegen Wein Uhren sehe Sie ohneatbas
1675 3050 2758 3176 dergli zugedemken, und von ongefahrd
2188 3126 2428 3182 gegangen
1678 3126 2734 3260 in die Kammer uortigen, da Sie also¬
2125 3209 2247 3268 ntbes
1656 3216 2613 3321 bald vor dem detl bahr genommen,
1681 3276 2722 3426 belches Ihra verdächtig vorgekommen
1670 3366 2689 3510 habe Sie unter dem Seth geschauet, und
2545 3444 2678 3532 dat pc.
