3024 4032
330 354 522 452 1194.
562 491 1529 718 wareslich deßen wohl zufrieden, als e
544 614 1446 753 Deponent nun unschimpft seine
537 712 1502 847 Meinung eröffnete Sie haben alle¬
535 792 1514 957 beyde böste Mäuler, habe sogleich H.
511 904 1510 1048 Sellenberg obwohlen Schärzweis gestagt,
527 972 1147 1095 Er komme nicht daran.
1149 1017 1234 1092 Piti
1247 1037 1510 1135 Endlichen
519 1082 1514 1231 habe er depl. sich erkläret, er müße
536 1194 1511 1329 nach Haus, und zu herrn Fellenber¬
533 1279 1534 1426 und Luz gestagt, es seye gezund genug¬
520 1370 1490 1494 darauf Sie alle vier mit einander
511 1445 1481 1593 fort gegangen, vor dem Hauß¬
502 1566 1502 1680 haben Sie den Herrn Brichtschreiben
493 1666 1515 1781 Haller verabscheidet; Sie übrige dreÿ¬
486 1758 1488 1891 dann seyen mit einander die Stadt¬
491 1858 1493 1981 hinas gegangen, seye precise halber¬
488 1958 1416 2077 8. Uhr gewesen, als Sie über den
494 2038 1473 2181 Plaz ab gegangen, Herr Fellenberg
479 2152 1468 2282 seÿe ein paar Schridt Vorauß und
485 2241 1471 2357 er Däpl. und H: Luz nachgegangen,
486 2334 1434 2477 untenhar dem Zeit Glocben Thurn
473 2418 1471 2576 habe Herr Fellenberg ihne Deponente¬
476 2544 1410 2657 verabscheiden wollen, und gestagt,
484 2618 1476 2751 er werde auf linber Seiten die Stadt¬
454 2735 1467 2844 hinab gehen? Er ihme aber gedienet,
463 2820 1442 2947 Er wolle ihne begleiten, sosteyen
465 2897 1477 3040 die alle drey mit einander die Lauben
469 3007 1465 3139 Schadtsteiten abgebesten, und Herr
449 3112 1425 3246 Selbenberg wiedermalen ein paar¬
1079 3207 1471 3326 Bey deß Herrn
448 3208 1081 3339 Schridt vorauß;
436 3309 1448 3449 Luhen Hauß steÿe Herr Pellenberg¬
1239 3410 1468 3519 vorauß
2696 393 2828 514 193
1766 570 2768 700 vorauß in den Haußgang getrecken,
1760 691 2784 781 dorten habe er Deponent die veralscheidet
1755 753 2750 873 und quittieret, da er abergeachtet, daß
1748 834 2728 947 Herr Kellenberg sich bey Herrn Lutzen
1742 909 2798 1055 hauß aufgehalten, habe er beysich gedacht,
1745 1014 2757 1125 weilen er ein Reuschlin habe, möchte er
1746 1100 2740 1215 von dem H: Luz etlaas expluation über
1739 1180 2747 1305 vorherige Discoursen begehren, welches
1735 1257 2796 1405 bloß die Wochen zuvor ihme depl. stelbsten
1742 1367 2698 1507 mahl mit Herrn Fellenberg bieder
1723 1448 2799 1564 fahren; darauf er unter MshH
1727 1537 2785 1649 Dauloherrn Schiftelis Hauß ein benig
1727 1644 2761 1767 Zurück geschanet, da er in der That alle
1736 1721 2788 1840 beyde unter der Hanß Thur bey einan¬
1727 1818 2683 1929 der und gegen über stehen gestehen,
1720 1878 2794 2015 da Er aber keine Wort, beniger erniche
1723 1975 2749 2096 dispate, so bohl im Stadt abgehen, als
1705 2052 2737 2190 dorten gewahret noch gehöret, seyn er
1717 2144 2737 2266 seines wegs nach Hauß gegangen.
1723 2212 2787 2358 nichts wenigers als eine querelle zwischen
1735 2323 2274 2414 ihnen vermihtend.
2459 2328 2729 2429 diß steyze
1732 2389 2687 2535 alles, las Ihme von dieser ganzen
1726 2476 2215 2619 Sach bewußt seÿe.
1789 2599 2683 2735 Endete hiermit seine Außaag.
1714 2715 2647 2847 Also abgelesten und conpirmiert.
2413 3089 2765 3227 E. Wlhe
