3024 4032
227 279 324 380 66.
468 280 1083 419 Bendicht Schlafti p.
414 426 1359 568 gantz in die Engegetrieben wäre; der
401 523 1368 634 Belinquent sich auch alldorten ehinder nicht
389 585 1401 718 zu der leidigen gegenloche gesetzet, als nach dem
398 655 1284 767 der Verstorbene forth und forth mit einem
398 724 1356 831 Stecken auf ihne geschlagen, und betrohet
394 784 1304 908 Er wolle ihme geben, biß Er genueg¬
398 861 1329 976 habe p. Welches ihne Endtlichen Veran¬
397 927 1297 1038 laßet, daß Er das Meßer gezuckt, und
393 993 1365 1097 den Joß, welcher nicht abzumahnen ge¬
382 1058 1308 1157 "lesen, mitlest eines beygebrachten
385 1112 977 1228 Stichs Tödtlich verlundet.
381 1188 1329 1327 Wan Wir dan fermes auch in betrach¬
391 1265 1324 1396 rtung gezogen, Wie daß der Belinguent
399 1341 1341 1447 sich Reineslegs nach der That geflucht e¬
393 1412 1363 1514 sonderen deß Morgens alsobald gleichsam
388 1481 1236 1588 tgeywäillig sich constituiiret, Und dar
382 1556 1313 1661 Endtlichen in vorgegangener Confronta¬
386 1614 1260 1725 ition Klnschen dem Verstorbenen Joß¬
384 1693 1370 1802 und dem Schläfti, der Joß in seinen letzten
370 1759 1307 1872 Morten sich verlanten laßen; Er vonne
377 1831 1338 1935 wohl seyn, daß er etbas gethan, das nicht
359 1898 611 2017 recht seye:
367 1971 1343 2114 So haben Wir aus allen dießen, zu Bom¬
354 2063 1346 2183 isten deß Schläftir Uns vorgekomenen Umb¬
369 2142 1338 2250 ständen, Unß Großmüthigst gelencbet
382 2215 1254 2344 Brade der Strenge vorzuziehen, und
360 2291 581 2381 hiermit
502 2460 821 2598 Hrbertt
370 2557 1313 2691 Es solle ihme Gendicht Schlatti, mit
374 2660 1335 2774 der Todes, Straf aus Gnadte verschand
364 2732 1317 2843 seyn, derselbe jehdennoch aber zu Bezeugung
356 2800 1272 2916 Unßers gerichten Eyffers, wieder alke
365 2881 1282 2993 dergleichen höchststraffbahre Excessen in
365 2931 1293 3049 eigener Beschützung, aus welchen so viele
360 3006 1330 3106 Anglüch entstehen (:Anderen zum beysfich
362 3074 1323 3161 und Abschröckung solcher Kreffelthaten :) nach
354 3139 1300 3236 Abschlörung deß Urphedts, Eydtlichen
369 3190 1324 3291 von Unseren Mediat, und Imediat Landen
359 3255 1333 3375 auf Elig verlefen seyn. Geberz in Unserer
353 3318 1192 3442 Großen Raths, Versamblung d
2677 163 2759 269 6
