3024 4032
204 281 265 366 So
269 2709 342 2835 2
269 2846 340 2986 d
319 265 1275 416 Cramen mit Anna Dofes .
377 445 1317 581 es dem Schläfli, so indeßen einlenig
377 533 1348 658 Vorausgeliesen, wieder nachgefolget; Nicht
380 597 1353 703 lang darnach habe es nun der Joß Bieker¬
367 662 1310 768 gesehen, welcher von Ihme hinbegge nur
378 726 1341 851 geschlond unter durch die Madten nach geEil¬
380 794 1360 919 let, und ohngefehrd ob dem BaadHauß schon
380 856 1351 968 ihnen nachgelesen. Blech, Als sie den
371 935 1339 1052 Joß dorten erblichet, habe es ihne auch ge¬
386 1005 1255 1100 sehen, ein Zaun Stecken aus dem Daag
389 1069 1312 1178 nemen, mit welchem er so gleich auf den¬
373 1137 1363 1249 Schläfl; dargekommen, darauf es ihme ge¬
382 1198 1308 1306 ruffen, Er solle doch Jöhren und nicht¬
375 1265 1303 1393 Unglück anstellen: Es seyn aber der¬
378 1341 1231 1421 daß biß auf einen Schridt auf den
368 1409 1357 1535 Schläfli angekommen, und habe ihme den
375 1471 1315 1595 Jatrn Stecken angelorffen, darvon er¬
377 1549 1330 1664 im Gesicht getroffen worden. Darauf
359 1613 1302 1725 der Schlägl; darvon gesprungen, bin
359 1696 1308 1796 es solches in seiner Deposition auch
353 1756 1279 1862 "gesagt. Der Schläft, seÿn aber nichte
371 1822 1288 1916 Beits von dar unter ein Baum an ein
365 1892 1284 2015 Börtlin auf den Boden gelegen, Allbo
373 1963 1308 2070 er sich still gehalten, da habe der Joß ihn
364 2044 1332 2142 geheißen, einbeing zu schaulden, loo der¬
365 2101 1276 2212 Schläfli seyn; Als es nun gantz allein
368 2166 1306 2280 zurückgegangen, und dem Schläft, ge¬
354 2233 1302 2336 ruffen habe es ihne gantz nahe ge¬
362 2291 1298 2404 sehen, von dem Boden aufstehen, und
358 2364 1306 2484 die Madten herunter springen, darauf
365 2435 1311 2550 ihme der Joß, so ihne auch gesehen, die
351 2502 1300 2616 Madten hinablauffen, nachgelosen,
365 2559 1325 2684 und geschreyen Du Doners Schelm
353 2626 1191 2759 Wardmflichest du mich.
377 2728 1323 2844 Ob der Joß dem Schläfli nicht noch ein
371 2798 1291 2903 Zweyter Zaun Steien angelorffen?
373 2867 1303 2987 Das könte es nicht sagen, wohl habe es¬
362 2972 1324 3062 gesehen, daß der Joß den Schläfl; zbey¬
359 3024 1309 3125 mahl georffen, Ehe er geflohen, biße
347 3093 1234 3203 aber nicht, ob der Joß Zbermahl mit
345 3164 1312 3265 gleichem Zaun Stecken geworfen, oder,
359 3230 1302 3346 ob Er ein Zleyfen aus dem Gaag ge¬
349 3314 599 3392 nommen.
1091 3401 1210 3530 B.
1583 1778 1648 1885 G.
1596 1969 1660 2084 3
1600 2094 1664 2207 G.
1599 2298 1664 2417 d
1601 2401 1645 2501 G
1592 2727 1656 2842 B
1595 2861 1654 2969 G.
1581 3123 1642 3233 G
2658 327 2753 402 67
1518 321 2556 477 Exam: mit Anng Joser p.
1698 497 2686 629 Als der Joß dem Schläfti, die Macten
1564 519 1648 644 9
1694 592 2730 689 hinunter, nachgelosen, ob es gesehen, Wo¬
1675 652 2217 766 die zusamen gekommen.
1707 712 2691 816 Ja, Es habe gar wohl sehen können, wo sie
1590 739 1660 852 dh
1677 788 2712 901 zusamen gekommen, zumahlen es nicht mehr
1688 855 2649 968 als ein halber Steinburst beith darvon,
1681 918 2711 1027 droben in dem Weg gestanden. Der Schläfl¬
1670 982 2681 1090 habe nicht über den Bach springen können
1680 1052 2709 1158 und dorten seyn der Joß zu ihme gekommen
1671 1111 2708 1205 Was aber hier unter ihnen beyden Vorge¬
1678 1169 2707 1285 gangen, habe es nicht sehen können Aber
1671 1237 2698 1345 sehr kurtz hierauf, habe es den Joß gehört
1675 1293 2700 1413 Tagen: Warum hast du mich Ge¬
1677 1372 2703 1489 stochen. Anders aber habe es nichts
1671 1448 2110 1559 von Ihnen gehört.
1662 1492 2721 1606 darauf habe es den Toß noch zurecklauffen
1665 1563 2683 1685 gesehen, der Schläfl; aber seyn wieder zu¬
1662 1626 2676 1750 Ihme Inquisitin gekomen, und habe ihns¬
1675 1711 2013 1808 keimbgeführt.
1678 1756 2685 1872 Es habe Vormahls gesagt, der Schläfl habe¬
1677 1834 2697 1935 sich berühme, Er habe den Pößl; gestochen
1677 1897 2394 1997 daß er einmahl genug habe.
1693 1960 2658 2076 Ta, Er beharre darauf, daß der Schläfli¬
1682 2051 2144 2133 him dießes gesagt.
1685 2101 2641 2204 ob es nicht dem Schlafli gesagt, Er berden
1667 2166 2683 2279 dem Toß wenig gethan haben, Er könne sich
1664 2228 2135 2318 gefroren machen?
1685 2297 2448 2410 Nii, das habe es nicht gesagt.
1673 2374 2688 2496 ob der Schläfli, nachdeme er den Joß ge¬
1669 2450 2688 2555 stochen, und bieder zurück zu ihme ge¬
1671 2517 2673 2609 komen, sich nicht geklagt, daß der Poß¬
1673 2588 2657 2674 ihne mit einem Jaun Stecken geschlagen,
1666 2651 2397 2742 Ehe er das Meßer gebraucht?
1678 2719 2673 2843 Simm der Schlafl habe nichts hierston ge¬
1667 2803 1789 2888 sagt.
1679 2861 2706 2977 Weilen es so nahe bey dieser Vergangenheit
1667 2930 2707 3013 gewesen, ob es nicht gesehen, ob zlonschen dem
1667 2981 2676 3097 Joß und Schlafl; geschlagen worder, Ehe
1666 3046 2343 3145 der Meßer Stich erfolget?
1672 3101 2654 3226 Er seyn nicht hähler Mond Schein, sonder¬
1669 3189 2662 3288 der Timmel überzogen gebesen, Alßo, daß
1657 3243 2637 3344 es nicht sehen können bas vorgegangen,
1667 3305 2576 3403 und habe beiters auch nichts gehöret.
2485 3366 2598 3513 G.
