3024 4032
349 420 445 527 154.
450 490 1469 649 Ob er nicht die Elßbeth zuggaath bei
359 519 430 658 K
361 615 1483 782 2. Ja, Sie habe Ihne eine Zeit lang hin um
437 702 772 830 her geführt.
345 785 1324 935 55. Wie lange es bey Ihme gewesten?
351 886 1383 1029 A. Glaube 8. Jahr lang und 4. Monat.
340 963 1481 1111 5. Wann diß Mnitsch von ihme fort gegeng.
352 1076 1427 1208 A. den nach letzten Tag, daß jüngst vor
411 1159 1150 1282 strichenen Oster Marikt.
424 1253 1333 1410 Wad er ihme für Lohn versprochen:
325 1279 393 1388 S
337 1379 1461 1518 A. Fur das letzte Jahr hätte er ihme ntwar
400 1479 1442 1617 zu  6. versprochen, dar von er ihmeein
411 1580 1448 1693 theil außgerichtet, den anderen Theil¬
425 1640 1142 1776 aber noch Schuldig seÿe.
328 1718 1403 1878 Bn. Warum er Ihn nicht außbehalte
413 1813 1359 1962 als es von ihme fort gegangen?
319 1926 382 1998 2.
402 1927 1439 2045 Es habe nachwerts nicht gewußt, von3¬
397 2004 1432 2140 Eingekommen, es habe dato noch seine
367 2084 1181 2231 Kleider nur nicht abgeholet.
309 2176 384 2290 S.
385 2195 1431 2335 Ob er mit der Zwygartig nicht Gemein
373 2280 1450 2413 schaffs gepflogen und die geschwängert
295 2388 360 2516 1.
359 2400 1364 2538 Er stage heiter Wein, man Thüge ihme
379 2495 644 2594 unrecht.
290 2583 365 2684 Su
388 2547 1399 2707 Ob denn nicht bahr, daß die Zwggaath
376 2662 1352 2801 ihme ihre Schwängerschaffs eröffnet.
287 2741 346 2831 A
355 2753 1108 2899 Mein ganz und gar neht.
275 2842 1110 2976 Sr. Ob er das langnen douffe?
294 2948 1018 3102 A. Ja mit guter Bahrheit.
305 3069 334 3126 G
274 3106 343 3195 In.
370 3090 1420 3246 Ob er auch laugnen dörfte, daß er nicht
356 3170 1430 3327 offt und viel aller Orten, bostie micher
345 3257 1355 3405 gezogen, bey und mit der Zwygartin
344 3331 1024 3478 gelegen und geschlaßen?
2656 384 2794 464 155.
1593 478 2776 645 2. Wahr seÿn, daß Sie an gleichem Ort bey
1684 591 2796 700 einander übernachtet, aber von obbedeu¬
1663 673 2757 799 en Sachen steye einmahl nichts zwischen
1648 743 2244 894 Ihnen Vorgegangen.
1656 853 2755 1047 Hierguff bunde auch alstobald bescheiden
1661 966 2687 1104 daß 11 obigen Blinden Menns Weib¬
1963 1068 2604 1226 Barberg über
1543 1211 2709 1350 Dr. Ob die Elßbeth Zwygart ihr nicht
1668 1301 2737 1430 schon vor etbas Zeits entdeibet, daß es von¬
1659 1388 2484 1521 ihrem Mann Schwanger steÿe:
1567 1472 2698 1628 A. Mein. Sie versiehere, daß Sie der Von
1656 1579 2666 1704 nichts gewußt, und die Zlorgart ihr
1655 1655 2758 1799 solches mit nichten geosenbahret; beilen
1654 1736 2734 1868 aber die Zwygart seine Kleider beÿ Ihr.
1658 1834 2736 1962 gelaßen, und nicht abgeholt, sto seye Sie
1666 1908 2699 2031 auf vernemnnen, daß die Hloygart im
1641 1981 2691 2125 Koch sich befinde, zu H: Chor-Weibel
1660 2082 2739 2214 gegangen, zu vernommen, ob Sie noch
1657 2153 2711 2285 dorten steÿe, daß ie dann von selbigem
1657 2236 2723 2370 vernommen, die Zeygart gebe ihren
1646 2307 2692 2446 Mann der Schwängerschaffs halber an¬
1654 2390 2740 2533 Sonsten sie darvon nichts gewußt hätte.
1639 2500 2719 2647 Nach diesem Burde der Blienk in die
1663 2603 2692 2741 Obere Aefangenschafft geführt, deßen
1637 2692 2334 2822 Weib aber bieder dicuctirt.
1833 2806 2330 2955 Actum ut Supra.
