3024 4032
159 191 285 282 46.
347 373 1347 548 schon vorher verdeutet, Er seyn ein¬
345 470 1397 631 Mugslin, und Er seinerSeits habe auch G
349 545 1392 704 mand, als eine Alte Muter p. Er habe ihm
337 611 1399 770 aber geantwortet, Es möge noch nicht Mannn¬
350 687 1403 850 Dennoch habe es ihme zugesagt, daß Er mit
343 741 1298 901 Ihme heyms gehen und bilten möge, so¬
353 836 1338 989 Ob diesem habe es den Bentz Joß, so in¬
334 900 1389 1065 der gleichen Stuben gelesen, gesehen, belchen
329 978 1395 1128 es schon sinth langem wohl gekrenet, da sey,
332 1055 1380 1217 es zu ihme gegangen, und ein paar Worde
337 1123 1376 1262 mit ihme geredet, ihme auch sein Stasen¬
329 1199 1399 1340 kumpen geforderet, so es aber nachberts¬
327 1269 1388 1409 bey sich behalten beilen der Joß ihme ge¬
340 1351 1351 1464 sagt, Er wolle ihns bilten, Es habe ihme
339 1422 1383 1568 aber geantbortet, der Schläfl: kome schon
328 1504 1340 1629 mit ihme. Nachberts, Als Sie wieder
324 1583 1355 1695 forth gehen wollen, habe ihns der Schläfli
341 1652 1351 1784 geführt, und bie sie auf dem Brugglin ein
338 1723 1387 1844 wenig gestanden, seyn gleich darnach der
318 1793 1363 1932 Joß bey Ihnen vorbey, biß vor die Schie¬
326 1878 1358 2005 gegangen. Da seye Es Deponentin zu¬
326 1956 1361 2058 ihme gegangen, und einlrnig mit ihme
317 2021 1363 2155 geredet. Nachwerths seÿn auch der Schläft¬
314 2088 1320 2230 nachgekommen, und da seyen sie alle drey¬
294 2167 1309 2282 Joß, Schlafl, und Er Deponentin mit
324 2244 1346 2359 Einander die Straaß hinaus, biß zu dem
322 2324 1347 2435 Thal gegangen; Einlornig hierwerts dem
313 2395 1360 2521 Thal habe der Joß ihme Unbeuschheits¬
316 2466 1377 2583 anmuthen, und abseits führen botten,
313 2537 1389 2664 auch angeben, Es solle den Schläft, laßen
325 2613 1305 2736 gehen; Es habe aber nicht einwilligen¬
319 2677 1330 2815 wollen, sonder seyn von Ihme forth- und¬
327 2766 1303 2896 lem Schläfl; wieder nachgegangen.
316 2834 1327 2948 Dadege nun der Toß zurückgeblieben
331 2884 1358 3019 Es und der Schläft; aber seyen die Straß
326 2967 1333 3091 shiaus gegangen; Indessen seye der¬
311 3043 1338 3169 daß unter durch gewesen, und durch die
316 3120 1343 3229 and Hauß Madten wieder hinauf ihnen
306 3153 1358 3303 nachgekomen; Da habe der Joß alsobald¬
309 3246 1368 3373 angefangen einen Zann Stecken gegen
1111 3330 1270 3428 den
1545 2749 1630 2924 8.
1554 2929 1631 3035 2
2707 175 2807 272 17.
1648 381 2778 605 den Schläfl, zu werffen, soiher an ein Aug
1648 456 2824 671 getroffen, darauf der Schläft, darvon gesprungen
1666 552 2759 752 und sich ohnbeit von dar unter einem Baum¬
1665 613 2759 820 geleget, Mitterleil habe der Joß wieder mit
1645 714 2758 890 Ihme Beponentin gereret, und habe ihme ge¬¬
1647 785 2739 973 sagt, Er solle schaulen, Mo der Schläft seÿn
1663 883 2734 1035 Er bolle dan mit ihme seye; Als sie nn¬
1670 938 2742 1102 mit Einander zurückgegangen und geschaulet
1656 1027 2765 1193 Wo der Schläfl, seÿe, haben sie ihne unter dem
1657 1100 2695 1244 Baum gesehen aufstehen, und gegen das¬
1665 1191 2737 1325 Haad Hauß fliehen, darauf der Joß alsobald
1655 1255 2735 1394 die Madten hinunder, dem Schläft,nachge¬
2604 1356 2665 1400 11.
2681 1315 2753 1417 11
2494 1373 2543 1425 2.
1655 1354 2270 1486 lofen und geschreyen;
1658 1378 2769 1550 Du Doners Schelm, warum flie¬
1670 1522 2107 1623 hest du truch
1661 1519 2696 1708 der Schläft, aber habe nicht über den Sach¬
1653 1636 2739 1778 pringen- Also daß der Joß ihne Bald ein¬
1649 1711 2763 1840 fohlen können; Was nun eigentlich zwischen
1667 1790 2759 1891 ihnen beyden dorten vorgegangen, das möge
1657 1850 2759 1946 es Umbständtlich nicht bißen, doch habe er den
1649 1943 2746 2059 Joß gehört schreyen, Warumb hast du Mich
1649 2003 2721 2131 gestochen. Nach dießem seÿn der Joß noch¬
1646 2073 2732 2199 zurückgestrungen, der Schläfl; aber als¬
1660 2148 2711 2250 bald zu Ihme Deponentin nachgekommen,
1658 2220 2695 2344 da er sich berehmet, Er habe die Jöß li ge¬
1647 2294 2589 2409 stochen, daß Er einmahl grnng habe.
1670 2366 2741 2490 darauf habe es ihme solches Verweißlich vor¬
1651 2439 2693 2556 gehalten, und seye dennoch mit einander¬
1659 2506 2637 2626 biß nach seinem Hauß gekommen, Seine¬
1640 2582 2751 2723 Meisterin habe aber nicht zugeben wollen, daß
1656 2662 2743 2802 es den Schläfl hineinführe. Worauf derselbe
1647 2712 2194 2845 sich wieder forthbegeben.
1656 2819 2573 2968 ob die Männer betremben gelesen?
1664 2933 2726 3102 Nicht gar, maßen der Wein sie Beder am
1631 3044 2500 3155 Reden noch am gehen gehinderet.
1780 3108 2532 3292 Abgelesen und bestätiget.
1603 3226 2757 3409 HAunz durch vorbohlgemeld Mebse.
1660 3327 2649 3485 GroßWeibel und BrichtSchreiber,
1641 3395 2411 3541 Orth und Tags Vorgemeldt¬
