3024 4032
2648 380 2736 457 31.
1763 394 2531 529 riminal-Procedur-
1479 507 2604 656 Mit Gensicht Schläftz, von K9sach,
1684 621 2213 729 Ambts Burgdorff i.
1496 779 2687 924 Von Wegen dem jüngsthin, Ohnbeith der Papyr Muhl
1579 877 2668 977 durch einen Meßer Stich Tödtlich verbundten und
1612 948 2651 1057 nachberts Verstorbenen Beitsicht Joß, von
1631 1009 2464 1123 Götschigen, Kirch herj Münsigen. so.
1614 1351 2699 1488 Als dan deutz Morgins bey Erößnung der
1672 1440 2676 1534 Thoren an Messr GroßWeibel und Bricht¬
1669 1518 2683 1629 Schreiber die Nachricht per Expiessum einge¬
1672 1581 2651 1683 losfen. Was maßen Bestern in der Nacht,
1659 1658 2688 1765 Ohnbeith der Japyr Mühl; ein Mann, von ine¬
1669 1720 2660 1838 Anderen, durch einen Meßer Stich derge¬
1659 1787 2664 1883 stalten verbündet worden, daß derselbe im
1673 1858 2702 1975 Wirths Kauß beÿ der Paxyr Mühl, albereits
1675 1937 2275 2035 in letsten Zugenlige p.
2280 1935 2662 2036 Dabend Euwer
1659 1999 2648 2087 Gnaden Dienere Melssrn GroßWeibel¬
1667 2079 2657 2175 und Brichtschreiber, mit Zuziehung Herren
1661 2158 2602 2238 Operator Ruhns, Als Chyrurgj Oidinarii
1651 2210 2599 2307 sich alsbald auf den Orth Verfingt, Und¬
1658 2278 2678 2397 Nachdeme Sie den sich von Selbsten auch dorthin
1660 2348 2691 2444 Verfüegten Bethäter dießer obgemeldten Ver¬
1671 2415 2712 2564 Bundung, mit Nahmen Bensicht Schläft¬
1653 2492 2686 2612 Arrestieren und verwahren laßen, die Ver¬
1651 2563 2627 2671 bundten Mentschen in seinem Sterbens¬
1660 2626 2663 2772 Bedt besuchet, auch in Instanti folgende¬
1647 2697 2608 2834 Information von Ihme aufgenommen.
1868 2810 2430 2965 Information
1660 2927 2673 3049 von Gertdicht Joß, von dötschigen, aus
1654 3030 2691 3137 der Kirchhör; Münsigen, 34. Jahr Alt, ohn
1641 3099 2671 3223 Verheyrathet p. hat noch seinen Vacter, welcher
1652 3173 2404 3298 ein Alter und Armer Man so.
2444 3339 2689 3468 Meile
