3024 4032
243 361 340 435 A4.
394 423 1397 597 Riclans Ochoriz, von Bolligen
287 507 377 641 9.
413 535 1374 673 Atatis 23. Jahr, verheprathet, von Profession
407 594 1271 762 ein Mauser, zu Vorlaufen Bohnchafft
455 694 1382 846 hoteyn Bestern mit Anderen Leutzen
237 750 433 861 Sogtaus
403 774 1372 899 von Vorlauffen in die Stadt gegangen, Am
392 837 1309 963 Abend einbenig vor Schließung deß Tharr
398 899 1379 1031 haben sie auf ihrem Seym Weg in einem Relten
402 961 1331 1084 an dem Stalden noch ein Galb getruncken.
395 1025 1306 1171 deß Christen Kriegs von völligen Jum¬
394 1085 1384 1219 Fraulo seye auch bey, und mit ihnen gebesen,
433 1155 1308 1280 da seyn der Beritz Schlähl, vorbeyge¬
409 1229 1312 1339 gangen, belcher sich zu ihnen gesellet, und
396 1293 1363 1401 gesagt, Er bolle mit Ihnen gegen deym gehen.
404 1358 1367 1463 Unterbegs habe er obigen Krings Jung.
391 1417 1348 1537 fraub aufgebartet, und heÿmzuführen
394 1488 1312 1588 anErbocten, Auch habe er angebodten Bey¬
400 1554 1306 1663 der Paryr Mühl, ein Trunck zu bezahlen,
399 1623 1234 1729 dessbegen Er Deponent samt seinem
396 1691 1310 1817 Weib, obiger Tungfraub und dem Schläfli¬
387 1753 1332 1850 allhar in das Wirths Hauß gekommen, Als¬
385 1834 1330 1911 sie mit einander also in der Urthi gewesen,
385 1900 1283 1995 dern einsmahls mehr gedachte des Kriegs
386 1955 1301 2067 Jungfraub aufgestanden, und zu dem in
391 2033 1335 2135 gleicher Stuben sich auf einer anderen Seiten
394 2113 1323 2203 befundenen, nunmehro gestorbenen Beutz
386 2160 1336 2260 Joß gegangen, welchem es etwas ins Ohr
370 2222 1339 2326 gesprochen, und darbey sein Naseelumpen
377 2299 1279 2402 forthgenommen, Nachberthr aber bieder¬
382 2367 1275 2474 zu den Schläft, gekommen; Bald darnach,
385 2436 1346 2548 Als sie wieder forth gehen wollen, ohngefehrt
370 2505 1317 2614 gegen 10. Uhr, und sie von dem Hauß hie¬
369 2563 1267 2675 bbeygegangen, seye der Bentz Joß albe¬
384 2622 1298 2748 weits vor der Scheur gestanden, dar offt¬
381 2698 1313 2822 gesagte Mentsch seyn sogleich zu ihme ge¬
369 2761 1303 2889 sloßen, darauf er es biß hinauch in den
365 2834 1296 2970 Kehr geführt, und der Schläft, seye auch¬
376 2923 1228 3036 nachgegangen, da habe der Joß dem¬
364 2961 1338 3106 Mendsch sein Rasen Kumpene der Schläfti
370 3031 1311 3172 dann ein Silberner Binger Sting zurückge¬
372 3107 1313 3243 forderet, und bie das Mentsch nichts zu¬
379 3169 1298 3303 ruck geben wollen, habe er Deponent
370 3236 1273 3385 mitlen Wollen, und das Mentsch Be¬
1015 3341 1297 3468 "drohloet
1623 354 2731 559 bedrohlet, ihns Beÿ den Vorgesetzten Von¬
1628 461 2685 628 volligen zu verklagen; Indeßen seyn Er
1631 520 2684 712 Deponent mit seinem Weib darsone und¬
1630 596 2729 763 gegen Seym gegangen. Der Schläfl; damn
1622 668 2759 841 habe sich mit dem Mentsch die Straaß hieauf¬
1623 727 2764 918 gegen bölligen begeben, und der Joß shinten
1634 799 2721 977 nach gefolget. Mas aber nachhero erfolget
1620 865 2724 1056 seyn ihme völlig ohnbekant, Außerth, Mar¬
1625 972 2757 1118 er Reuth Morgens vernommen. Doch eineße
1617 1037 2764 1169 er bezeugen, daß in seinem Beysern, zwischen
1626 1100 2720 1259 dem Schläft, und Jost keinen Worth Streit
2580 1171 2629 1219 2
1622 1173 2717 1342 vorgegangen, und er auch bey seinem Gorth¬
1633 1245 2737 1401 gehen keinen Kärmen zwischen Ihnen ge¬
1625 1310 2664 1493 höhret. Den Toß habe er gar mit ge¬
1637 1391 2712 1527 kennet, den Schläft; aber kenne Er sinte¬
1638 1470 2676 1603 bald Einem Jahr, da sie mit Einander am¬
1630 1531 2695 1669 Struben Weg gearbeitet, und lüßte Er¬
1640 1611 2726 1749 Ihme nichts Böses nach zureden, maßen er
1628 1675 2752 1828 sich, so viel Ihme Bekant, still und gut gegen
1639 1777 2056 1891 ihne aufgeführt.
1735 1847 2594 1976 Endete hiermit seine Außaag¬
1702 1930 2476 2071 Abgelesen und bestätiget.
1509 2139 2728 2287 5. Dinna poter, von Walckringen,
1640 2245 2728 2374 Dienst Magd Bey Christen Krieg zu Bölligen,
1644 2331 2132 2421 Atatis 25. Jähr. p.
1469 2433 2720 2560 Deponirt. Es seÿn Bestern mit Riclaus Schönz
1648 2530 2666 2616 und seinem Weib aus der Stadt gegangen,
1645 2593 2717 2710 und heymbgehen bollen; Da seyn der Zentz¬
1632 2668 2728 2763 Schläft, noch in der Stadt zu Ihnen gekomen,
1638 2726 2734 2852 und habe ihns Beponentin seymführen Bollen
1669 2801 2703 2927 Unterbegr auf dem Beld habe der Schläfti¬
1641 2892 2740 3005 sie sämtlich geheißen zur Papyr Muhl, komen
1653 2958 2698 3066 wolle zu tringen bezahlen, Darauf sie mit
1652 3022 2707 3137 ihme dahin gegangen, und auch getruncken,
1651 3094 2686 3202 der Schläfl, welchen es schon voretwas¬
1652 3164 2680 3276 Zeiths keimen gelehret, habe ihme anEr¬
1638 3233 2650 3346 "botten zu heyrathen, bie er ihme dann
2509 3317 2703 3412 schon
2694 145 2791 230 As.
