3024 4032
315 312 482 433 192.
520 393 1531 690 dß dahen habens nicht geschmenen
515 583 1489 763 daß die mit einander anderst alsin
515 664 1508 874 der besten Wohlmeinenheit geredet,
521 762 1519 962 Hierauf haben die weiters von allen
496 869 1512 1055 hand verschiedenen Sachen gesprochen
514 944 1511 1145 da Sie einander gestählet und gestich¬
490 1064 1508 1220 elet, auch zuweilen grobe wort gegen
504 1172 1460 1291 einander gebrauchet, wormit Sie
502 1258 1506 1403 enander neuproce bezahlet, doch ohne
507 1372 1461 1498 Anschein einiher hormichtigen
488 1464 1503 1600 Gestimuig, Waßen Sie bißweilen
490 1550 1512 1690 beyde über ihre steltstame Außdeu¬
478 1654 1435 1773 eingen gelachet; Endlichen habe
478 1751 1502 1862 Herr Zellenberg den H: Luhz gefragt,
481 1847 1490 1961 Ob er nicht möchte Stuben-Meister
485 1930 1492 2055 werden. Herr Luz darauf geant¬
466 2019 1498 2148 wortet, Er declariern, daß er denjenig
462 2118 1413 2269 sto ihme darzu helfte, vor einen
452 2210 1486 2367 Hundts fudt halte; Herr Bellenberg¬
464 2319 1476 2471 erbiederet, ob er ihne dann auch vor¬
464 2429 1450 2570 nieren solchen halte, bann er ihme
431 2528 1462 2666 zum Stuben- Weister helfte. Ant¬
447 2623 1459 2768 ewortete Herr Luh, bas Er da gestagt,
441 2719 1450 2854 das habe er nicht auf ihne geredet,
439 2823 1485 2970 dar bey seye es nun wieder verblieben.
451 2903 1490 3045 Was nun hierauf weiters für diseourom
437 3023 1478 3151 enfolget; wüße ersich einmahl nicht
422 3116 1444 3261 zu erinneren, Sie haben allezeit mit
447 3203 1451 3360 einander fort gefahren zu reden und
418 3305 1451 3490 zu shählen, Endlich so viel Er stich
1194 3418 1439 3528 erstimmen,
2686 204 2851 356 193
1716 415 2789 682 brstinmen könne, habe Herr Kelbenburg
1738 525 2751 742 gestagt, Er seye bein Meister, hädte
1750 628 2768 833 eglaubt, Herr Kuz stolte gegen Ihne
1742 748 2773 883 als einem Standes-Glied mehreren
1720 815 2846 988 Respeet brauchen; Herr Luz verdeutete
1725 923 2825 1063 er hädte nicht vermihtet, daß Er dieses
1736 1010 2832 1142 sübel aufnemmen wurde, Ins Bunst¬
1732 1133 2680 1256 stig werde er mehrere Hochachtung
1726 1209 2785 1354 gebrauchen, welches erstere Er Serios,
1740 1310 2817 1425 das letztere aber etwas lächlen auß
1729 1386 2814 1532 gesprochen; Worauf Er deponent
1750 1493 2784 1614 beobachtet, daß Herr Fellenberg mit
2012 1569 2120 1653 Cut
1720 1596 2793 1692 dem Herrn n Franzöischer Spraach
1740 1680 2773 1789 und mit öffters wiederholten wort
1727 1780 2838 1906 Monsicur geredet, auch geEhret, anstadt
1729 1887 2815 2002 die vorher einander als gute Freund
1730 1977 1959 2071 geduhrt;
2089 1977 2775 2092 dennoch seyn nicht das
1728 2069 2819 2203 geringste von Troh- oder gefährlichen
1739 2175 2827 2301 worten vorgefallen noch gehöret worde.
1729 2256 2794 2402 Welche Discoursen also, bey andert¬
1710 2376 2751 2501 halben Stunden lang gedauret, da
1732 2452 2806 2599 Sie obwahrend denstelben alle vier und
1715 2538 2695 2685 den Sisch herni, theils gesteßen,
1737 2646 2796 2790 theils geständen; Er deponent und
1737 2746 2720 2904 Herr Brichtschreiber habensich auch
1742 2839 2790 3012 in solche keines begs nicht gemichet
1738 2945 2818 3103 sonderen haben lediger Dingen ange¬
1738 3037 2717 3207 höret. Außgenommen, daß Herr
1726 3125 2802 3308 Selbenberg ein mahl gestagt, Sie wolle
1723 3230 2555 3371 die Herren laßen decidioren,
2583 3287 2770 3384 Beufter
1748 3328 2395 3461 das böstere Manl habe
2404 3362 2447 3437 2
2544 3368 2770 3475 H: Luz.
2545 3490 2740 3572 warec
