3024 4032
377 420 491 501 212.
488 547 1515 704 Botenten ein wenigsfuls, die Natürlich
488 651 1502 799 Warme aber wäre noch nicht völlig wieder
493 732 1447 867 vonhanden; da Burde der Patione na¬
496 825 1508 962 befindenden Umbständen mit Medicanen
493 898 1429 1034 bestorget, und das Verband biß zum
475 999 1397 1123 und alle Tag zwey mahl continuieret.
476 1104 1409 1217 Gleich von Anfang habe er, gleichwie
481 1193 1403 1309 übrige anbestende Herren Med: und
478 1277 1492 1415 Chirurgl. die Plessure vorhöchst geführt.
472 1373 1436 1493 angestehen, auch habe ihne gedunkt, daß
463 1457 1454 1582 der Puls als erstich bieder einbefunden,
470 1546 1457 1683 niemahls mehr regular, sonder allezeit
462 1631 1484 1767 klein und geschwend gewesen. Noch und
463 1723 1451 1847 nach habe der Paticnt Reveregen bekomen,
459 1814 1427 1943 der puls seyn InClamatorisih geworden
448 1902 1443 2028 und also überhand genommen und fort
435 1992 1427 2120 gedauret, biß zn dein Montagsnach¬
428 2075 1382 2201 4 Bisternacht erfolgten Tod. Der
416 2171 1381 2294 Patient habe in dem verlauß dieser
412 2263 1420 2396 Kramkheit offtermahlen gutes Sang¬
424 2384 1430 2519 Croid empfunden gehabt, Allein Er habe
418 2486 1410 2625 so viel er Depl. gehöret, weder von der
394 2590 1430 2713 Hergangenheit noch von dem Gethäter
413 2668 1394 2800 bein Wort gesprochen, er ihne auch
406 2764 1108 2904 nicht darüber befraget.
405 2860 1454 3015 Was noch Specialers von der Wunden und
400 3002 1391 3112 deßelben Praitation zu melden wäre,
397 3075 1461 3218 das Berde Er dann in der Ihnen anbefoh¬
376 3172 1439 3318 benen Relatio Chinur qua umständlich.
385 3250 733 3364 erläuteren.
1155 3340 1407 3483 Weitern
2689 368 2826 489 213.
1705 529 2655 689 Weiters waße er nichts zu Zeugen
1718 642 2765 797 andete hiermit seine Außaag, So ihme
1726 725 2766 849 wortlich abgelesten und von ihme als der
1725 817 2677 930 wahrheit gemas confirmiert worden.
1872 909 2349 1031 Actum ut Supra
1622 1314 2792 1478 Cd Herr Meodor MNaser D. ehl. Sag
1705 1459 2735 1564 Shysius bey ermähnung auf habenden
1691 1521 2242 1657 Endts stagt auß.
1689 1712 2727 1845 Er seyn Kreÿtags den 21. Octobris abendts
1703 1816 2712 1932 um halber 10. Uhr zu dem nunmahls
1696 1901 2630 2032 verstorbenen Herrn Hierommuß¬
1683 1974 2770 2100 Tellenberg bescheiden worden, auf An¬
1685 2066 2696 2201 komen habe Er den Herrn Jellenberg
1694 2172 2774 2289 im Tect und bey ihme die Herren, Midics
1683 2223 2726 2384 Koßelet, Herr Operator Ruhn und Herr
1694 2321 2756 2475 Sperator Hartmann angetroffen, welche
1696 2436 2764 2545 albereits dem Patienten das erste Kandage
1696 2513 2730 2639 gemacht hatten; der Herr Fellenberg
1696 2593 2639 2739 habe Ihne Deponent also angeredet,
2008 2680 2072 2721 M02
1690 2686 2715 2803 von Soir Mon Cousin, Je vous demandeb
1692 2771 2705 2908 Secret, Er Erwiederte dem Patienten, Er
1675 2861 2682 2981 stolle deß halben sich keine gedancken
1692 2947 2747 3059 machen, er werde niemnam nichts sagen,
1679 3014 2676 3155 darauf Herr Fellenberg Ihme eröffnet,
1686 3122 2619 3237 er steyn blessieret er könne dann die
1683 3197 2721 3325 Wunden selbsten stehen Bann man ihne
1704 3285 2419 3415 biederum werde verbinden;
2461 3321 2696 3433 Samstag¬
2480 3421 2729 3538 Morgens
