3024 4032
1722 466 2617 649 Siminal Socediu
1963 596 2133 716 M
2167 671 2267 737 N. 11.
1700 679 2702 867 Dans Kragenbuhl, ge¬
1755 790 2698 899 bürtig von Kauperslogl, letsthin¬
1862 854 2581 976 aber zu Rüderslögl geseßen.
1705 994 2724 1113 Wegen dem in dem Schloß Utzigen Be¬
1475 936 1674 1158 B
1632 1070 2608 1208 schehenen Einbruch und Diebstaht¬
1881 1158 2412 1299 Information
1665 1240 2575 1365 Aufgenommen und verhohrt
1694 1410 2781 1561 Mahse. Johan Rudolf Daxelhoßer
1589 1429 1659 1575 1
1719 1510 2764 1636 Vicenober Herr zu bedinten Utzigen zu¬
1488 1641 2746 1819 Declariert: Hembstag Morgens den 123
1684 1758 2752 1881 Aprilis seyn der Lehen Mann deß Schloßes
1669 1844 2686 1959 Atzigen zu Ihnen allhier in die Statt ge¬
1681 1910 2683 2008 komen, umb ihme anzuzeigen, Wie¬
1677 1983 2751 2097 daß in letstvergangener Nacht, ein Ver¬
1660 2056 2746 2173 muthlich diebischer Einbruch im Schloß¬
1663 2145 2749 2234 vorgegangen, zumahlen er diesen Morgen
1670 2219 2757 2330 in der Frühe nach 4. Uhr eine Leiter beÿ di
1669 2294 2750 2423 S. H. Heineblich Gemag angestellt gefunden
1675 2373 2731 2490 und das Eiserne Bitter vor dem Fenster
1675 2450 2733 2582 oben auf der Keiter forcirt geliesen zu¬
1674 2566 2740 2721 Auf welches hin Er Beclarant sogleich mit
1672 2660 2754 2801 dem Lehen Mann hinaus auf Uzigen sich Ver¬
1670 2736 1852 2831 füget.
1668 2854 2705 2968 Unterlorgs bey gethaner Nachfrag, habe Er¬
1665 2920 2746 3023 von gedeutem Lchen Mann vernomen, daß et¬
1664 2988 2634 3106 welche Tage vorher, der Schloßer Tans
1669 3049 2718 3186 Kragenbichl zu Uzigen Abends um 10. Uhr
1671 3158 2739 3253 in das Lehen Hauß gekommen, und grad Aur¬
1653 3208 2734 3317 fänglich mit der Magdt geredet, und selbige
1650 3288 2771 3434 gefragt, ob sie einen Anderen Dinst bedörffe
2556 3419 2783 3544 Mrl ge3
2668 362 2731 455 1.
