3024 4032
539 538 1542 696 Im Holz. Nach dieser That habe der
556 637 1509 784 Reich Sinon das Mägdtlin betrehet,
545 717 1531 859 dar von Wiemand nichts zustagen,
535 790 1572 973 oder er wolle ihme den Meisterzeigen
521 894 1549 1051 gleichen Abend aber, als er deponene¬
547 979 1554 1124 wie auch deß derh Sinions Ellteren
530 1059 1548 1203 wieder daheyii gelesten, so habe dan¬
526 1145 1533 1287 Maydtlin Sich beÿ deß Dench dieone
502 1241 1466 1386 Meter, über obgemeltes ihrer
516 1316 1491 1478 Sohns Godtloste Betragen erklaget,
517 1438 1536 1581 derselbe aber hierauf das Kind betrohet
510 1505 1527 1651 Er solle Schbeigen, auch Seine Ellteren
502 1606 1487 1736 Ihme gestagt, das seye mit anderss
503 1691 1535 1830 Nachwerts habe das Kind ihmeselbsten
496 1771 1536 1920 die Sach erzehlet, worüber er solches deß¬
491 1849 1504 1994 Deich Sinons Ellteren vorgehalten, und
479 1940 1529 2086 begehrt, daß ie den Luben darüber bestraffen
484 2020 1481 2163 sollen, der Vacter habe ihme in der
478 2105 1491 2264 That de oder 2r. Streichen gegeben, die
463 2186 1490 2335 Wuter aber habe ihme abgewehret,
479 2298 1515 2419 stagende, er seye nicht der Muheberth,
964 2363 1113 2426 asdan
473 2375 1484 2513 und Sich verlautetn Sie sollen gehen
467 2455 1229 2586 blagen, wenn die wollen.
452 2558 1504 2664 Dieser seye an einem Mitbochen wieder,
448 2634 1508 2763 pfahren, die ersten Tage hernach haben
453 2718 1478 2860 Sie von dieser Sach alsto geredet, deß¬
450 2801 1490 2952 Dieons Leute aber keine Sorgdarauf
445 2897 1464 3035 gemacht, am Samstag aber; als die
442 2975 1439 3114 noch von diesen deß Denz Simons
430 3080 1457 3219 Thaten geredet, habe sein Deponent
426 3177 1460 3309 7. Jähriges Knablin ebenmäßig Sich¬
427 3264 1425 3393 erklaget, wie daß der gleiche Denhz¬
415 3337 1477 3475 Sinion, warend verbuhenen Bruhling
1275 3473 1438 3551 ihne
2671 492 2776 590 313
1738 585 2772 732 Ihne auch vor dem Hauß hinwegg ih die
1739 685 2781 805 Steben hinein getragen, und gleichfalls
1738 764 2769 908 nachdemme er dem Knaben und Sich¬
1742 846 2760 978 Selbsten die Hosten herunter gemacht;
1738 909 2793 1081 auff den Toden gelegt, auf ihne gelegen
1741 1000 2682 1145 und Schändliche unsuchtige Sachen¬
1743 1102 2739 1227 begangen, wordurch er das Kind sehr
1739 1158 2713 1309 geplaget; Solches habe Er mit diesem
1723 1247 2748 1409 Snaben biß zum 3ten mahl zu dreÿ.
1726 1325 2700 1476 verschiedenen Tagen, als Zbeymahl
1717 1428 2757 1573 dahernit und ein mahl im Thäl Holz¬
1736 1501 2698 1636 verriebet, das zweÿte mahl daheren
1723 1593 2781 1740 habe das Knabl. aber entfliehen können.
1724 1706 2772 1823 Und weilen der Dent Simon ihne unter
1715 1788 2764 1930 haster Betrohung zum Stillsch beigen
1702 1874 2763 2028 hierüber ermahnet, hädte er gebißlich
1721 1976 2654 2095 dorvon nichts entdeben dorfen
1714 2071 2736 2206 wann nicht sein Schbesterlin zu erst
1720 2149 2717 2288 steine Degebeniheit erzehlet hätte, also
1706 2243 2690 2413 daß Er Oöpl. biß dahin darb
1714 2338 2596 2464 nicht das mundeste gelhußte
1715 2416 2653 2531 zugleich habe sein Knablin di
1720 2523 2661 2648 auch damalen gestagt, der Denz.
1721 2589 2698 2748 Simon mache es mit den Schraffen
1727 2703 2735 2821 auch also, indemme er ihne mnsten
1712 2793 2666 2931 schon Lestverbichenen Herbst, in
1704 2892 2722 3003 daniel Haubis Acher, alller die Schaafte
1702 2981 2647 3101 geweydet, gestehen, hinter einem
1710 3071 2638 3212 Schaaf, Er habe die Fosten auf den
1704 3172 2669 3312 Schichen hinunter gehabt, das Schaaf
1721 3270 2669 3412 seyn aber dar von gelosen, so daß
1714 3370 2716 3477 er daßelbe nicht habe halten konnen
2531 3475 2707 3583 diesen c
