3024 4032
412 538 542 658 S.
577 536 1561 726 2b der Saamen ihme gefloßen, und n
550 628 1505 793 dieß Er das Glied hinein gestoßen.
410 719 559 847 Antr.
569 728 1535 902 Baanten seye ihme keinen entgangen
551 836 1496 973 und das Glied habe er etbarn einen
517 915 1540 1061 halben Zoll dies hierein getrungen.
418 1058 528 1182 Fray
563 1046 1147 1189 96 Es nicht geblutet?
390 1199 512 1285 Antb.
542 1191 1358 1310 Wein, Er habe nichts gestehen.
395 1296 498 1426 Prag
539 1297 1483 1435 ob Er Es gebaltthätiger weiste auf den
503 1410 849 1540 Toden geleget:
378 1533 495 1630 Ants
540 1550 1512 1671 Sachdemme er ihme zugemuchtet, ob die
511 1632 1511 1751 ein solches mit einander machen bollen
502 1715 1505 1859 und es deßen so gleich billens gebesen,
502 1814 1407 1952 habe er es auf den Toden geleget,
497 1924 1382 2032 beßen es sich nicht gebeigeret.
366 2043 472 2179 Frag
502 2009 1515 2181 Ob Es, während als er am Werb begrif¬
479 2136 1480 2242 fen gelesten nicht geschronen, und
470 2209 1481 2332 gesaget, er thue ihme behe, auch Sich¬
477 2302 853 2422 wiederstehet?
333 2459 462 2551 Antb.
478 2452 1491 2576 Er habe nur ein mahl geschreyen, ob,
464 2538 1471 2655 es thue ihme wehe, so seye er alsobald
455 2606 1390 2737 aufgestanden, ohne daß es was
451 2716 1438 2844 weiters gestaget, noch sich gewehret.
293 2823 418 2956 Srag.
460 2826 1445 2972 Ihngeacht Er anfänglich mit der
446 2900 1464 3039 Wahrheit nicht vund heraus kommen
437 3024 1468 3152 wollen, nun aber scheine, daß er in
424 3097 1419 3222 Sich Selbst gegangen, und seinen
415 3194 1421 3323 zehler zumlich bekennet, so solle Er
436 3274 1454 3413 auch noch ferners aufrichtig offen,
419 3370 1488 3476 baren, was er mit dem Knaben verüber¬
1207 3481 1378 3589 Ants
1590 2322 1690 2416 Mot
1629 639 1767 729 Ants.
2686 505 2780 586 303
1785 592 2772 737 Auch dieses Bolle er nicht verhalen. Vor
1766 693 2786 857 itbann einem Jahr, als er im begriff
1756 773 2721 889 gebesten bey Haubtmanns Brünnen
1766 848 2759 991 im Agelber Waßer zu hohlen, seÿn der
1754 936 2738 1105 Haußl. Müller, deß obigen Elstelis
1745 1030 2708 1176 Bruder, beÿ 1. Jahren alters ihme
1751 1119 2717 1252 nachgekommen, und habe zu erst
1738 1219 2780 1369 hinter einem Jann seine Sohtdurft
1735 1302 2666 1428 verrichtet, und seye mit offenen
1735 1396 2755 1518 Hosten ihme nachgelauffen, da er über
1742 1484 2769 1617 ein Scharr hausen gefallen, bie er Ingi
1727 1558 2663 1704 zurück geschauet, und Ihne an den
1720 1677 2702 1811 Toden gestehen, seye er etwelche Schrict
1722 1762 2697 1864 zu ihme zurück gegangen, da dann
1723 1822 2735 1972 der Knab gebriet, und Er deg. hinter
1701 1907 2721 2040 Ihme auch auf die Knie gefallen, sein
1719 2014 2713 2145 Blied her vorgezogen, und Selbes dem
1711 2104 2624 2234 Haußl. in den Affter eines halben
1718 2195 2344 2318 Lingers Kreit, gestoßen.
1720 2327 2707 2461 Hierin rede er auch die Wahrheit nicht
1724 2403 2715 2525 edemne der Knab dentlich stage, daß
1726 2485 2746 2614 Er Inquisit vor etwann 5. oder 6. Wochen
1708 2578 2744 2717 ihme vorgegeben, Sie wollen Sscfaßmache
1706 2657 2694 2801 und ihme darauf die Hoften heruiter
1709 2754 2702 2890 gelaßen, Sich Truben geheißen, und
1715 2851 2684 2966 also mit ihme Gemeinschafftgehabt
1699 2940 2686 3066 welcher, da er et bas ungebohntes ver¬
1693 3033 2692 3144 sführet, hefftig zu Schregen angefangen
1685 3127 2577 3235 habe. Solle also ohne beitere
1694 3189 2647 3337 Umstand die Bahre Hergangenheit
1683 3291 2658 3436 erzehlen, und wann dieses geschehen.
2506 3411 2660 3502 Autlich
