3024 4032
308 445 421 535 160.
453 518 1460 673 Ob ed derauff beharren dörste, und ihr
332 568 409 669 N
447 606 1460 768 solches unterdungen erhalten; doch solle
427 689 1460 852 es sich wohl bedemcken, und Nicht etben
419 780 1466 934 einem unschuldigen nach seinemeigena¬
417 866 1047 1019 Gewißen unrecht thun.
322 993 1442 1150 A. Ja es beharre mit gutem gewißen, daß kein
422 1077 1460 1221 anderer Meutsch, als dieser blinde Ih
405 1163 916 1307 diß Kindgemachet.
416 1265 1442 1427 Ob es dem Blinden seine Schwängerstchafft
310 1281 389 1389 S
415 1376 738 1502 angezeiget?
327 1447 408 1598 Ar.
405 1469 1361 1626 deß Klinden Frau habe Ihme Von erst
409 1572 1450 1691 angemihtet, es gehe mit dem Kind, es habe
399 1653 1407 1772 ihre solches auch gemne bekennet,
388 1731 1431 1862 darnach habe es dein Klinden selbsten¬
382 1819 1433 1964 solches gestagt, welcher aber nur dar zu¬
382 1917 1343 2042 gelacet, und ihme böste bort geben,
376 1993 1399 2121 einlichen aber habe er ihme gestagt,
382 2086 1434 2225 es stolle dann das Kind etwann verschäffn
387 2158 782 2298 oder vertragen.
262 2254 1423 2418 Br. Was der Blinde darmit stagen wollen, es¬
352 2359 1345 2507 stolle das Kind vertragen, und wie es
351 2447 837 2592 dieses verstanden?
265 2585 326 2669 A
348 2562 1385 2692 Es habe geglaubt, das Kind Vor etbann
352 2641 819 2782 eine Ihrenstallen.
269 2734 1300 2910 B. Es habeschon vor etlas Zeits keine
351 2866 1317 3024 Schwangenschaffs Mnhghl. . daß
349 2986 1389 3114 Oberen Chorgrichts angezeiget, auß
350 3054 1402 3213 As Geundtd es denn nachwerts solche
331 3134 1100 3293 dee Ceutibosterin gelangnet?
264 3267 1422 3454 A. Es habe es vergeßen, daß die Schwänger,
1156 3434 1385 3550 sschafften.
2648 375 2780 497 161.
1635 487 2685 656 Schlangerstchafft stchon geoßenbahret
1620 602 2719 744 gewesten, weiters habe es keinen Grund
1630 690 1842 834 gehabt.
1507 766 2706 943 hal Auf die kräffigen vermahnungen
1614 863 2698 1019 V6shHr Ratsherrn, die aufrichtige
1608 957 2739 1111 Bahrheit zu entdecken, habe es versticheret
1612 1049 2736 1187 es habe wegen deß Kindts nichts bostes
1623 1129 2726 1254 im Ainn gehabt. Indemne es aber¬
1621 1218 2727 1352 im ersteren Examine gestagt, es habe
1600 1284 2729 1432 das Kind wollen verschaffen, so erscheine
1603 1388 2732 1503 daraus einen Biederspruch, was es durch
1599 1453 2722 1584 das wort verschaffen verstehe, und auß¬
1597 1537 2077 1631 Strucken wollen.
1515 1640 2697 1782 das könne es einmal nicht stagen; Und
1607 1722 2729 1852 geden großer Einfalt würde es hierüber
1590 1784 2281 1928 weiters nicht gedruckt.
1507 1881 2708 2009 Sn. Wann es aber wegen deß Kindts keinen
1594 1974 2714 2128 bosten Vorstah und billen gehabt, darum
1588 2067 2705 2192 es dann zu entladung seines Gebißens¬
1579 2159 2701 2289 die Genißt nicht von selbsten jemande
1589 2249 1955 2372 ahgezeiget.
1525 2357 1570 2436 A
1607 2346 2676 2492 is habe geglaubt, es dorffe es nochme
1612 2426 1826 2549 lagen.
1689 2489 2577 2643 Alsto abgelesten und bestätiget
1560 2632 2695 2817 Hierauff wunde auch alsobald Examinia
1825 2750 2640 2913 der Blinde Cark. Giettz.
1501 2839 2466 3025 Br. Ob er von Geburthan blind seyn?
1512 2957 2638 3122 A. Mein, von ohngefahrt 30 Jahren steyn
1573 3068 2648 3196 ihme diß Unglick begegnet, als er¬
1582 3152 2324 3280 nur 13. Jahr alt gewesen.
1504 3200 2649 3352 Br. Ob er in der Cheistl. Religion unter .
1567 3312 2661 3451 wiesen worden; und das heil. Nachtmahl
1562 3406 1870 3516 gewieße.
