3024 4032
321 434 418 551 36.
571 480 1255 676 Zweytes Oxamen.
368 647 1398 835 Mit Elßbeth Zwygart
327 830 1448 1021 Obnaich Norhghle Rachteheren doren
408 933 1438 1100 als von 17649hl 2 wohl verordlinten
412 1033 1441 1168 Ober Examinatoin, nebst Wnbh r.
409 1125 1462 1274 Großbeibel und Brichtschreiber verführ
466 1233 1475 1395 Nach einer eonsthofften vermahrung
467 1324 1394 1469 die aufsrichtige Bahrheit zurecen.
296 1383 422 1530 bichen
442 1441 1440 1587 1. Ob es in der Religion unterwiesen
410 1514 594 1610 worden.
304 1613 364 1682 G.
404 1589 1435 1731 Es seÿe zu Zimmerwald zu dem Herrn
390 1679 1309 1824 Gredigbanten in die Unterbeistung¬
388 1780 1405 1912 gegangen, steye Ihme aber noch nicht
383 1849 1333 1993 erlaubet worden zu Communiiieren
387 1961 1426 2078 und nach hero seyn es nicht mehr zum
364 2043 799 2179 Herrn gegangen
400 2155 1454 2308 och werde es wohl wußen, daß seine Pflicht
259 2178 381 2317 P.
380 2260 1417 2402 und Schuldigbeit seÿe, der hohen Ober¬
361 2347 1403 2493 beit gehorstamm zu leisten, und daer
364 2444 1394 2588 anjeho auß dero hohen Befehl werde¬
376 2547 1405 2688 befrags werden, es in guten Treuen
353 2640 1373 2788 über alles die reine Wahrheit an Tag¬
359 2729 675 2841 gebenstolle?
262 2820 1424 2977 A. Es büße, daß es schuldig seye die Wahrheit
360 2908 1309 3072 ustagen, und wolle es auch thun.
230 3009 975 3181 Iu Was sein Lebbestern ware.
249 3135 329 3233 6.
352 3134 1397 3294 biß vor etlas mehr als 2e Jahren, da¬
337 3232 1415 3383 es in des Klinden dienst getreten, seyn
329 3295 974 3429 es unter seynes Vatters
972 3345 1403 3453 Muß und Grodt
1143 3445 1438 3548 gestanden
2666 363 2788 472 157.
1639 499 2791 678 Gestanden, und habe etwann hin und wieder
1645 612 1956 739 gedrbeitet.
1549 693 2733 844 B. In vorigem Camine habe es gestanden,
1653 786 2754 936 daß den 16.3 vorigen Monats es ein Kind
1636 863 2763 1001 zur Welt gebracht; ob es gestüret, daß er
1636 958 2090 1102 Schwanger stege.
1660 1061 2722 1210 lin wenig möge es solches wohl gesführt
1556 1102 1632 1191 A.
1651 1157 1828 1245 haben.
1655 1241 2735 1373 Ob in der Zeit, als es bey deß Deutiboffers¬
1546 1282 1620 1408 Se
1639 1324 2711 1472 gearbeitet, es stein Kind nicht gesführet:
1624 1437 2688 1583 Ja ein wenig habe es solches zu weilen¬
1540 1479 1603 1546 1.
1618 1520 1919 1651 gestühret.
1641 1627 2703 1776 Da es doch das Kind gesführet warum
1523 1663 1618 1769 K
1634 1743 2651 1857 es solches dann der Beutigboster nicht
1630 1820 1867 1930 eostnnt:
1557 1866 2436 2051 A. Es habe mit daran gestinmmt.
1541 2004 2665 2169 Dr Marum ad dann auf anmuhten und¬
1627 2103 2699 2247 befragen der Deutibosterin, ihra stolches
1617 2200 1965 2293 gelaugiet?
1551 2315 1616 2392 A.
1635 2291 2667 2453 Sie habe Ihns nicht recht gründlich
1620 2405 2727 2535 gefragt, sonderen nur, daß Sie etwas
1609 2483 2024 2617 ge hört sagen.
1557 2624 2692 2745 5r. Ob in der Nacht, dans das Bauchbehr
1628 2691 2688 2837 gesführet, so daß es die ganze Nacht
1629 2787 2712 2916 unruhig gewesten, bald auf und beld¬
1623 2868 2701 2996 nieder gegangen; E es damalen das
1605 2928 2720 3076 Kind nicht gesfüret und gewußt, daß
1611 3025 2707 3183 kein Dauchwehe von dem Kind her komai
1545 3119 2701 3300 A. Ja es habe es gesführet und daran gedacht
1632 3235 2725 3381 aber vnnn mann den Leuten von solchen
1627 3312 2658 3486 reden müße, so werde es einem gar
1613 3382 1844 3515 Angst.
