3024 4032
284 2862 370 2987 H.
260 3148 341 3270 d
391 326 513 402 262.
664 390 1133 543 Information
497 522 1484 686 Es habe sich hierüber nicht zu scheuen:
505 584 1554 775 Worauß er so gleich die ganze herzangenheit
481 678 1520 830 dem H. Schaffner Roder als Beurgschauer
483 764 1522 909 angezeigt, da dann die weiteren anstalten
490 830 1425 970 vorgebehret und anbefohlen worden;
489 918 1380 1051 iß steyn alles, was ihme von dieser
483 1007 1388 1123 ungluckhaften dach in wißen seye.
475 1074 1493 1237 Wortlich also abgelesten und durch auß
478 1176 1311 1291 als die zure Wahrheit bestähtiget.
463 1464 1522 1667 Anna derberg Bfellet die Wihrten
471 1584 1106 1704 bim Schlußel sagt auß:
441 1713 1438 1894 Sie habe der Deposition ihres Mannes
442 1846 1446 1955 ganz nichts beyzufuegen, und könne
436 1954 1507 2050 anders nicht, als Selbige in ihrem ganzen
429 2016 1461 2142 Innhalt als durchauß der wahrheit gemus
431 2088 755 2213 bestätigen.
1063 2120 1504 2213 Gald alle Sagesinth
408 2186 1507 2298 deme Sie an dem Mentsch eine Schwänger¬
417 2271 1447 2387 ischafft vermuhtet, habe Sie Ihns gutlich
424 2354 1467 2479 und ernstlich darüber befraget, und alle
418 2441 1428 2562 gebührende Vorstellungen gemacht, es
424 2539 1482 2664 seye aber die Magd unbeleglich gewesten,
411 2635 1503 2759 und habe fort und fort seine Schwängerschafft
401 2740 702 2850 gelaugnet
399 2853 1447 2974 Ob noch bürzlich vor der Magd Benißt¬
394 2933 1348 3071 Sie Ihns zu vnd gestoßen, und wann
385 3019 1107 3150 ohngefahrd das lezte mahl?
374 3129 1387 3263 Noch im lauß voriger Wochen habe Sie
380 3232 1468 3344 Ihres hierüber ernstlich gedruckt, also daß
367 3306 1468 3451 die Magd ihre mit ungedult geentwortet,
2686 408 2834 533 263.)
1859 484 2362 625 Information
1735 596 2766 731 Sie werde einmahl nicht erzlangen, daß Es
1721 660 2111 794 Schwanger steÿe.
1778 738 2703 900 A. Wihrt und Wihrtin beyde zugleich
1627 809 1763 910 289
1736 852 2731 1031 ob Sie nicht geachtet, daß während der Zeit
1732 944 2720 1089 seines diensts, es mit jemand genanen
1723 1013 2544 1135 und besonderen Umgang gehabt
1742 1113 2699 1254 Hohde Antworteten, Sie haben deßen gar
1624 1156 1705 1264 B
1730 1196 2699 1322 richts wahrgenomen, und übrigens seye
1716 1275 2438 1410 das Mentsch gar verschlagen.
1727 1390 2721 1514 Ob bey genauer Erstuchung deß Hauses¬
1621 1400 1703 1515 2.
1726 1475 2768 1581 Sie beine sfuhr seiner Genißt angetraffen
1642 1557 2737 1677 Rr. Im geringsten nichts die Diensten aber
1729 1656 2747 1743 lagen, Sie haben gefunden, daß das Rohr
1715 1709 2729 1833 im S. H. Heimlich Gemach zimlich ver¬
1705 1792 2184 1902 uestet gewesten.
1829 1887 2558 2038 Abgelesten und bestähtiget.
1703 2333 2756 2496 Eepbeth des chligann gebührtig
1730 2447 2665 2556 von diglen, Rochin bey dem Schlußel
1728 2522 2293 2635 alatis bey 20. jahren.
2427 2531 2697 2645 Sagt auß
1709 2622 2710 2777 Es seyn bey der Marza Widter als
1712 2737 2715 2829 seiner Webend Magd, sinth Jacobi, als
1708 2811 2697 2929 Selbiges dahar in Sienst gekommen,
1705 2901 2716 3005 alle Nacht im gleichen Reth geschlaßen
1705 2981 2652 3083 dennoch aber nichts gemercket nch
1706 3048 2637 3164 wahrnemen können, daß es möchte
1714 3139 2739 3259 Schloangersteyn, auch zu beinen Zeiten
1702 3224 2694 3346 gesehen noch geachtet, daß es etwann
1712 3308 2656 3412 mit jemanden besonderen ungang.
