3024 4032
94 268 226 388 104
347 536 1346 682 iluder, par le mensonge, la Justice humaine¬
334 620 1313 753 mais que voiant quil navoit plus de grace
341 713 1309 817 a atendie de la part des Homes, il ne vouloit
340 795 1231 880 pas aumoins se priver de celle de Dieu¬
361 873 1276 974 La dessus on a voulu faire retirer la¬
348 948 1294 1059 sonle des Auditeuis, afin quil put en liberti
341 1048 1303 1151 decharger sa Conscience; mais il a prie que
340 1127 1297 1223 lon ne fit sortir persone, quil vouloit faire
326 1203 1300 1308 sa Confession, en presenie detous ceus qui¬
331 1293 798 1356 pouvoient lentendie.
343 1359 1277 1472 Quil avouoit done, a laface de toutle¬
323 1457 1278 1563 monde, quil avoit fait toit a Calame, dans
327 1546 1246 1633 tont ce quil avoit depose consrelui; quei
324 1629 1234 1735 Catame etoi tres innocent de cetol; que¬
319 1711 1196 1795 cetoit lui meie qui lavoit comis tout¬
332 1772 1246 1857 seut, la nuit du 5. au 6. Aout, quilsetoit
317 1848 1192 1970 procure une Ele, deja dutems quil etoit
318 1932 1281 2038 ensewicechez M deMoyii, pour ourrir¬
315 2028 1287 2126 le Burean, que pour cet efet, il avoit porte¬
312 2075 1246 2176 ches leserrurir desonMaitie, la Serrure
311 2160 1213 2256 delationieme Laiette dela Comode, somi¬
317 2236 1267 2351 le Bureau, qui setioui vit vidinairement
300 2323 1194 2413 ouverte, Mdeclloyri, ny tesant que seo¬
317 2414 1225 2499 Habitz, a que lalle de cette Laiette ouvroct
298 2470 1197 2559 toutes les antreo Terrures de ce Burean;
308 2540 1165 2621 quun des Garioss duMaitie Servurier
305 2606 1191 2703 avoit fait cene ele sur laderrure, asans
308 2690 1244 2781 won aneune condissanie deses mauvari¬
305 2760 1234 2865 desseino, quil etvit entre dans Camlaison
292 2862 1212 2947 et en etoit sorti la meme Muit, auae memeo¬
294 2929 1276 3034 heures, ade la meins maniere quil lavoit
292 3016 1252 3116 dit de lalame; quapieo ete entre dans la
280 3090 1229 3191 Maison,il setoit cache en haut, a lendioit
276 3161 1225 3275 eu lon pergnort les Terrugues, jusques ace
289 3242 1216 3362 que toutes les persones de ta Masson Jussent
289 3322 1255 3440 conchies Fendormies; quapreo cela il etoit
1126 3410 1235 3471 entre
1442 1005 1615 1106 Interroge
1459 1249 1547 1387 2.
1435 1534 1577 1625 Insiste.
1461 1764 1554 1910 A.
2568 336 2709 447 105.
1606 600 2612 697 entie dans le Cabinet de M demoyri, dont la porse
1600 685 2649 779 netort jamais fermeea cle, que la, avei sa fausse Cle,
1605 776 2607 857 il avoit ouwert le Bareau, d vole sout lArgens qui¬
1600 829 2526 918 manque a MoeMogvi, lequelse monte a
1598 898 2535 1013 environ Deux lents quarante leuo petito.
1653 1003 2617 1112 Sipendant quil etoit encowen Serviceichet
1597 1078 2597 1187 M deMoyri, il ne lui avoit pas deja vole de¬
1592 1177 1804 1266 Argent.
1597 1261 2545 1373 Quoni, quil lui avoit pris par ci par ta,
1597 1345 2625 1437 quelques Lieces de ling Batz, un Ducat, dun
1598 1435 1861 1512 Louis aux.
1623 1534 2547 1630 Vitne lui avoit pas aussi puis lelocii dor.
1594 1621 2655 1711 a barbette, sur lequel on lavoit souvent questione¬
1586 1702 1954 1779 dano sa Proce dure.
1591 1795 2608 1892 Protesté quonon, adeclare, quil etoit parcillem
1597 1894 2627 1994 innocent daVol fais cher MGsooth, fur lequel
1598 1961 2209 2059 il avoit aussi ete interroge.
1974 2252 2258 2393 Artheil
1752 2359 2378 2485 Doß David Amic.
1515 2474 2607 2659 ir hulthiß Klein und große
1576 2608 2495 2713 Räht der Stact und Respublic Bern,
1577 2664 2633 2805 Urbunden hiemit; Als dann Wir heute beÿ
1573 2747 2641 2863 Eyden versamlet Unß vortragen laßen, die
1573 2811 2653 2915 verführte Criminal Procedur und Vergicht deß
1576 2881 2650 2965 allhier vor Bericht gestellten David Amic
1578 2975 2644 3073 von Connod aus der Grafschaffl Reuenburg
1574 3033 2614 3147 gebührtig; daraus Wir höchst niß fällig
1568 3111 2514 3214 zu vernemen gehabt, wie daß dieser
1572 3180 2628 3302 Übelthater gegen den Wohledelgebohrnen
1577 3262 2608 3383 Herren von Gingins von Morzy Unseren
