3024 4032
389 355 481 461 98.
492 491 1514 677 Gewesten, da dann Zunker Amann seine
496 612 1504 741 Meinung eröffnet, Sein depl. bescheid¬
467 695 1475 824 dann ware, des Herr Fellenberg vonst
478 781 1509 923 nicht leiden, wann andere mehr saturine
478 864 1485 995 Geist haben, als du: darüberhin Herr
466 960 1531 1095 Fellenberg lachend gestagt, Er konne nicht
464 1041 1489 1165 an diese Ansangen, er muße noch¬
473 1142 1430 1250 mehrere Voroftnungen machen,
457 1210 1404 1331 da dann Sie alle vier mit einander
451 1297 1503 1440 gelachet; Unter deßen habe das Pure¬
445 1394 1409 1517 zwuschen Herrn Luz und Fellenberg
448 1497 1494 1635 alleZeit fort gedauret, Herr Bellenberg.
448 1586 1459 1714 auch sein viertel. Wein mit etbas¬
438 1652 1490 1804 Eysters und zimlich geschwind außge¬
445 1763 1449 1894 trunken. Endlichen gegen halber
436 1877 1464 1996 8. Uhren ohngefahrd, als man bald
422 1963 1490 2073 fortgehen wollen, habe Herr Sellenberg¬
431 2056 1468 2173 mehrere empfindlichbeit gegen H. Luz¬
431 2146 1501 2264 über die vorgefallenen Wort und expres¬
407 2239 1449 2342 isionen erzeiget, dahin, daß er dem H.
397 2315 1435 2449 Kuz die groben bort vorgehalten, und
413 2405 1453 2543 angefangen zu Ehren, auf Teutschund
389 2514 1389 2640 Franzosisch, mit verdeuten, Er seÿe
403 2610 1431 2746 ihme despetuos begegnet, und¬
407 2714 1478 2847 ermahnet, Erstolle ein anders mahl¬
406 2804 1461 2939 mit mehrer moderation reden; Vorüber
387 2909 1440 3026 ihme Herr Luz zwar Exceses gemacht,
394 3006 1443 3122 mit vermelden, er biße wohl, daß er
377 3101 1446 3210 seinem Carracher allen respert schuldig
376 3182 1438 3312 seye, Endl. aber auf ferneres Instiern
365 3266 1394 3408 deß Herrn Pellenbergs, die Excuses¬
1211 3361 1397 3456 ibas
2681 435 2815 572 199.)
1735 577 2748 724 Aldas dronisch außgedrucket; Er depl.
1741 670 2756 797 habe alle diese Disputes von keiner Erheb¬
1745 783 2769 890 lichkeit erachtet, auch weiters nichts darzu
1738 834 2740 977 geredet, biß endlichen da Sie allefort¬
1722 932 2778 1058 gehen wollen, und Herr Fellenbergalle,
1725 1006 2774 1184 heit fortgefahren empfindtlich zuschrinz,
1733 1100 2717 1251 habe er Deponent dem Herrn Sellenburg
1729 1192 2724 1336 gesägt, wann man so empfindtlich
1726 1276 2651 1419 seye, stostolle man sich dann nicht
1723 1367 2738 1508 einlaßen Dieses aber habe Er nicht
1731 1456 2739 1609 gestagt, weilen er vermuhtet, es möchte
1733 1539 2631 1650 auß dieser Empfindlichkeit etwss
1724 1622 2716 1756 Dispute oder Streits entstehen, aßen
1730 1707 2746 1825 er auch von dem Herr Fellenberg keine
1721 1784 2709 1903 solche worte gehöret, die von einiher
1715 1872 2708 1995 Sengenie Andeutung gethan, sonsten
1698 1964 2750 2086 Er zum Frieden ermahnt, oder gar Trost¬
1702 2046 2695 2141 rung aufgenommen hätte; habe aber
1707 2134 2703 2228 den ganzen handel von solcher Natur
1711 2197 2708 2314 erachtet, daß nach den Sazungen Eol.
1717 2269 2727 2410 157. 6: und 161. 6: Er darmit sich nicht
1688 2368 2154 2476 zu beladen habe.
2323 2371 2705 2493 vor dem Hauß
1708 2459 2719 2576 zu Schmiden, habe Herr Fellenberg ihnen
1704 2555 2691 2671 Depl. die Hand gereibet, embrassiernt
1709 2637 2671 2763 und ein guten Abend gewünchet, da¬
1710 2723 2712 2851 Er Ihne dann alsobald verlaßen und
2543 2831 2726 2935 Übrigens
1702 2826 2342 2947 nach Hauß gegangen.
1691 2918 2710 3014 habe Ihme, wiewohlen doch nur auf die
1703 3006 2695 3115 lezt gedüukt, der Herr Fellenberg habe
1694 3098 2112 3203 ein Räuschlin.
2322 3087 2707 3215 von dem nach he¬
1674 3202 2679 3287 wrigen ohnglückhaftigen Erfolg habe Er¬
1690 3266 2664 3367 vollkommen nichts gewußt, und erst
1696 3315 2672 3445 Montag Abendts deß Herrn Kellenbergs
2435 3442 2698 3546 Kraukheit c.
