3024 4032
137 3237 215 3329 D.
121 3334 227 3425 RR.
153 165 273 247 76.
216 689 315 772 R
205 784 300 880 D.
185 868 299 971 R.
195 1003 291 1099 D.
194 1106 310 1235 R.
195 1393 277 1476 9.
167 1519 283 1606 R.
183 1664 269 1754 D.
147 1742 276 1827 R.
155 2062 251 2165 D.
136 2155 259 2258 R.
391 464 1409 648 nne Eave, et yavvit hai changer in dor
368 510 1396 689 Juriuvi lafille deCavelui demanda do
388 572 1383 737 ie Cavoit, et quie repondit que celoit son
371 627 1188 729 Maitze, qui celi avoit donue?
380 702 1272 858 Zuil nepent pas serapellercela,
373 789 1207 937 Ou ie est alle depuis Cudresiu
363 870 1397 1095 Quil est alle a Neuschatel on i estresti¬
363 969 1270 1097 trois jouis, pour fefairehabiller
369 1043 1373 1190 sil apaie Chabicamie fit faire, e chös
370 1101 1178 1203 quel Marchand il ia achee
373 1144 1383 1301 Quil Capaie dabord an Marchand, dom
377 1226 1390 1369 il nesesouvient pao du nom; mais quon
368 1283 1362 1408 pourwit lesavbir ches Chotesse dela
354 1325 589 1412 Galere.
373 1407 1313 1546 Enquelles especes il avoitpaie ce
360 1472 678 1551 Marchand.
358 1529 1339 1652 Zuil lui avoit doue un de ces Louis
365 1606 1375 1729 vieux aup LL. et lereste enangent blauc.
356 1681 1273 1786 Du il est alle deprus Neuschatel?
337 1745 1379 1859 Quie est alle dabore cheo lui aCornaus
353 1825 1355 1918 et deux jous apreo alaFabrique de
338 1892 1366 1964 Pressier maio quil est revenu coucher
350 1929 1343 2021 alamaison, et quele meinesoir i
335 1985 675 2077 fut arriete.
350 2090 1004 2176 Comenta a ete arrete?
326 2177 1333 2284 QueM lemaitrebounzesio Cafait
349 2250 1342 2329 chercher parle Cabaretier Loni Clottu,
345 2320 1350 2368 auquel il repoudit, quie reuoit devow¬
343 2352 1347 2438 ir CMaitrebougeow, qui nelui avit
348 2422 1288 2510 rien dit, quelesabaretier repartit,
340 2471 1340 2566 quil devoit aller voi, quie setrduvort
324 2538 1317 2630 beaucoup de Mondeafsemble devam
309 2587 1333 2704 ha Maison, queludessuo il eloit alle¬
315 2653 1276 2764 tout desuite, quassuarrivee il fut
327 2724 1315 2816 dabord souille et obligi devuider ses¬
331 2774 1317 2873 voches, apres quoi ou lui notisia son
328 2831 1321 2944 arret, et il fut mene avec deuphomes
322 2895 1326 2999 de Garde alaMacsondeVillage, que
306 2942 1309 3063 hil avoiten loConsciene mann aise il¬
313 2999 1327 3109 lui anwit et bien facile desesauver,
305 3061 1308 3189 seo deup gardes acnt dormitonte la¬
320 3119 1279 3234 mit aveclii, eidauo des Lito separis.
303 3222 1170 3344 Bourquel sujet il a ete arreti.
290 3295 1353 3417 Juil uena rieusu, jusques a cequil fi
307 3348 1348 3489 mene fur Ferre de Berhe, quálavorile
1149 3438 1256 3533 ser
1512 1199 1564 1280 8.
1483 1400 1581 1518 R.
1507 1604 1561 1700 3.
1495 1714 1583 1812 R
1430 2161 1643 2258 Interroge
1474 2243 1558 2330 R.
1481 2324 1540 2417 D.
1484 2410 1563 2501 R.
1473 2650 1536 2739 D.
1449 2930 1550 3014 R.
1482 3168 1551 3269 B.
1470 3286 1555 3368 R.
2643 259 2719 330 77.
1657 507 2723 636 seo Oucles lui demanderent, daus lulhambrede
1645 567 2696 702 Justice i s. Blaise quie devoit leu avoier
1646 618 2683 748 sil setrouvoit coupable dun vol arrive a
1656 660 2710 795 Berne; que quand il fauoroit 30000. Leuo ilo
1663 716 2713 853 achervient delestrouver, et iroient satis faire
1661 783 2691 910 chesce Monsieur mai quie leui avoit dic.
1653 835 2668 973 quie uatvil pas et a Berne et quil etoit
1649 867 2711 1022 fort trauquiles que asgardes an Soutded
1640 943 2699 1078 Thiele lui avvientdit aussi, quele sujerdeses
1643 1013 2726 1140 arrito etvit le Volarrive a Ir deMoyri, et que
1644 1065 2557 1188 furtonte laronte onlin euavoit par li¬
1645 1157 2733 1272 Tuil se contredisoitendisant, quie ueu avoit
1655 1221 2746 1331 rienaprio jusques sur Ferres de Berne, puio
1662 1281 2746 1394 que jes Oucles Celui avoient dejadit auparan
1653 1372 1800 1435 vant.
1659 1374 2748 1490 Quil estvrui que ses oucles le li avoientdit
1654 1461 2703 1537 avant quil sutinene an Sont de Fhiele, et.
1654 1510 2634 1609 quie a eto distraitendisant antreient
1629 1576 2706 1698 Pil sesouvensit ineux anjourdhui que hier
1639 1640 2754 1748 de Eendroit on i avoit euche Camutdu 4. au5.
1635 1721 2649 1824 Quie nepeut pasdire antrement quela
1650 1791 2703 1851 verite, qui etoit, quedepuis la Capeterie il
1658 1835 2708 1917 stoit alle passer lativiere a Richenbach,
1646 1891 2685 1967 don ib etoit alle wucher dausunetrange,
1643 1941 2681 2033 andessuo delamontee, a deuxp coupide
1642 1991 2650 2095 Fusil fur ladroit, apreo avon masche
1643 2052 2678 2154 euviron ceut paidauile grandl hemin.
1643 2106 2487 2210 von il arvit aperen cette Maison.
1664 2194 2750 2318 QuiCavoit pusse surlariviese u Richenbach
1653 2251 2394 2372 in Saihan en grossespulottes.
1649 2332 2568 2470 Comentlui Pesttrouie habille alors.
1635 2413 2780 2574 Enhabit deDrapblen, Veste elCulottes ronges,
1632 2491 2679 2606 Dao defil blaucs, et souliep ordinuires, le
1634 2539 2670 2670 Chapeauborde dim Galon blauc, et Elumet
1639 2613 2243 2709 noi, lesChevenp ataches
1645 2678 2708 2842 toment il est possible quuu Bome acoutuma
1642 2727 2714 2893 avivre comelui, et setrouvant taui d argent
1629 2785 2676 2941 sehoit alle coucher sous le Joit dune Grange,
1623 2842 2717 2997 jaus souper, surtout setrouvaut latout preo
1639 2886 2147 3008 de plusieuns Cabarets.
1630 2954 2751 3131 Duaiantbuet mange pendaut le jour et eucor
1637 3017 2693 3193 ila Papeterie ie ubvoit in fuim, ii sois: et
1625 3079 2688 3253 quauvesto il iquorvit quie setrouvat preo
1624 3130 1929 3218 dun Cabiret.
1634 3211 2743 3391 soment son amil alame, quie dit avoii reucon¬
1621 3260 2083 3374 Ive, etvit herbille
1617 3322 2741 3536 Habitbleu veste exculottes wüges im chapean
1630 3396 2508 3557 avee im petit point d'lopagued On.
2478 3582 2722 3674 Fil avoit
