3024 4032
371 373 504 462 236
463 526 1553 737 Dam Hinscheid deß sel verstorbenen diesen
499 646 1493 790 Morgens um 3. Uhr, alser von Feau¬
479 728 1475 851 Kellenburg bescheiden worden, habe Er den
484 817 1515 953 Herrn Docter Roselet noch dorten ange¬
476 907 1490 1041 troffen, welcher ihme Depl. verdeutet,
478 1005 1457 1136 Er möchte erwünschen, daß man den
478 1092 1466 1214 Erblaßten Leichnahm aufschneiden
475 1190 1469 1309 ließe, damit die Herren Medici und
484 1281 1409 1401 Mherurg durch die bewandtnuß der
463 1363 1515 1525 Wunden erzeigen könten, daß die Ursach
453 1465 1433 1597 daß Todes, nicht ihrer Nagtigenz zu
456 1562 1451 1692 zuschreiben steÿe; darauß er geant¬
935 1648 982 1700 ia I
460 1648 1490 1797 wortet, bas Ihne betreffe, so glaube Er
460 1749 1421 1868 es möchte die betruebte Frau Wictis
460 1840 1458 1990 nur mehrers rühren, und möchte
445 1931 1467 2065 er ihr solches einmahlen nicht propo¬
434 2046 1487 2163 nieren, banm er Herr Doctor aber darauf¬
424 2142 1415 2260 Insistiern, sto stolle Er mit Muhghlr.
429 2252 1474 2354 Heumlicher darüber reden, welcher ver¬
413 2333 1488 2459 mchtl. hierzu das mehrste zu befehlen,
412 2440 1476 2560 Übrigens aber berde Er allfällig Zeugens
417 2535 1431 2652 abstacten können, von der fleißigen
411 2635 1382 2776 Borg, mit deren Sieden Kramken
413 2740 1139 2873 bestuchet und abgewartet.
433 2859 1276 2982 Ein mehrers bußte Er nicht.
392 2973 1379 3116 Endete hiermit seine Außaag, sto¬
409 3074 1462 3198 also abgelesten und bestätiget worden.
485 3167 1329 3309 Actl. den 2. 2 Gbris 1757.
2707 3404 2754 3475 A.
2666 420 2818 545 237.)
2533 575 2589 645 2.
1694 599 2743 742 1766 C. alt Landtvogt Gchiffel
1736 696 2792 822 von drändiß, deß verstorbenen Herrn
1728 769 2500 895 Bellenberg Schlächer Racder¬
2043 887 2317 981 eclariezt
1721 983 2729 1133 Eest Dinstags Abendes 6. Uhr- bie Herr
1714 1082 1777 1146 Dr
1721 1119 2758 1261 Zellenburg in der Recht vorher verstorben,
1714 1192 2700 1346 seye Er auf erhaltene Traurige nach¬
1698 1286 2735 1436 ericht seines Tochtermanns Tod in die
1708 1397 2718 1561 Stadt angelanget, da Er die Körigen
1708 1496 2699 1630 in höchster betruebnnß antroßen
1699 1588 2714 1734 von der Verbundung, der Kramkheit
1709 1691 2714 1836 und Discursen deß verstorbenen vöne
1702 1801 2647 1916 Er also gar nichts außgagen, und
1711 1891 2550 2018 das Er von dieser Traurigen
1697 1976 2659 2099 Gegebenheit vernomen, diß werde
1690 2075 2603 2201 vielfältig in denen verschiedenen
1694 2170 2461 2284 Depositionen enthalten seyn.
1756 2278 2574 2405 Erdete hiermit seine Außaag.
1649 2598 2716 2754 Maria Detrggen, Koch bey fraus
1677 2702 1985 2839 Kellenberg.
1674 2820 2731 2992 Die habe freytags Abendts, als H. Fellenberg
1679 2957 2719 3066 nach hauß gekomen, gehört, daß er vor dem
1667 3028 2707 3156 haus mit jemand geredet, nur ein Augen¬
1673 3123 2676 3236 blich ehe Er ins Hauß herauf gekommen,
1667 3194 2677 3317 Was - und mit Wein Er aber dageredet,
1675 3278 2657 3397 beße es nicht, und buße beiters von
1667 3364 2674 3488 allein vorgegangenen geduchts. Endete
1649 3435 2695 3571 hiermit seine außang. Actl. d. 2. Z gbris 1757
2765 1075 2817 1145 n
