3024 4032
303 2628 345 2753 F
299 2777 363 2891 B.
246 369 342 476 16
582 349 929 539 Blemen
396 502 1392 710 Mit Johannes Müller, von Trus
392 618 1338 770 Amts Crapelbald, sonst der Lasme
405 710 1352 848 Riedler genant, seiner Profession ein
460 817 1286 922 Schumacher, Atatis 34. Jahr, Ver¬
472 890 1200 1017 heyrothet, und habe ein Kind,
463 983 1196 1092 Wohne aber beder Bey Weib
557 1045 873 1147 noch Kind.
403 1214 1320 1360 Pramissa Exhoitatione.
419 1345 1385 1499 Ob Er Bekantschafft habe mit Band Kray,
204 1361 391 1481 bnfragt
392 1442 1261 1547 enbühl dem gelesenen Schloßer zu
386 1520 570 1619 Asigen!
450 1601 921 1736 Ja, das gestehe er¬
207 1620 407 1710 Antwort
382 1691 1381 1806 Seit bielang Er den Krägenbuhl kenne
302 1717 356 1818 F.
377 1773 1396 1904 und Ob Er in öffterem und genaubem Umb,
377 1856 1033 1971 gang mit Ihme gestanden.
379 1938 1350 2060 Vor ohngefehrd einem Jahr, habe er den¬
295 1957 361 2057 d
376 2027 1390 2128 selben in einem Keller allhier in der Statt
371 2111 1348 2220 angetroffen, und aus Anlaß eines Von¬
365 2188 1377 2295 sein deß Krägenbühls Erbrancketen, oder
365 2258 1330 2363 gar verzauberten Kindts Bekantschafft
361 2331 1368 2438 mit Ihme gemacht, da er dem Kragenbuhl
370 2410 1302 2515 Mittell darfür aus der Apotheik resten.
371 2484 1371 2604 laßen. Seith dießer Zeith habe er selbigen
366 2552 931 2675 hin und wieder gesehen.
384 2646 1351 2784 Man es gelesen, Als er den Kräyenbühl¬
373 2730 920 2836 letstenmahls gesehen?
389 2806 1355 2917 habe ihne eine Zeitlang nicht gesehen biß¬
385 2887 1381 2966 in einem Montag glaube den 5te Merzen
379 2951 1334 3051 letsthin, im Pinten Scheik Hauß zu Höch¬
352 3012 1378 3144 stetten. Dorten haben sie mit Einander ge¬
379 3083 1385 3199 Zecht, Als es aber umb die Bezahlung der
374 3161 1357 3275 Urth Zuthun gelesen, habe der Krägen¬¬
382 3224 1342 3354 bühl kein Gelt gehabt, darauff er seine¬
1107 3355 1330 3449 silbernn
1589 1952 1655 2059 H
1576 2108 1654 2217 B
2661 361 2763 444 10.
1736 397 2376 567 Josannes Müller.
1683 550 2722 677 silbernn Sach, Uhr dem Krämer zu Hoch¬
1675 647 2688 801 stetten umb zweÿ Neuls Thaler versetzt.
1699 738 2686 850 Nach diesem seÿen sie in dem Mührts- Hauß
1695 813 2694 918 zu Göchstetten übernachtet; Und deß Mor¬
1683 888 2679 1008 gens seyen sie mit EinAnder noch biß ins
1677 967 2654 1097 Wihrts -Hauß im Gloatt, der Herrschafft¬
1682 1043 2716 1176 Myl, gegangen, Allo der Krägenbühl obige
1691 1128 2613 1249 Uhr mit dem Mirth, gegen eine Andern
1671 1210 2683 1320 Meßingene Uhr vertauschet, An dießem¬
1671 1290 2656 1405 Orth haben sie ein Ander Quittiert, da der¬
1679 1355 2650 1472 Krägenbuhl auf Rüders byl nach Hauß.
1674 1443 2549 1555 gegangen, Er aber dorten verblieben:
1682 1514 2623 1623 Beÿ diesem Anlaß habe der Kräyenbühl¬
1685 1588 2696 1685 ihum verdeutet, bie daß er, Schulden halber
1676 1663 2695 1768 in Röthen seÿyn, Worauf der Inquisit ihme
1664 1731 2693 1850 geantwortet, so ferner gute Versicherung¬
1676 1798 2659 1910 oder Bürgen zu geben habe, wolle er ihme
1682 1868 2231 1992 schon Gelt aufbringen.
1687 1958 2659 2089 Ob seitharo er den Krägenbuhl nicht mehr
1673 2041 1897 2137 gesehen?
1682 2110 2692 2240 Etban 10. tag nach dem Thun foßnacht Marden
1664 2193 2667 2301 seyn selbigen ohngefehrd zu ihme Inquisiten
1663 2266 2637 2376 ins Wihrts Hauß im Geymberg gekommen,
1657 2339 2668 2442 da er ihme gesagt, bie daß er seitharo in der
1661 2404 2662 2523 Gefangenschafft zu Trapelbald gelesen, und
1664 2461 2568 2594 sich selbsten außhergeloßt. darauff er
1665 2538 2621 2655 Ihme zugesprochen und vorgestellet, Er¬
1654 2615 2625 2720 habe eine Böse That verrichtet. Hierauf
2490 2685 2525 2741 33
1666 2695 2609 2797 seÿn der Kräyenbühl wieder gegen dern¬
1667 2759 2691 2886 verreißet, Tags darnach habe er ihne noch¬
1661 2838 2640 2932 ethan umb Mittag, auf dem Stalden allhier
1665 2916 2648 3018 angetroffen, borauf sie mit Einander auf¬
1662 2977 2682 3099 dümbligen und auf Morb gegangen, von
1657 3060 2656 3193 dar seye der Krügenbuhl gegen Reimb - Er
1650 3131 2660 3259 Inquisit aber auf Enggistein übernachten
1641 3199 2719 3320 gegangen, diß seye an einem dinstag gewesen,
2425 3330 2690 3447 Mittwochen
