3024 4032
300 241 448 381 172.
338 385 1550 632 Clieten Mansch stegeschen vonden Jahn
430 499 1555 696 frey Monat lange bey Ihnenunden
439 585 1524 752 gebesten, und hebestich ehrlich und bröß¬
453 653 807 773 aufgeführt.
420 756 1530 956 Verleihenen Bruhling habe es stich zomehl
435 860 1536 1040 wieder bey Ihnen angemeldet in dienst
409 962 1537 1129 zu kommen, Sie habe es aber beydemahl
431 1067 1506 1214 wieder abgebießen. Diesen Kommer¬
416 1162 1506 1318 gleich nach dem Heuet seyn es das dritt¬
429 1268 1516 1413 mahl wieder kommen, welches Dieend¬
405 1345 1512 1501 lich auß Erbärmbd wegen keiner Armuth¬
418 1436 1514 1592 und Beilen es sich das erste mahl ehrlich
411 1517 1494 1673 verhalten, in das Haus angenommen.
252 1621 363 1738 In
385 1616 1477 1804 Ob die ihme nicht angestehen, daß es¬
392 1707 886 1854 Schwänger seye.
255 1823 388 1912 Antl
418 1819 909 1963 Vbein gar nicht.
250 1934 1489 2103 Fr. Ob Sie Ihme nicht zuvor zugemuchtet,
376 2049 935 2171 es sterzt Schwänger?
255 2143 1512 2283 Antsi die Ward habe Jhra dar zu Anlas gegeben
386 2224 1476 2348 welche gestaget, dieses Vensch habe bey
373 2290 1495 2440 dem Sach, da es etbas gebaschen, den Dauch
368 2385 1416 2514 sostarck hervor gelaßen, es möchte¬
378 2470 1441 2572 bußen, was das ware manstolte es¬
363 2532 1483 2685 darüber befragen. Sie habe der Mag¬
333 2647 1477 2786 darauf hin gestagt, dergleichen Weitlen
326 2724 1436 2886 Eßen allerhand, und denn komme es
341 2812 1442 2958 gschauttet daher. Dennoch konte Bohs¬
332 2889 1484 3068 etbas seÿn, es seÿe lang mit dem Klinden
323 2969 1464 3165 Mann herum gegangen, der nicht von
1090 3070 1420 3197 Sie habe es
965 3106 1091 3185 b
320 3089 966 3216 den besten seyn solle.
305 3165 1416 3312 dahers auch den gleichen Tag, belches am
312 3257 1451 3399 Mitbochen vor der Genißt gebesten, zu¬
321 3347 1457 3467 und gestellet und gefraget, ob es etwann
316 3413 1421 3575 von der Klinden Schwängersteÿe, mit
1283 3468 1453 3575 dene
1585 2664 1683 2822 So
1577 3025 1671 3149 E
2738 293 2892 427 173
1679 460 2848 665 Sin es lang ferum gezogen, darauf es
1726 595 2880 730 geantbortet, es seye ihme Bohl bekant,
1722 679 2799 817 daß es die Leit stagen, und es mit dem
1725 766 2821 917 Minden im Geschrey steÿe, es biße aber
1717 845 2150 1006 nichts dar von.
1733 929 2856 1068 Ob Sie es hiemit nur obenhin über seine
1606 998 1693 1098 Fr.
1735 1019 2770 1171 Schbängerschafft gefraget, oder ob Sie
1737 1109 2500 1263 Terber an Ihres getruckt?
1630 1230 2797 1376 Ant. Sie habe Ihrs nichts beiters gefraget
1731 1323 2798 1456 als bietgestaget, und habe ihme desto
1710 1406 2854 1556 eher geglaubt, beiten es gestund gewesen
1713 1503 2278 1627 und wohl geeßen.
1650 1575 1710 1663 I
1614 1593 2729 1725 Jr. Ob das Mentch nicht einfaltig steye.
1611 1711 2838 1859 An. Ja es steye gar einfältig und unerkant
1703 1801 2837 1949 und bie es giesagt, noch nicht zum Heil.
1702 1871 2821 2005 Nachtmahl unterbiesen; die stere
1701 1976 2830 2098 versticheret, es habe das Kind im Schre¬
1690 2055 2733 2191 ben und in der Angst in das Haftelin
1708 2155 2820 2279 gethan, ohne zu weißen, daß es tehle.
1699 2245 2790 2376 die habe es etliche mahl getraget, eb
1693 2323 2790 2473 es nicht hand an das Kind geleget, Es
1677 2409 2754 2542 habe aber alleZeit betheieret, es habe
1683 2476 2736 2626 das Kind nicht angerühret, noch¬
1676 2581 2468 2724 Leben an ihme versführet.
1704 2690 2805 2831 Ob das Mentsch nicht starck erschreiben
1702 2784 2801 2929 seye, da Sie ihme die größe seiner Sum
1688 2884 2759 3007 und sein granßamnes verbrechen
1663 2952 2198 3096 Vorgestellet habe?
1714 3064 2799 3218 Es steresto einfaltig, daß es alles leicht
1702 3159 2774 3300 Aufnemmen, so lange sie ihme zuge¬
1679 3257 2753 3385 esprochen, habe es gegrinnen, darnach
1689 3342 2724 3468 aber habe es gleich bieder vergeßen.
2577 3438 2756 3587 Aus
