3024 4032
192 132 298 216 56
299 1110 375 1226 d
316 493 383 606 8.
335 178 378 253 1
396 141 463 233 tas
474 140 749 247 Exam.
492 248 1241 417 Bendicht Schlafli. p.
389 327 1352 554 daß er ihne dorten mit keinem Au¬
387 428 1277 596 "sehen, weniger mit ihme gerecket.
1274 514 1402 595 Dn
412 504 1420 706 Da, bie er säge, Er die Joß in dem Wiche¬
381 562 1409 772 Hauß nicht gesehen, kam es komne, daß
402 646 1388 835 daer auf dem Scheid Weg gestanden, All¬
391 735 1401 909 "die wecken die Zbey Meits bilder mit ein¬
387 796 1409 968 Ander gezancket, Er sich verlauten laßen.
376 872 1384 1033 Akte beÿde /: Namblich der Joß und Er:
389 952 1390 1099 Wollen nicht mit ein Ander, sonsten möchte
383 1026 994 1147 es ein Ungluck geben?
406 1111 1410 1299 Er habe den Joß dorten gesehen, und ob¬
391 1204 1408 1346 "schon er ihne nicht gekennet, so habe er
390 1263 1416 1438 Viel von ihme hören reden, indeme man¬
387 1352 1410 1500 gesagt, Er könne sich harth machen, Er sich
377 1418 1418 1556 auch schon bey vielen Schlägereren befunden
379 1490 1411 1642 und sonsten denen Tantz flätzen und Schieß¬
380 1581 1397 1688 gten nachgegangen, deßenthalber er ihm
388 1643 1430 1780 geschochen, dann sonsten er ihne in der Srafft
379 1717 1134 1839 nicht würde geförchtet haben.
302 1802 369 1912 2)
395 1811 1402 1910 Als der Joß vor das erste mahl, bi er¬
389 1871 1390 1964 sage, ihme dee Stecken angeworsten, ob¬
388 1934 1167 2042 Er nicht gesucht sich zu Behren?
388 1992 1348 2112 Rein, gar nicht, im Wiederstihl, sobald¬
312 1995 391 2110 d.
378 2075 1381 2171 als er den Joß gesehen gegen ihne hwrem¬
385 2137 1386 2255 komen, habe er sich abseits gemacht, und
380 2208 780 2312 seyn geflohen.
386 2271 1407 2385 Damahlen, Als der Toß ihme nachgeloßen
299 2307 368 2411 d.
384 2334 1417 2451 und zu underst in der Madten zu ihme ge¬
379 2404 1397 2504 komen, allbo er den Meßer Stich versetzet,
384 2462 1398 2575 ob der Joß damahls ein Sticken bey sich
391 2542 597 2639 gehabt?
393 2559 1395 2726 Ja, Er Bezeuge vor Godt, daß der Joß¬
303 2601 394 2734 B.
387 2650 1409 2766 damahls ein tännigen Hann Steien Bey¬
368 2712 1363 2864 sich gehabt, mit welchem er auf ihne zu¬
378 2787 1359 2944 geschlagen, und habe er daß Meßer¬
390 2861 1387 2989 ehender nicht hervorgezogen, Als nach¬
366 2918 1409 3054 deme der Joß nicht aufhören wollen, auf¬
365 2989 1402 3134 ihne zuschlagen, und Er Inquisit ohnmög¬
369 3053 1395 3221 lich entfliehen können, begen dem Braben
377 3129 1392 3272 und dem Faag, Zleischen welchen er sich gleich,
356 3220 1035 3367 sam gefangen befunden.
294 3273 1361 3447 g. Warumb er nicht probieret auf andere¬
357 3343 1362 3510 Weis sich zu behren, zumahlen er, als¬
1242 3423 1340 3483 ein
1600 2718 1658 2825 2
1591 2869 1668 2981 du
1592 3207 1650 3316 h.
2691 224 2796 317 37
1592 318 1945 435 ds Gran:
1730 298 2531 483 Bensich Schlaftz. s.
1682 408 2781 605 ein großerstarcker Man wohl hädte dem
1668 492 2768 682 doß Meister werden können, und er anbey¬
1669 577 2737 758 Bohl gelaußt, daß mun das Meßer mer¬
1679 659 2295 809 "mahlen brauchen solle?
1690 714 2751 883 die Borcht einig und allei, habe ihne Ver¬
1691 788 2764 937 leitet, das Meßer zu gebrauchen, beilen
1682 858 2719 990 er so sehr in die Enge getrieben gewesen,
1682 913 2779 1088 daß er sich ohnmöglich lroß bürcken können,
1677 978 2784 1119 und Bezeuge Er, daß er kein Zorn dabey gehabt.
1688 1042 2772 1180 Auf belche Weis er dießen Unglückhafftigen
1603 1112 1655 1206 9
1674 1168 1951 1281 Stich gethan?
1695 1166 2778 1309 Da der Joß alleZeith auf Ihne zugeschlagen,
1602 1224 1683 1353 d
1670 1230 2776 1376 habe er das Meßer gerad vor sich gehalten,
1680 1323 2418 1454 und gegen den Joß gestoßen.
1758 1374 2727 1506 Wie er nun auf seinen Außaagen Be¬
1496 1421 1709 1544 Insticil.
1682 1439 2737 1588 stehen könne; Er habe doch selbsten, in der
1662 1515 2758 1663 zwischen ihme und dem Verstorbenen Vorge¬
1674 1587 2735 1721 gangenen Verhör und Confrontation ge¬
1680 1643 2742 1793 höret, daß der doß in der letzten halben
1680 1707 2776 1822 Stund seines Lebens da Ihme Tod und Ebig¬
1678 1772 2736 1897 keit vor Augen gestellet wäre, deutlich und¬
1689 1844 2752 1942 beÿ annoch gutem Verstand declarieret, und
1693 1923 2745 2023 darauf gestorben: Daß Er Jaß ihne Beder¬
1683 1976 2764 2097 mit Wercken noch Thaten angegriffen. 2nd
1665 2059 2752 2163 daß Er Inquisit ihne, mithin gleich sam ohne
1672 2115 2487 2216 Anlaß, umb das Leben gebracht?
1688 2163 2781 2296 Er liße, daß ihme gegenbärtig Tod und Lebe¬
1596 2189 1657 2291 D
1677 2253 2761 2352 neben EinAnder stehen, Er bezeuge aber auf¬
1667 2308 2773 2420 Leben und Sterben, auf deyl und Seeligkeits
1667 2382 2770 2501 daß seine Außaagen wahrhafft, darauf er
1670 2446 2748 2566 auch beharre. Habe es auch damahlen dem
1667 2507 2758 2634 Joß auf sein Bebißen gesetzt Übrigens¬
1669 2588 2724 2703 aberstelle er seine That Godt anhege, und¬
1666 2645 2702 2763 Erwarte, bas ihme wiederfahren werde.
1687 2728 2738 2845 ob Er gleich gelaußt, daß er den Joß gefähr¬
1669 2792 2089 2888 lich Verbundet2
1689 2877 2720 2995 kein, sonderen habe geglaubt, Er habe ihne¬
1671 2938 2765 3082 nur durch die Kleider gestochen. Umb so mehr,
1672 3004 2765 3123 beilen der Joß alsbald noch forthgeshrungen
1669 3066 2760 3219 und Eranbey an seinem Meßer kein Bluts
1678 3131 1935 3240 gesführet.
1679 3207 2732 3347 Warumb Er dann als bald nach Verrichtever¬
1679 3281 2260 3395 That, der Hofer gesagt,
2366 3342 2432 3421 1
2651 3361 2713 3422 11
2509 3399 2660 3521 Er
