3024 4032
404 288 533 366 258.
557 434 620 523 Ge
501 476 1530 688 das Rohr von der obenherstehendenn
526 576 1552 771 heimlichkeit hineinter in dem Ehegraben
516 658 1121 776 geße gefallen seyn.
1291 724 1529 830 Alß inn
507 720 1558 919 Meinem Hochgeacht knädigen Heern
519 820 1540 991 mmt Schultheißen Stet8er bendiesten
490 905 1534 1068 traurighen Tegebenheit den Raport ab¬
484 1016 1542 1176 gestactet, hat G 4rh 8 gr selbe befahlen
491 1082 1544 1258 daß jeniges Mentsch die Maria Widmen
475 1178 1527 1307 Dienst Magd bey dem Schlüßel, sowegen
496 1247 1508 1393 ihrer Schwängerschafft von ihrem Wiße
478 1356 1494 1474 zu vnd gestelt worden, und wegen sich
485 1438 1494 1556 geäußerten Umbständen in verdacht
494 1520 1508 1644 kommen, die unbarmherzige Muter¬
485 1622 1501 1730 dieses unglücklichen Kindts zu seyn
457 1716 1547 1844 stamt demstelben wohl verwahrt in Ihr Bnodt
463 1783 1484 1902 Spiktahl geführt, und Morndrigen Sagd
473 1855 1523 1979 Wtrahern den Rähtser den bericht harüber
478 1949 1536 2066 abgestacket werden solle, und HerrHohret
488 2026 1546 2175 weiteren Befehl zu erlarten. Actl. d. 29 z
454 2106 921 2243 Jenner A758.
612 2536 1177 2685 Information.
414 2705 1460 2879 Johannes am Stuh, gebührtig
453 2798 1461 2924 von Sigrißlachl, dermalen Schlußel.
430 2890 1125 3017 Wihrt als hier sagt auß.
413 3029 1488 3184 Sie Maria Widter sege sinth ver¬
407 3134 1432 3248 ichenen Jacobi zu Ihme als Stuben
417 3181 1398 3338 Mbagd in Dienst getrecten, habe den
405 3250 1497 3407 dienst wohl verrichtet, also daß Er deßente
401 3352 1468 3539 halben so wohl als gensten mit jender
2698 373 2830 474 289.
1925 415 2341 552 Information
1736 574 2813 697 Außführung zimlich wohl zu frieden gewesten,
1733 650 2799 762 Am verwichenen Martini Maribt aber haben
1729 710 2744 841 Fremde Krämer Weiber, welche da Logiert,
1723 804 2733 940 ene Schlaangerschafft an ihme gemerket
1731 871 2778 1005 und darauß solches so wohl ihme Deponenten
1718 961 2787 1090 als der Mihrtin seiner Frauen angedeutet,
1717 1057 2721 1170 Worauf, gleich nach dem Marit, Er diese
1718 1127 2782 1261 Magd aparte genommen, da Er die vermuhtete¬
1727 1247 2779 1343 und wegen seiner größe zumlich angeschinen,
1719 1313 2715 1416 Schlangerschafft ihme vorgehalten und
1702 1391 2370 1493 darunn zu red gestoßen.
2445 1391 2762 1493 Allein es habe
1702 1474 2679 1580 die Magd solche absolate gänzlichen so
1719 1545 2746 1662 wohl gegen ihne Mihrten, als nachwerts noch
1702 1636 2751 1753 gegen seine Frau abgelangnet, und gleichsam
1708 1728 2703 1853 noch pöchistchen besehen darüber gegeben.
1719 1805 2766 1933 Er habe hierauf nicht gewußt, was Erglaube
1706 1904 2656 2001 solle, als aber die Magd zu länger je
1694 1996 2713 2085 düber außgestehen, habe er endtlichen an
1696 2051 2749 2186 der Gebußheit seines Zustandes nicht mehr
1696 2140 2747 2259 gezweifent, und da alles gütlichen ermahnees
1706 2213 2689 2332 ungeachtet das Mentschfort gefahren zu
1708 2302 2711 2419 laugnen, seye Er Gestern 14. Tag zu H:
1705 2364 2638 2484 Chorweibel gegangen, um ihme diese
1705 2455 2736 2579 Verhaltnuß anzuzeigen, darauß heut 11.
1702 2550 2695 2650 Sag Wchghern deß Oberen Chorgrichts
1697 2615 2721 2743 das Wentsch vorsich bescheiden, Gegen 11.
1702 2716 2700 2823 Uhren gleichen Morgens habe der Shurn¬
1692 2799 2696 2903 Weibel Meister Mathys ihme das Mentsch¬
1703 2874 2745 2988 dieder nach Hauß geführt, und auß befelch¬
1693 2950 2763 3079 Vbrhahren deß Oberen Chorgrichts angedente
1691 3038 2721 3148 Er könne das Mentsch wieder annommen,
1693 3138 2703 3245 dennoch solle Er auf Ihns Acht haben, und
1697 3213 2665 3324 nicht auß dem dienstlaßen, Er habe
1685 3260 2683 3408 kann bevorderst mehr gedacht Mchghlen
