3024 4032
392 385 548 481 222.
530 528 1501 695 Auß allei oberzehltem, als Kälte
520 629 1514 751 deß Angesichts und der extremitaten
508 718 1500 851 deme solange außgebliebenen und
503 812 1490 926 nachher immer blein gebliebenen puls
509 874 1519 1017 nuchtmaßen Wir, daß ein Consideralle¬
503 978 1448 1093 Blut gefäß in der höhle deß Dauche
503 1077 1440 1186 tadirt worden, und heilen durch die
493 1139 1483 1283 äußerliche Wtunde kein Geblutsich
484 1251 1450 1381 ergoßen, muß selbiges sich in die¬
478 1366 1492 1463 Hohle deß Dauchs begeben haben die¬
467 1443 1505 1584 stanung deß Dauchs aber, und die daher
479 1565 1463 1675 entstandene Schmorzen, item Fieber,
484 1653 1460 1766 reveries, Singutais und einige Domitus
470 1744 1487 1874 eines Theils von Verlehung der Kauch¬
454 1818 1484 1940 Musten, anderen Theils aber von einer
467 1933 1459 2058 asion und inflammation eines Einge¬
431 2022 1492 2128 beidts deß Unterleibs entstehen könen,
458 2120 1435 2225 beßmaber, bleibt anß unbekannt
440 2220 1446 2321 um so da mehr, weilen kein den
438 2313 1455 2403 loeder per vomtam, Alvumnoch Uirinam
435 2382 1468 2509 Secerniet worden, auch Herr Patint
427 2505 1435 2614 lich nicht zu erinneren gewußt, in
429 2597 1465 2702 welcher stellung er den Stich bekomen.
413 2666 1447 2795 Es bleibt also von Unß unbestimmt,
425 2758 1426 2875 ob diese lasion unter die Absolute
416 2858 1413 2968 ut plurimum, oder per quideno tödtlich
389 2953 1426 3056 zu zehlen, und das um sto viel mehr,
382 3045 1377 3164 dar keine Section deß Leichnahms¬
394 3142 1440 3274 vorgegangen, auch der stel: verstorbene
374 3225 1461 3369 stchonsteit vielen Jahren mit ungestünden
382 3333 1047 3456 Safften behafftet gebesten.
1244 3403 1436 3509 Kinstuz
2692 413 2827 506 223
1751 550 2778 700 Dases ist es, sto viel Wir Unßerieren
1772 674 2716 789 können, und der Bahrheit gemäß die
1759 746 2474 877 ihre haben einzuberichten.
1673 831 2454 968 Birn den 2ten Novembris 1787.
1924 928 2135 1073 Siqnirt.
2127 929 2186 1075 1
2194 946 2678 1067 Dh: Maser D.
2189 1030 2546 1129 Ropselet 1red:
2179 1112 2682 1238 Buhn gstr. Ins:
2166 1192 2810 1363 Joh: Jacob Hartman opli¬
1792 1592 2310 1743 Arßaagen.
1747 1721 2788 1854 der HochEhrengen Anverwan
2092 1846 2269 1925 1E84t
1733 1956 2783 2127 MhgHl Haterlicher Gellen¬
1958 2078 2453 2204 berg Declariert.
1672 2256 2736 2407 Fruytags den 21ten Octobris, abendts
1741 2371 2639 2506 ohngefahrd 9. Uhren, als der Herr
1729 2477 2749 2595 Deponent noch in famille bey Tischware
1729 2568 2747 2691 kame Herrn Fellenbergs stel. Magd, und
1719 2676 2681 2799 ließe ihme sagen, man erstuche Ihne,
1720 2774 2760 2904 sto geschlond möglich in Herrn Fellenbergs
1717 2885 2747 2990 Hauß zu kommen, da dann Er sich sogleich
1707 2965 2733 3080 Eylfertig dahin begeben, und bey öffnung
1715 3068 2691 3173 der Stuben= Thur, den dect orhang
1694 3148 2710 3289 furgezogen befande, nächst darbey aber
1690 3259 2698 3399 zu seiner grösten Bestürzung die Herrn
2525 3393 2693 3506 Doctor
