3024 4032
326 437 432 550 158.
337 490 1477 694 Prag. Ob es der Jungfraub, welche bey ihren
436 608 1435 755 geschlaffen, nichts dar vor ent duckete
424 695 1457 857 gbein, es habe ihr nichts gestagt, als¬
323 739 393 825 A.
433 800 1478 937 daß es Bauchwehe habe, und die Mag
418 872 1469 1053 Neyn deß Morgendes fruh gahn Melihe
430 998 730 1106 gegangen.
310 1068 392 1208 Iu
418 1064 1444 1248 Ob es die Jungfrau nicht expresoc laßen
399 1186 1404 1312 fortgehen, damit es nachwerts allein
410 1267 1450 1400 bleibe, und mit dem Kind etbann dese
402 1347 1376 1494 Sicherer könne umgehen wie es wolle?
329 1450 379 1578 .
400 1446 1452 1607 die Jungfran, nachdeme Sie vom Welchen
388 1558 1445 1687 wieder heymb gekommen, seye noch zeey
391 1627 1439 1766 mahl zu ihme ins Gaden gekommen, das¬
395 1717 1405 1836 erste mahl nach 3. Uhren, da Sie ihme
401 1799 1388 1911 buppen gebracht, und ein v.. mahl¬
387 1867 1421 2001 noch, habe die den Strähl dorten abgeholt
380 1969 1443 2103 es Inquisitin aber, habe damals geschlaßen
249 2057 362 2201 J.
385 2082 1442 2199 Ob es nicht muße bekennen, daß es begeh¬¬
356 2161 1427 2294 wret allein zusteyn, und zwar in der Absicht,
364 2252 1311 2383 damit es das Kind abschaffen könne?
292 2336 353 2440 .
361 2351 1431 2496 Mein, das habe es doch nicht im Sinn gehabt
256 2429 349 2583 I.
369 2435 1421 2605 Wie es nachwerts Kindts genesten, ob er¬
348 2561 1097 2696 darmit lange zu gegangen.
268 2658 329 2748 1.
333 2635 1393 2798 Länger nicht, als daß man kaum hatte
333 2739 1286 2892 können ein Vacter Uußer bacen.
240 2848 1408 3022 Pr. Vo es nun das Kind zur Welt gebracht, ob
345 2936 1003 3086 es nichts daran gemachet?
245 3019 304 3108 A
339 3029 1357 3179 Mein, Vollig nichts, habe das Knd nun
336 3124 1395 3290 nicht mit den händen angerührt, das kon¬
339 3215 1152 3389 es mit gutem Gewißen stagen.
1189 3451 1370 3549 man
1576 903 1629 960 2.
2656 364 2776 488 189.
1648 509 2764 664 Es habe doch allen anschem, und erleiste sich
1667 617 2719 745 auß dem Bestichtigungs Schein der H:
1654 693 2767 834 Chirurgl. daß es das Kindlin weregetrubt
1660 767 2639 904 und bey dem Halß gegriffen haben.
1646 868 2729 997 Sein, es habe gar mit daran gemacht,
1657 938 2755 1087 weden angerihrt noch getrücket; Es müße
1646 989 2703 1137 die Mosten bekommen haben, weilen es¬
1642 1086 2712 1235 werde auf das NachtGschier gefallen
1636 1172 2722 1317 seyn, es stere mir ein eiges 9schin oder
1634 1237 2724 1397 Recht Haffen, bloß et bas größer als ein
1621 1326 2205 1472 Kindts Haftelin offin.
1639 1449 2496 1589 Ob das Kind nicht gegrinnen.
1523 1454 1616 1566 5
1636 1520 2464 1687 Mein, es habe es mit gehöret.
1555 1583 1621 1665 90.
1630 1663 2703 1805 Ob es dann nicht gestchauet, ob das Kind¬
1535 1663 1626 1784 Su
1633 1740 1970 1874 Lebig seyn.
1540 1837 2710 1983 So ein, es habe gar mit darzu geschauet.
1539 1941 2736 2092 Be. Warum es dem Kind nicht die Vabellchnur
1612 2037 2667 2162 zugebunden, es werde doch wohl gegußt
1599 2124 2721 2248 haben, daß wann diß nicht geschehe, das Kond¬
1612 2209 2225 2331 sich verbluten müße?
1540 2320 1608 2400 A.
1626 2286 2725 2455 Es habe von denen Sachen nichts gewußt,
1636 2386 2724 2526 keine Muctersteye ihme gar beÿ Zeiten
1620 2466 2698 2604 gestorben, und es habe Ihns niemand
1620 2533 2533 2684 von solchen Sachen unterrichtet.
1524 2617 1605 2734 K
1609 2638 2702 2819 Warum es nach seiner Genist, die Sach der¬
1600 2737 2718 2870 Seutigvosfern nicht gebstenbaret, sonder
1600 2829 2703 2972 weit ungegentheil, als die Ihns darum
1598 2910 2722 3061 gefraget, es Ihre solches annoch gelaugnet
1525 3002 1590 3084 A.
1601 3005 2701 3167 ach es habedarineen gröblich gefehlet, habe
1610 3092 2711 3269 hernach das Kind auf den Kirchhooft Trage
1629 3177 1830 3263 wollen.
1506 3248 2573 3449 Br. Wer der Tacer seines Kindes steye.
1527 3353 2723 3531 Ader blinde Mann, bey Belchemes gedienet.
