3024 4032
132 2067 237 2173 R
67 2874 281 2969 Jusiste
107 268 245 382 102.
168 522 264 645 R
188 689 268 788 D.
329 531 1328 678 Iue cetoit deses lpargues, et deson propro
326 607 540 702 Aryent.
314 678 1252 808 Quie devoit serapeller, avec quelle
335 771 1270 859 hardiesse i avoit nie jusques ala
326 821 1285 912 Question, des Faits, dont ie avviteti
332 882 1267 975 convainen pur nombrede Seinoino,
323 943 1267 1049 quelon ne pouvoit quio fair oplus de
320 1004 1206 1089 sond sur jes autres negatives, en
330 1056 1219 1157 patticulier des Louis rieup pris a
323 1122 1240 1222 1 DeMoiry, pendant quie etoit
323 1186 1318 1293 eucorasonservice: Zui awitchan¬
299 1242 1215 1326 nie, daus mmelave, uude ceo Pouis
321 1289 1297 1393 vieus, quie nomoit aup d: a peupres
311 1359 1266 1447 daus le temo quie avvit quitte son¬
318 1405 1246 1511 Maitre, et quie avvit dit alafille¬
310 1468 1252 1561 delare, quellr deMoiri leliu avoit
315 1528 1272 1628 done, ei lin naiant ses guges, cequi¬
311 1570 1228 1681 etoit in meusonge reconu par lui¬
324 1647 1291 1743 meine, lorsquie avoit avoue an Iuge,
317 1700 1278 1792 quils liu avvient ete puies en Argent.
311 1761 1243 1873 QueM dellloiri aiansperdu, peu
322 1840 1246 1924 riparavant, quelques Louis dece¬
311 1892 1273 1981 laen, ie resultoit que cetoit uude ceus
306 1947 1223 2050 Ca, et quie devoit avon zu uneClef
302 2021 781 2093 de ce Burecula.
302 2087 1222 2193 Zuie ne selousenoitnullement du
296 2151 1226 2264 Sait, surrequel on linterrogeoitiet
310 2222 1267 2325 nen avvit ancune convissance, que
294 2282 1167 2375 dailleurs il serapelloit breobien
294 2331 1267 2412 Davow euunde ces Louis, en entraut
304 2396 1203 2477 auservicede Mr de Moiry, quil
307 2442 1206 2535 avoit außi change im Minliton
314 2501 1227 2603 quie setoit fait fawe desChemises.
305 2578 1299 2667 quil avoiten cetanjent comeil lavoi
302 2618 1261 2727 deja diten faisant Menuge aveesa
299 2684 1228 2780 Remme, etnarla jouissance quie
301 2749 1300 2846 avoiteie de son Dien; que ces especes
296 2798 969 2902 etvient comunes ches lui.
309 2899 1270 3006 Quequand meine cequie disoit, seroit
317 2971 1172 3070 orai, il etoit impossible, quieu
305 3013 1238 3116 ibertin come lin, eutgarde, silong
304 3074 1208 3191 tems, ee tonioen poche, quie devoit
294 3137 1285 3245 peuser serieusemt aquoi ces negalives
281 3200 1285 3308 Ee menervient enr, le zuge ne pouvant
278 3267 1221 3378 poiut absolument se contentr desa
296 3349 1245 3442 confession, quie devoit preudre soin
286 3386 942 3503 de sou Ame et desorCorps.
1484 616 1590 727 30 R
2518 347 2643 425 103.
1657 626 2652 730 Juvudervit fuiredelui ceque Controuve¬
1669 709 2653 785 roil a propos, quon linseraavouertoui
1664 747 2633 841 ceque Convoudra; mais que Caverite
1668 805 2632 900 retoit point auhe, que cequie a avoiie¬
1660 863 2521 965 Cesteequie a consirie aplusieurs
1665 936 2647 1025 reprises, parles vluo Cortes Imprecations
1646 997 2632 1088 surle Stalut deson ame, sie cachoit la
1667 1043 1845 1123 verite.
1655 1194 2679 1304 Cet Interrogator acant et QuauCriminel
1649 1265 2649 1366 il aconfirmnseo Repouses dano toit leur
1642 1330 1875 1413 Contenu.
1617 1437 2641 1586 Fail dauoles Geidowsle,br 1755
1792 1666 2500 1773 Du 15. Septembie 1755
1661 1781 2647 1886 Monsicur le Gros Sautier deMuralt
1646 1885 2613 1992 acompagne de Messieuis les Ministreo
1643 1958 2620 2078 detlglise Francoise, sest rendu dano les
1645 2057 2585 2176 Prisons, da prononie a David Amic
1646 2166 2623 2270 lArret de moit rendu contreilu, ce meie
1646 2236 2609 2352 jour par Leius Excellences du Conseil
1643 2318 1907 2400 Sonverain.
1678 2396 2601 2531 Ensurte Monsicur le Pasteur De srey
1649 2510 2640 2605 a comener a lui adiesser, en presence dune
1641 2573 2533 2694 infinite de monde, une exhortation
1639 2684 2572 2778 touchante et pathetique, sur latriste
1627 2742 2532 2860 situation ou il sestrouvor esur le
1648 2830 2564 2938 compte quil devoit rendie dans peu, de
1637 2911 2626 3005 ses actions, an Souverain JugeoeIUnived
1639 2998 2589 3079 Lecrinunet, tonche & penetre de la force
1636 3055 2519 3180 thoe la solidite dece pieus Diocduro, a¬
1642 3150 2547 3257 interrompu Monsieus le Casteur, a¬
1645 3212 2575 3325 declare, les yeux, baigneo de larmeo: Zuil
1637 3294 2517 3413 avoit toujouis eopere, quil pourroit¬
