3024 4032
313 2924 380 3047 1.
554 485 1568 688 Über das vorgegangene übenfahleh.
557 603 1574 804 verhören. Alsto beliebe Erch Mches
556 684 1563 857 diesen Knaben und Mägdlin allgen
550 769 1551 931 zu citieren, und durch eine mit Ihnen
543 862 1537 1041 haltende ferstöhnliche Information zu
539 966 1576 1138 vernemmen, bar ihre Außagen hieru
529 1029 1551 1207 seyen; Von allei heraus komenden
525 1150 1542 1286 donn, werdet Ihr Mehlh: Mrgh
527 1255 1481 1388 den Schrifftlichen raport bestens zu
524 1343 1536 1500 erstatten beßen. Actum den 63.
496 1432 819 1566 Julij. 1758.
566 1582 768 1734 Signirt.
787 1638 1397 1796 Danzloy Bern
459 2052 1519 2188 Infolg abstehenden hohen Gefehls ver¬¬
479 2141 1342 2245 füngte Sich Mhgh. Ratsherr
466 2224 1525 2340 Willading nebst Mulh. D. Groß beibel¬
479 2302 1457 2425 und Brichtschreiber auf heut dato¬
475 2394 1501 2527 undts gemelt in die Obere efangen¬
451 2464 1500 2609 schafft, und sehten die Procedur weiter
457 2565 927 2716 fort, wie folget.
571 2761 1068 2915 Information
430 2924 1511 3048 Aufgenommen von Niclans Müller
426 3029 1423 3136 von dreigarten, deß der Herrschafft
434 3108 1471 3247 Kychenbach, 33. Jahr alters, seiner
406 3183 1463 3338 Handtberies ein Steinhauer, Versuch¬
406 3294 1489 3458 ratet mit Marey Sub vonSchupsten
1282 3437 1438 3533 hubich
2722 372 2812 465 311
1731 490 2817 680 habe zwey Kinder, ein Knab und ein
1717 592 2724 797 Mägdtlini, welche gegenwärtig allhier
1727 695 2747 845 seyen, um Selbsten vernommen zu
1716 834 1920 929 werden.
1763 884 2661 1058 Auf Ernstliche Vermahnung
1906 1044 2237 1172 Sagt auß.
1698 1169 2736 1335 So seye ohngefard vier oder Sinht
1708 1283 2793 1409 Wochen, da er deponent zu Rychenbach
1690 1370 2775 1512 auf der Arbeit, und stein Weib auch
1703 1466 2761 1604 von Hause gewesen, so habe Sich eine
1697 1558 2767 1687 höchst leidige Schand That zugetragen
1705 1654 2807 1771 mit seinen bleinen Kinderen, welche
1699 1736 2783 1863 bey seiner Heynkonsst deß Abendts
1703 1833 2780 1965 ihme klagend erzehlet: Nämlichen
1696 1933 2785 2049 der deich Simon deß Denh dimons
1684 2025 2775 2169 Sohn, welcher in gleichem Hauß, als
1687 2108 2751 2269 Er Sepl. bohne, habesteinjungeres
1697 2210 2754 2357 Kind ein Sechs Järiger Magdtlin
1689 2315 2811 2454 vor dem Hauß angetroffen, und Selbiges
1698 2399 2717 2535 in seine deß dech Simens Stuben
1674 2496 2717 2619 getragen, dorten habe er ihng auf¬
1678 2606 2689 2709 den Toden geleget, habe seine Hosten
1681 2682 2715 2821 herunter gemachet, und Sich auf das
1684 2777 2713 2917 Kind geleget, in welcher Situation Er
1674 2866 2721 2981 Ihns geplaget, also daß es darüber
1687 2995 2674 3118 gegrünnen, und nach länger Zeit
1689 3096 2724 3218 erst habe er es wieder frey gelaßen;
1695 3149 2753 3308 aer der Denz Sinon dieses verrichtet,
1693 3289 2691 3405 seyn das Magdtlin gantz allein beÿ¬
1685 3370 2703 3501 Hauß gebesten, sein Bruderlin wart
2555 3462 2714 3570 uns.
