<?xml version="1.0" encoding="UTF-8" standalone="yes"?>
<PcGts xmlns="http://schema.primaresearch.org/PAGE/gts/pagecontent/2013-07-15" xmlns:xsi="http://www.w3.org/2001/XMLSchema-instance" xsi:schemaLocation="http://schema.primaresearch.org/PAGE/gts/pagecontent/2013-07-15 http://schema.primaresearch.org/PAGE/gts/pagecontent/2013-07-15/pagecontent.xsd">
    <Metadata>
        <Creator>prov=University of Rostock/Institute of Mathematics/CITlab|PLANET AI GmbH/Gundram Leifert/gundram.leifert@planet-ai.de:name=Transkribus German Kurrent M2(htr_id=29820)::::v=2.6.7
prov=University of Rostock/Institute of Mathematics/CITlab|PLANET AI GmbH/Tobias Gruening/tobias.gruening@planet-ai.de:name=de.uros.citlab.module.baseline2polygon.B2PSeamMultiOriented:v=2.6.7
prov=University of Rostock/Institute of Mathematics/CITlab|PLANET AI GmbH/Tobias Gruening/tobias.gruening@planet-ai.de:name=/net_tf/LA73_249_0mod360.pb:de.uros.citlab.segmentation.CITlab_LA_ML:v=2.6.7
Transkribus</Creator>
        <Created>2022-05-02T15:42:01.813+02:00</Created>
        <LastChange>2022-09-12T15:35:03.163+02:00</LastChange>
        <TranskribusMetadata docId="1334851" pageId="52363488" pageNr="168" tsid="114645493" status="IN_PROGRESS" userId="9570" imgUrl="https://files.transkribus.eu/Get?id=KQIZILWRVKKFHBMEHVZJCHPM&amp;fileType=view" xmlUrl="https://files.transkribus.eu/Get?id=GGDYJFWQZMLKSIBDBZEIDKTL" imageId="30691751"/>
    </Metadata>
    <Page imageFilename="IMG_7171.jpg" imageWidth="3024" imageHeight="4032">
        <ReadingOrder>
            <OrderedGroup id="ro_1687513623659" caption="Regions reading order">
                <RegionRefIndexed index="0" regionRef="r1"/>
                <RegionRefIndexed index="1" regionRef="r2"/>
                <RegionRefIndexed index="2" regionRef="r3"/>
                <RegionRefIndexed index="3" regionRef="r4"/>
            </OrderedGroup>
        </ReadingOrder>
        <TextRegion orientation="0.0" id="r1" custom="readingOrder {index:0;}">
            <Coords points="425,559 425,3498 1586,3498 1586,559"/>
            <TextLine id="r1l1" custom="readingOrder {index:0;}">
                <Coords points="556,643 1262,638 1592,714 1598,635 1436,576 567,508"/>
                <Baseline points="566,594 617,597 668,600 719,602 770,603 821,603 872,603 923,605 974,605 1025,606 1076,608 1127,611 1178,614 1229,618 1280,625 1331,633 1382,642 1433,654 1484,668 1535,684 1586,702"/>
                <TextEquiv>
                    <Unicode>Auf frisches Pusticren an den Inquisioe</Unicode>
                </TextEquiv>
            </TextLine>
            <TextLine id="r1l2" custom="readingOrder {index:1;}">
                <Coords points="552,724 727,697 816,733 1028,706 1455,743 1457,688 1341,684 1262,637 1160,661 1033,623 934,652 733,624 555,645"/>
                <Baseline points="561,680 605,683 649,683 694,684 738,684 783,684 827,684 871,683 916,683 960,683 1005,683 1049,683 1093,685 1138,686 1182,689 1227,692 1271,696 1315,702 1360,708 1404,716 1449,725"/>
                <TextEquiv>
                    <Unicode>gestrende Er endtlich solches ein</Unicode>
                </TextEquiv>
            </TextLine>
            <TextLine id="r1l3" custom="readingOrder {index:2;}">
                <Coords points="541,784 791,842 996,780 1519,848 1538,795 1317,731 1254,757 1092,714 877,743 545,718"/>
                <Baseline points="549,771 598,774 647,776 696,776 745,777 794,777 843,777 892,777 941,779 990,779 1039,780 1088,782 1137,783 1186,786 1235,790 1284,795 1333,801 1382,807 1431,816 1480,826 1529,837"/>
                <TextEquiv>
                    <Unicode>Der Haußl. hielte dem Inquisiten alle</Unicode>
                </TextEquiv>
            </TextLine>
            <TextLine id="r1l4" custom="readingOrder {index:3;}">
                <Coords points="563,858 680,902 730,871 822,895 1001,870 1537,925 1540,862 1483,842 1409,871 1321,816 1185,795 899,797 791,841 566,804"/>
                <Baseline points="570,852 618,855 666,857 714,858 762,860 810,860 858,861 906,861 954,861 1002,863 1050,864 1098,866 1146,867 1194,870 1242,873 1290,877 1338,882 1386,889 1434,897 1482,906 1530,915"/>
                <TextEquiv>
                    <Unicode>übrige umständ ordentlich vor, und</Unicode>
                </TextEquiv>
            </TextLine>
            <TextLine id="r1l5" custom="readingOrder {index:4;}">
                <Coords points="547,972 965,994 1094,964 1517,1037 1521,955 1400,917 1176,916 1110,885 959,928 860,892 550,911"/>
                <Baseline points="555,941 602,944 650,947 698,948 746,950 794,950 842,950 889,950 937,950 985,950 1033,950 1081,950 1129,951 1177,954 1224,957 1272,963 1320,969 1368,976 1416,986 1464,997 1512,1010"/>
                <TextEquiv>
                    <Unicode>verloieste Ihme sonderheitlich, daß E.</Unicode>
                </TextEquiv>
            </TextLine>
            <TextLine id="r1l6" custom="readingOrder {index:5;}">
                <Coords points="537,1085 707,1047 898,1095 1203,1060 1284,1098 1327,1064 1580,1144 1587,1040 1289,993 1233,1029 1155,998 1043,1022 891,970 699,1025 543,986"/>
                <Baseline points="546,1038 597,1041 648,1043 700,1043 751,1043 803,1044 854,1044 906,1044 957,1044 1009,1045 1060,1046 1111,1048 1163,1051 1214,1054 1266,1059 1317,1066 1369,1074 1420,1084 1472,1095 1523,1109 1575,1124"/>
                <TextEquiv>
                    <Unicode>Ihne einsten Zielich genäht, und gleich</Unicode>
                </TextEquiv>
            </TextLine>
            <TextLine id="r1l7" custom="readingOrder {index:6;}">
                <Coords points="533,1181 694,1125 774,1168 876,1125 1107,1165 1179,1132 1532,1223 1536,1146 1303,1083 1114,1073 1068,1105 941,1074 842,1108 780,1073 538,1083"/>
                <Baseline points="543,1125 592,1127 641,1128 690,1128 739,1128 789,1128 838,1128 887,1128 936,1130 985,1130 1035,1131 1084,1133 1133,1136 1182,1139 1231,1142 1281,1147 1330,1153 1379,1159 1428,1169 1477,1178 1527,1190"/>
                <TextEquiv>
                    <Unicode>Er habe ihme wollen das Wäß er laßen,</Unicode>
                </TextEquiv>
            </TextLine>
            <TextLine id="r1l8" custom="readingOrder {index:7;}">
                <Coords points="551,1220 714,1252 1081,1219 1222,1271 1509,1275 1511,1218 1380,1187 1039,1197 990,1156 883,1149 689,1190 553,1179"/>
                <Baseline points="558,1208 605,1209 652,1210 699,1211 747,1212 794,1212 841,1212 888,1214 936,1215 983,1215 1030,1217 1077,1219 1125,1221 1172,1224 1219,1227 1266,1230 1314,1234 1361,1239 1408,1245 1455,1251 1503,1259"/>
                <TextEquiv>
                    <Unicode>wenn Er hädte können, das erste</Unicode>
                </TextEquiv>
            </TextLine>
            <TextLine id="r1l9" custom="readingOrder {index:8;}">
                <Coords points="530,1322 862,1345 1005,1312 1058,1358 1142,1309 1303,1375 1461,1391 1530,1371 1533,1305 1114,1232 1041,1266 767,1277 534,1233"/>
                <Baseline points="537,1304 586,1304 635,1305 685,1305 734,1305 783,1305 833,1305 882,1305 931,1305 981,1305 1030,1307 1079,1308 1129,1310 1178,1311 1227,1314 1277,1319 1326,1324 1375,1330 1425,1337 1474,1347 1524,1356"/>
                <TextEquiv>
                    <Unicode>Mahl habe Er es auf dem Ofen ver¬</Unicode>
                </TextEquiv>
            </TextLine>
            <TextLine id="r1l10" custom="readingOrder {index:9;}">
                <Coords points="527,1394 1083,1401 1178,1437 1340,1415 1542,1459 1544,1412 1483,1390 1138,1369 1096,1333 1051,1366 974,1324 882,1388 713,1333 529,1346"/>
                <Baseline points="534,1388 584,1391 634,1394 684,1395 734,1397 784,1397 834,1398 884,1398 934,1398 984,1398 1034,1400 1084,1401 1134,1403 1184,1404 1234,1409 1284,1412 1334,1417 1384,1424 1434,1432 1484,1441 1535,1454"/>
                <TextEquiv>
                    <Unicode>rrebet, und damit er ihme nicht ebe</Unicode>
                </TextEquiv>
            </TextLine>
            <TextLine id="r1l11" custom="readingOrder {index:10;}">
                <Coords points="532,1505 675,1498 715,1530 777,1490 836,1533 1117,1509 1216,1546 1545,1562 1548,1476 1348,1462 1308,1428 1114,1468 960,1415 863,1448 535,1437"/>
                <Baseline points="540,1482 592,1484 645,1485 697,1487 750,1487 802,1487 855,1487 908,1485 960,1485 1013,1485 1065,1485 1118,1486 1170,1488 1223,1490 1276,1493 1328,1499 1381,1505 1433,1513 1486,1523 1539,1535"/>
                <TextEquiv>
                    <Unicode>Thge, habe Er Zeug unter Ihme gelegt,</Unicode>
                </TextEquiv>
            </TextLine>
            <TextLine id="r1l12" custom="readingOrder {index:11;}">
                <Coords points="503,1592 711,1574 749,1606 844,1575 1101,1621 1158,1588 1306,1620 1385,1590 1505,1628 1519,1584 1365,1537 1175,1554 1132,1516 846,1544 792,1502 723,1534 505,1502"/>
                <Baseline points="510,1574 560,1575 610,1575 660,1575 710,1575 760,1575 810,1575 860,1574 910,1574 960,1574 1011,1574 1061,1575 1111,1575 1161,1577 1211,1579 1261,1582 1311,1585 1361,1591 1411,1596 1461,1603 1512,1611"/>
                <TextEquiv>
                    <Unicode>Das )beyte mahl seÿn es in gleicher</Unicode>
                </TextEquiv>
            </TextLine>
            <TextLine id="r1l13" custom="readingOrder {index:12;}">
                <Coords points="508,1667 991,1672 1124,1715 1169,1684 1411,1699 1412,1655 1273,1625 1145,1640 1040,1591 899,1616 844,1575 659,1644 607,1597 510,1585"/>
                <Baseline points="515,1662 559,1662 603,1662 648,1662 692,1664 737,1664 781,1665 826,1665 870,1667 915,1667 959,1668 1003,1668 1048,1670 1092,1671 1137,1672 1181,1673 1226,1674 1270,1676 1315,1677 1359,1679 1404,1680"/>
                <TextEquiv>
                    <Unicode>Stuben auf dem Toden geschehen;</Unicode>
                </TextEquiv>
            </TextLine>
            <TextLine id="r1l14" custom="readingOrder {index:13;}">
                <Coords points="1125,1746 1131,1746 1139,1740 1162,1744 1175,1733 1188,1731 1190,1688 1166,1684 1142,1703 1134,1707 1127,1707"/>
                <Baseline points="1133,1725 1181,1728"/>
                <TextEquiv>
                    <Unicode>ed</Unicode>
                </TextEquiv>
            </TextLine>
            <TextLine id="r1l15" custom="readingOrder {index:14;}">
                <Coords points="495,1751 870,1798 1311,1762 1418,1806 1507,1795 1509,1719 1419,1677 1382,1706 1302,1684 1212,1739 1138,1737 1072,1684 931,1717 888,1683 654,1715 568,1671 496,1693"/>
                <Baseline points="501,1751 553,1752 606,1754 658,1754 711,1755 763,1755 816,1757 869,1757 921,1758 974,1760 1026,1760 1079,1762 1131,1764 1184,1764 1237,1767 1289,1769 1342,1772 1394,1775 1447,1777 1500,1781"/>
                <TextEquiv>
                    <Unicode>Das drickte mahl seÿe in der Weÿd¬</Unicode>
                </TextEquiv>
            </TextLine>
            <TextLine id="r1l16" custom="readingOrder {index:15;}">
                <Coords points="506,1872 804,1873 849,1903 1162,1868 1399,1900 1480,1877 1481,1821 1227,1775 1007,1801 935,1769 856,1800 679,1761 507,1789"/>
                <Baseline points="513,1833 561,1836 609,1839 657,1841 705,1842 753,1844 801,1844 849,1844 897,1845 945,1845 993,1845 1041,1845 1089,1845 1137,1847 1185,1847 1233,1849 1281,1851 1329,1853 1377,1856 1425,1860 1473,1863"/>
                <TextEquiv>
                    <Unicode>geloesen, da Ihne der dercz zu Sich</Unicode>
                </TextEquiv>
            </TextLine>
            <TextLine id="r1l17" custom="readingOrder {index:16;}">
                <Coords points="500,1943 631,1965 753,1931 945,1973 1148,1927 1447,1974 1515,1962 1516,1919 1203,1869 858,1903 501,1874"/>
                <Baseline points="507,1923 557,1926 607,1929 657,1931 707,1932 757,1932 807,1932 857,1932 907,1931 957,1931 1007,1930 1057,1929 1107,1929 1157,1930 1207,1931 1257,1932 1307,1935 1357,1938 1407,1943 1457,1949 1508,1956"/>
                <TextEquiv>
                    <Unicode>beruffen, auf seine Ankonfft habe</Unicode>
                </TextEquiv>
            </TextLine>
            <TextLine id="r1l18" custom="readingOrder {index:17;}">
                <Coords points="497,2049 674,2019 756,2063 938,2033 1054,2062 1227,2013 1432,2065 1531,2040 1532,1983 1258,1940 562,1978 498,1942"/>
                <Baseline points="504,2007 555,2012 606,2016 657,2018 708,2019 759,2021 810,2021 861,2021 912,2019 963,2019 1014,2018 1065,2018 1116,2016 1167,2016 1218,2017 1269,2018 1320,2019 1371,2023 1422,2027 1473,2031 1524,2037"/>
                <TextEquiv>
                    <Unicode>er ihme gestagt, Er solle Sich abziehen</Unicode>
                </TextEquiv>
            </TextLine>
            <TextLine id="r1l19" custom="readingOrder {index:18;}">
                <Coords points="501,2112 745,2154 1034,2113 1364,2158 1516,2132 1517,2067 1293,2050 1026,2092 953,2064 881,2095 501,2048"/>
                <Baseline points="507,2099 557,2102 607,2104 657,2107 707,2109 757,2111 807,2112 857,2112 907,2114 957,2114 1008,2114 1058,2114 1108,2114 1158,2114 1208,2114 1258,2115 1308,2115 1358,2115 1408,2117 1458,2118 1509,2120"/>
                <TextEquiv>
                    <Unicode>und wie Er nicht wollen, habe Er Ihne</Unicode>
                </TextEquiv>
            </TextLine>
            <TextLine id="r1l20" custom="readingOrder {index:19;}">
                <Coords points="485,2201 551,2238 769,2221 830,2259 1133,2213 1362,2252 1518,2220 1520,2172 1393,2145 1007,2162 926,2131 773,2177 602,2120 487,2130"/>
                <Baseline points="492,2186 543,2189 594,2191 645,2194 696,2196 747,2198 798,2200 849,2202 900,2203 951,2204 1002,2205 1053,2207 1104,2207 1155,2208 1206,2210 1257,2210 1308,2211 1359,2213 1410,2214 1461,2216 1512,2217"/>
                <TextEquiv>
                    <Unicode>Selbsten außgezogen, und habe Ihme</Unicode>
                </TextEquiv>
            </TextLine>
            <TextLine id="r1l21" custom="readingOrder {index:20;}">
                <Coords points="484,2298 1514,2343 1544,2286 1376,2251 1307,2273 1147,2213 830,2258 486,2236"/>
                <Baseline points="492,2268 544,2272 596,2274 648,2277 700,2279 753,2281 805,2283 857,2286 909,2288 961,2290 1014,2292 1066,2294 1118,2297 1170,2299 1222,2301 1275,2303 1327,2306 1379,2309 1431,2311 1483,2315 1536,2318"/>
                <TextEquiv>
                    <Unicode>wiedermalen sein Blied in Assersteben</Unicode>
                </TextEquiv>
            </TextLine>
            <TextLine id="r1l22" custom="readingOrder {index:21;}">
                <Coords points="482,2375 631,2368 720,2409 845,2374 1042,2424 1137,2378 1375,2440 1513,2405 1515,2357 1257,2367 1142,2317 1032,2357 638,2304 483,2334"/>
                <Baseline points="489,2354 539,2357 590,2360 641,2363 692,2364 743,2367 794,2370 844,2372 895,2373 946,2375 997,2378 1048,2379 1099,2381 1150,2382 1200,2384 1251,2385 1302,2387 1353,2389 1404,2391 1455,2394 1506,2396"/>
                <TextEquiv>
                    <Unicode>wollen, habe aber nicht können; Sie¬</Unicode>
                </TextEquiv>
            </TextLine>
            <TextLine id="r1l23" custom="readingOrder {index:22;}">
                <Coords points="454,2468 700,2488 786,2460 863,2516 1084,2527 1206,2479 1509,2489 1520,2431 1395,2447 1162,2389 1014,2432 456,2409"/>
                <Baseline points="462,2445 514,2448 567,2450 619,2452 672,2454 724,2456 777,2457 829,2460 882,2462 934,2463 987,2465 1039,2466 1092,2468 1144,2469 1197,2470 1249,2471 1302,2472 1354,2474 1407,2474 1459,2475 1512,2475"/>
                <TextEquiv>
                    <Unicode>mahlen habe Er das Thun können, obe¬</Unicode>
                </TextEquiv>
            </TextLine>
            <TextLine id="r1l24" custom="readingOrder {index:23;}">
                <Coords points="453,2545 638,2542 698,2581 828,2550 976,2598 1072,2556 1255,2609 1334,2564 1503,2562 1505,2502 1292,2536 936,2497 454,2507"/>
                <Baseline points="459,2534 510,2536 562,2538 614,2541 666,2543 718,2545 770,2547 822,2549 874,2550 926,2551 978,2552 1029,2553 1081,2555 1133,2555 1185,2556 1237,2556 1289,2558 1341,2558 1393,2559 1445,2559 1497,2559"/>
                <TextEquiv>
                    <Unicode>wohlen Er alle drey mahl es probieret.</Unicode>
                </TextEquiv>
            </TextLine>
            <TextLine id="r1l25" custom="readingOrder {index:24;}">
                <Coords points="449,2652 914,2635 1116,2679 1202,2641 1378,2663 1480,2634 1480,2571 1337,2564 1258,2608 1033,2574 963,2612 845,2562 450,2555"/>
                <Baseline points="456,2624 506,2625 557,2627 608,2630 659,2631 710,2633 761,2634 811,2635 862,2636 913,2637 964,2637 1015,2637 1066,2637 1117,2637 1167,2637 1218,2637 1269,2637 1320,2637 1371,2637 1422,2637 1473,2637"/>
                <TextEquiv>
                    <Unicode>das vierte Wahl habe Er dem Reich¬</Unicode>
                </TextEquiv>
            </TextLine>
            <TextLine id="r1l26" custom="readingOrder {index:25;}">
                <Coords points="449,2768 758,2717 1224,2768 1383,2719 1495,2728 1495,2671 1054,2680 984,2651 929,2679 748,2639 449,2683"/>
                <Baseline points="456,2714 507,2715 559,2715 610,2715 662,2715 714,2717 765,2717 817,2717 868,2718 920,2718 972,2718 1023,2718 1075,2718 1126,2720 1178,2718 1230,2718 1281,2718 1333,2718 1384,2717 1436,2717 1488,2715"/>
                <TextEquiv>
                    <Unicode>entfliehen bönnen, wie schon hievor</Unicode>
                </TextEquiv>
            </TextLine>
            <TextLine id="r1l27" custom="readingOrder {index:26;}">
                <Coords points="427,2861 533,2806 596,2851 627,2842 653,2817 699,2826 698,2749 665,2740 637,2753 567,2740 539,2759 480,2771 463,2763 427,2781"/>
                <Baseline points="434,2805 459,2803 485,2800 511,2798 537,2798 563,2798 588,2798 614,2799 640,2799 666,2801 692,2801"/>
                <TextEquiv>
                    <Unicode>gestagt.</Unicode>
                </TextEquiv>
            </TextLine>
            <TextLine id="r1l28" custom="readingOrder {index:27;}">
                <Coords points="424,2956 532,2944 672,3009 968,2950 1303,2943 1351,2973 1509,2945 1509,2883 1351,2918 1238,2865 824,2872 689,2822 543,2916 424,2899"/>
                <Baseline points="431,2936 484,2936 538,2937 591,2938 645,2939 698,2940 752,2941 805,2942 859,2943 912,2943 966,2945 1020,2945 1073,2945 1127,2945 1180,2945 1234,2943 1287,2942 1341,2939 1394,2937 1448,2933 1502,2930"/>
                <TextEquiv>
                    <Unicode>der Inquisit gestuende alle Umstände</Unicode>
                </TextEquiv>
            </TextLine>
            <TextLine id="r1l29" custom="readingOrder {index:28;}">
                <Coords points="434,3036 831,3035 983,3070 1085,3029 1221,3062 1482,3012 1481,2975 1379,2985 1320,2951 970,2949 806,3010 433,2991"/>
                <Baseline points="440,3023 491,3024 543,3024 595,3026 647,3026 698,3026 750,3027 802,3027 854,3027 905,3026 957,3026 1009,3025 1061,3024 1112,3023 1164,3021 1216,3019 1268,3017 1319,3013 1371,3010 1423,3007 1475,3002"/>
                <TextEquiv>
                    <Unicode>ein, mir daß Er die That ne-</Unicode>
                </TextEquiv>
            </TextLine>
            <TextLine id="r1l30" custom="readingOrder {index:29;}">
                <Coords points="419,3145 598,3113 799,3161 868,3133 1040,3160 1485,3104 1484,3063 1316,3019 1227,3065 677,3031 417,3062"/>
                <Baseline points="425,3111 477,3113 530,3114 582,3114 635,3116 688,3116 740,3116 793,3117 846,3116 898,3116 951,3115 1004,3114 1056,3113 1109,3110 1162,3108 1214,3105 1267,3102 1320,3097 1372,3092 1425,3086 1478,3080"/>
                <TextEquiv>
                    <Unicode>malen auf dem Ofen begangen,</Unicode>
                </TextEquiv>
            </TextLine>
            <TextLine id="r1l31" custom="readingOrder {index:30;}">
                <Coords points="436,3236 674,3258 830,3212 993,3258 1111,3211 1219,3251 1425,3202 1411,3126 1176,3185 942,3183 868,3134 796,3160 647,3123 513,3164 436,3139"/>
                <Baseline points="443,3200 491,3201 540,3201 589,3203 638,3203 686,3204 735,3206 784,3206 833,3207 881,3207 930,3209 979,3209 1028,3209 1076,3207 1125,3206 1174,3204 1223,3202 1271,3200 1320,3196 1369,3191 1418,3185"/>
                <TextEquiv>
                    <Unicode>louße Sich davon gar richt zu</Unicode>
                </TextEquiv>
            </TextLine>
            <TextLine id="r1l32" custom="readingOrder {index:31;}">
                <Coords points="426,3340 560,3331 592,3312 659,3338 706,3339 757,3311 791,3315 791,3260 716,3244 615,3258 586,3241 536,3269 425,3270"/>
                <Baseline points="432,3315 457,3313 482,3311 507,3311 532,3309 558,3309 583,3309 608,3308 633,3308 658,3308 684,3308 709,3309 734,3309 759,3309 785,3308"/>
                <TextEquiv>
                    <Unicode>erinneren.</Unicode>
                </TextEquiv>
            </TextLine>
            <TextLine id="r1l33" custom="readingOrder {index:32;}">
                <Coords points="1200,3522 1240,3507 1269,3517 1299,3491 1349,3501 1377,3518 1390,3508 1409,3514 1441,3504 1435,3365 1385,3382 1369,3369 1359,3375 1260,3356 1229,3375 1194,3380"/>
                <Baseline points="1205,3479 1230,3479 1255,3477 1281,3476 1306,3474 1331,3473 1357,3471 1382,3471 1407,3471 1433,3473"/>
                <TextEquiv>
                    <Unicode>Weiser</Unicode>
                </TextEquiv>
            </TextLine>
            <TextEquiv>
                <Unicode>Auf frisches Pusticren an den Inquisioe
gestrende Er endtlich solches ein
Der Haußl. hielte dem Inquisiten alle
übrige umständ ordentlich vor, und
verloieste Ihme sonderheitlich, daß E.
Ihne einsten Zielich genäht, und gleich
Er habe ihme wollen das Wäß er laßen,
wenn Er hädte können, das erste
Mahl habe Er es auf dem Ofen ver¬
rrebet, und damit er ihme nicht ebe
Thge, habe Er Zeug unter Ihme gelegt,
Das )beyte mahl seÿn es in gleicher
Stuben auf dem Toden geschehen;
ed
Das drickte mahl seÿe in der Weÿd¬
geloesen, da Ihne der dercz zu Sich
beruffen, auf seine Ankonfft habe
er ihme gestagt, Er solle Sich abziehen
und wie Er nicht wollen, habe Er Ihne
Selbsten außgezogen, und habe Ihme
wiedermalen sein Blied in Assersteben
wollen, habe aber nicht können; Sie¬
mahlen habe Er das Thun können, obe¬
wohlen Er alle drey mahl es probieret.
das vierte Wahl habe Er dem Reich¬
entfliehen bönnen, wie schon hievor
gestagt.
der Inquisit gestuende alle Umstände
ein, mir daß Er die That ne-
malen auf dem Ofen begangen,
louße Sich davon gar richt zu
erinneren.
Weiser</Unicode>
            </TextEquiv>
        </TextRegion>
        <TextRegion orientation="0.0" id="r2" custom="readingOrder {index:1;}">
            <Coords points="1640,2266 1640,2419 1737,2419 1737,2266"/>
            <TextLine id="r2l1" custom="readingOrder {index:0;} person {offset:0; length:4; continued:true;}">
                <Coords points="1632,2387 1657,2383 1668,2373 1703,2386 1718,2382 1730,2390 1744,2383 1747,2302 1733,2300 1725,2308 1708,2306 1695,2312 1679,2309 1652,2322 1635,2318"/>
                <Baseline points="1640,2367 1672,2366 1704,2369 1737,2369"/>
                <TextEquiv>
                    <Unicode>Antl</Unicode>
                </TextEquiv>
            </TextLine>
            <TextEquiv>
                <Unicode>Antl</Unicode>
            </TextEquiv>
        </TextRegion>
        <TextRegion orientation="0.0" id="r3" custom="readingOrder {index:2;}">
            <Coords points="1649,682 1649,1366 1767,1366 1767,682"/>
            <TextLine id="r3l1" custom="readingOrder {index:0;}">
                <Coords points="1678,845 1695,841 1716,818 1738,815 1761,793 1777,789 1732,656 1700,682 1667,722 1637,720"/>
                <Baseline points="1671,804 1702,790 1733,782 1764,771"/>
                <TextEquiv>
                    <Unicode>Jru</Unicode>
                </TextEquiv>
            </TextLine>
            <TextLine id="r3l2" custom="readingOrder {index:1;}">
                <Coords points="1674,1139 1702,1131 1714,1136 1730,1128 1741,1134 1750,1130 1759,1136 1779,1132 1762,1049 1726,1069 1694,1066 1680,1084 1664,1090"/>
                <Baseline points="1677,1124 1707,1119 1737,1112 1767,1106"/>
                <TextEquiv>
                    <Unicode>Ati</Unicode>
                </TextEquiv>
            </TextLine>
            <TextLine id="r3l3" custom="readingOrder {index:2;} person {offset:0; length:4; continued:true;}">
                <Coords points="1647,1341 1678,1320 1700,1333 1719,1335 1738,1306 1763,1298 1744,1226 1734,1228 1725,1242 1712,1238 1701,1245 1679,1240 1660,1253 1649,1270 1643,1268 1630,1275"/>
                <Baseline points="1649,1322 1675,1308 1701,1301 1727,1297 1754,1292"/>
                <TextEquiv>
                    <Unicode>Polh.</Unicode>
                </TextEquiv>
            </TextLine>
            <TextEquiv>
                <Unicode>Jru
Ati
Polh.</Unicode>
            </TextEquiv>
        </TextRegion>
        <TextRegion orientation="0.0" id="r4" custom="readingOrder {index:3;}">
            <Coords points="1682,506 1682,3539 2771,3539 2771,506"/>
            <TextLine id="r4l1" custom="readingOrder {index:0;}">
                <Coords points="2659,576 2670,577 2674,573 2683,577 2689,573 2701,575 2730,567 2741,577 2752,576 2758,518 2747,514 2732,522 2717,507 2706,503 2687,506 2680,499 2666,500"/>
                <Baseline points="2669,546 2695,546 2721,550 2747,552"/>
                <TextEquiv>
                    <Unicode>331</Unicode>
                </TextEquiv>
            </TextLine>
            <TextLine id="r4l2" custom="readingOrder {index:1;}">
                <Coords points="1884,702 1955,696 2019,731 2084,697 2307,740 2351,716 2669,784 2720,759 2725,711 2388,676 2262,600 2140,645 2044,569 1964,615 1894,604"/>
                <Baseline points="1892,686 1933,684 1974,683 2015,684 2056,685 2097,687 2138,690 2179,694 2220,699 2261,703 2303,708 2344,713 2385,719 2426,724 2467,730 2508,735 2549,740 2590,743 2631,748 2672,750 2714,753"/>
                <TextEquiv>
                    <Unicode>Weiters Befragt und gestehen</Unicode>
                </TextEquiv>
            </TextLine>
            <TextLine id="r4l3" custom="readingOrder {index:2;}">
                <Coords points="1799,774 1873,754 1931,796 2014,753 2063,780 2135,751 2235,799 2280,768 2411,775 2654,829 2761,804 2763,776 2479,761 2402,728 2225,742 2118,705 2018,731 1958,698 1803,713"/>
                <Baseline points="1806,764 1853,758 1900,755 1948,752 1995,752 2043,752 2090,752 2137,753 2185,756 2232,760 2280,764 2327,768 2374,773 2422,778 2469,783 2517,788 2564,792 2611,796 2659,801 2706,804 2754,809"/>
                <TextEquiv>
                    <Unicode>Ob Er nicht auch bekennenmüße.</Unicode>
                </TextEquiv>
            </TextLine>
            <TextLine id="r4l4" custom="readingOrder {index:3;}">
                <Coords points="1781,839 1842,872 1926,850 2018,874 2147,820 2405,877 2463,855 2742,883 2746,817 2689,802 2630,847 2500,793 2391,820 2305,773 2258,800 2017,768 1927,794 1871,761 1784,784"/>
                <Baseline points="1788,825 1835,822 1882,821 1930,819 1977,819 2025,819 2072,820 2119,822 2167,824 2214,827 2262,830 2309,834 2356,838 2404,841 2451,847 2499,851 2546,855 2593,861 2641,865 2688,870 2736,875"/>
                <TextEquiv>
                    <Unicode>daß Er Sich stobeit vergeßen, und¬</Unicode>
                </TextEquiv>
            </TextLine>
            <TextLine id="r4l5" custom="readingOrder {index:4;}">
                <Coords points="1765,934 1950,890 2145,934 2330,907 2630,982 2703,957 2708,871 2637,868 2582,915 2332,891 2267,836 1857,875 1770,834"/>
                <Baseline points="1773,909 1819,902 1865,898 1911,894 1957,892 2004,891 2050,892 2096,893 2142,895 2188,899 2235,902 2281,907 2327,911 2373,916 2419,921 2466,926 2512,931 2558,935 2604,939 2650,942 2697,945"/>
                <TextEquiv>
                    <Unicode>so gar mit Schafen Uureine Bust</Unicode>
                </TextEquiv>
            </TextLine>
            <TextLine id="r4l6" custom="readingOrder {index:5;}">
                <Coords points="1760,1027 1848,1011 1875,983 1907,983 1939,1006 1962,1007 2025,972 2095,986 2094,955 2047,957 1978,918 1886,905 1805,960 1784,955 1758,968"/>
                <Baseline points="1766,989 1792,984 1819,980 1846,978 1873,976 1900,975 1927,974 1953,973 1980,972 2007,974 2034,974 2061,974 2088,975"/>
                <TextEquiv>
                    <Unicode>getrieben.</Unicode>
                </TextEquiv>
            </TextLine>
            <TextLine id="r4l7" custom="readingOrder {index:6;}">
                <Coords points="2219,1061 2226,1061 2231,1065 2239,1064 2246,1059 2257,1059 2257,965 2250,965 2247,962 2239,965 2234,962 2219,961"/>
                <Baseline points="2226,1019 2250,1019"/>
                <TextEquiv>
                    <Unicode>3</Unicode>
                </TextEquiv>
            </TextLine>
            <TextLine id="r4l8" custom="readingOrder {index:7;}">
                <Coords points="1804,1117 2035,1137 2225,1099 2327,1155 2529,1123 2769,1173 2772,1115 2646,1107 2564,1044 2472,1081 2268,1081 2187,1042 2141,1070 2072,1040 1808,1050"/>
                <Baseline points="1812,1098 1859,1096 1907,1095 1954,1094 2002,1094 2049,1094 2097,1095 2144,1097 2192,1099 2239,1102 2287,1105 2335,1108 2382,1112 2430,1116 2477,1120 2525,1124 2572,1128 2620,1133 2667,1136 2715,1141 2763,1145"/>
                <TextEquiv>
                    <Unicode>Sein. das könne Er nicht berennen,</Unicode>
                </TextEquiv>
            </TextLine>
            <TextLine id="r4l9" custom="readingOrder {index:8;}">
                <Coords points="1776,1204 1931,1211 1997,1173 2076,1165 2280,1206 2350,1183 2416,1196 2417,1150 2332,1156 2296,1128 2247,1156 2167,1103 2046,1138 1942,1114 1825,1144 1778,1131"/>
                <Baseline points="1784,1176 1815,1171 1846,1167 1877,1164 1909,1162 1940,1160 1971,1160 2002,1160 2034,1161 2065,1161 2096,1163 2127,1165 2159,1168 2190,1170 2221,1173 2252,1175 2284,1178 2315,1179 2346,1182 2377,1184 2409,1185"/>
                <TextEquiv>
                    <Unicode>Er habe es nicht gethan.</Unicode>
                </TextEquiv>
            </TextLine>
            <TextLine id="r4l10" custom="readingOrder {index:9;}">
                <Coords points="1791,1342 1893,1295 2302,1340 2412,1318 2507,1326 2632,1395 2777,1359 2781,1312 2430,1254 2210,1263 2148,1230 1982,1253 1902,1199 1801,1215"/>
                <Baseline points="1803,1280 1851,1278 1899,1277 1948,1277 1996,1277 2045,1278 2093,1280 2141,1283 2190,1288 2238,1292 2287,1296 2335,1301 2383,1306 2432,1311 2480,1317 2529,1322 2577,1328 2625,1333 2674,1339 2722,1344 2771,1349"/>
                <TextEquiv>
                    <Unicode>zfolle nicht langnen, indeme Er von</Unicode>
                </TextEquiv>
            </TextLine>
            <TextLine id="r4l11" custom="readingOrder {index:10;}">
                <Coords points="1771,1369 1930,1370 1977,1404 2029,1371 2193,1375 2565,1452 2731,1423 2733,1399 2352,1334 2188,1356 2091,1312 1971,1338 1868,1296 1806,1345 1774,1332"/>
                <Baseline points="1778,1365 1825,1362 1872,1361 1919,1361 1967,1362 2014,1363 2061,1366 2109,1369 2156,1373 2203,1378 2251,1382 2298,1386 2345,1392 2392,1397 2440,1402 2487,1406 2534,1410 2582,1413 2629,1416 2676,1418 2724,1418"/>
                <TextEquiv>
                    <Unicode>deeten gestehen worden, zu zweyen</Unicode>
                </TextEquiv>
            </TextLine>
            <TextLine id="r4l12" custom="readingOrder {index:11;}">
                <Coords points="1765,1466 1966,1453 2060,1501 2189,1473 2301,1527 2427,1491 2600,1547 2748,1516 2752,1457 2644,1442 2582,1472 2445,1413 2406,1435 2309,1397 2246,1434 2165,1395 2029,1428 1921,1387 1860,1416 1770,1395"/>
                <Baseline points="1773,1443 1821,1442 1869,1442 1918,1442 1966,1443 2015,1446 2063,1448 2112,1452 2160,1455 2209,1459 2257,1463 2305,1468 2354,1472 2402,1477 2451,1481 2499,1485 2548,1489 2596,1493 2645,1496 2693,1499 2742,1502"/>
                <TextEquiv>
                    <Unicode>mahlen bey denen Schafen, in solcher</Unicode>
                </TextEquiv>
            </TextLine>
            <TextLine id="r4l13" custom="readingOrder {index:12;}">
                <Coords points="1743,1568 2256,1549 2695,1609 2723,1540 2335,1541 2201,1487 2049,1509 1975,1481 1915,1516 1830,1457 1750,1461"/>
                <Baseline points="1752,1532 1800,1532 1848,1532 1896,1533 1944,1535 1992,1536 2040,1539 2088,1541 2136,1544 2184,1548 2232,1552 2280,1555 2328,1559 2376,1564 2424,1569 2472,1573 2520,1577 2568,1581 2616,1585 2664,1589 2712,1593"/>
                <TextEquiv>
                    <Unicode>Stellung, darauß einmahl anders</Unicode>
                </TextEquiv>
            </TextLine>
            <TextLine id="r4l14" custom="readingOrder {index:13;}">
                <Coords points="1758,1655 1871,1633 1977,1660 2058,1631 2273,1683 2347,1648 2606,1689 2690,1670 2694,1613 2653,1629 2502,1576 2321,1613 2230,1576 2094,1605 1886,1564 1762,1591"/>
                <Baseline points="1767,1616 1812,1616 1858,1617 1904,1617 1950,1619 1996,1622 2042,1623 2087,1625 2133,1629 2179,1631 2225,1634 2271,1638 2317,1641 2363,1644 2408,1649 2454,1652 2500,1656 2546,1659 2592,1663 2638,1667 2684,1671"/>
                <TextEquiv>
                    <Unicode>nichts, als eine solche Caster That</Unicode>
                </TextEquiv>
            </TextLine>
            <TextLine id="r4l15" custom="readingOrder {index:14;}">
                <Coords points="1743,1732 1777,1713 1908,1764 1956,1738 2118,1751 2166,1719 2442,1737 2568,1784 2713,1755 2715,1698 2321,1707 2187,1657 1796,1676 1748,1651"/>
                <Baseline points="1752,1704 1799,1704 1847,1704 1895,1706 1942,1707 1990,1709 2038,1710 2085,1713 2133,1716 2181,1718 2229,1722 2276,1725 2324,1729 2372,1732 2419,1737 2467,1740 2515,1743 2562,1746 2610,1750 2658,1752 2706,1757"/>
                <TextEquiv>
                    <Unicode>von Ihme abzunemmen gebesten.</Unicode>
                </TextEquiv>
            </TextLine>
            <TextLine id="r4l16" custom="readingOrder {index:15;}">
                <Coords points="1740,1839 1892,1791 2200,1863 2763,1865 2768,1782 2423,1805 2357,1759 2163,1791 2109,1754 1992,1775 1746,1735"/>
                <Baseline points="1749,1790 1799,1790 1849,1791 1900,1793 1950,1794 2001,1797 2051,1800 2101,1802 2152,1806 2202,1809 2253,1812 2303,1815 2353,1819 2404,1823 2454,1827 2505,1829 2555,1832 2605,1835 2656,1839 2706,1841 2757,1842"/>
                <TextEquiv>
                    <Unicode>Und wann Er nicht freywillig bekant¬</Unicode>
                </TextEquiv>
            </TextLine>
            <TextLine id="r4l17" custom="readingOrder {index:16;}">
                <Coords points="1737,1901 2061,1913 2122,1887 2200,1949 2365,1913 2457,1971 2537,1928 2711,1958 2715,1878 2685,1870 2630,1894 2426,1839 2325,1881 2235,1846 2190,1870 2134,1842 1961,1866 1907,1829 1741,1840"/>
                <Baseline points="1745,1877 1793,1877 1841,1878 1889,1880 1937,1881 1985,1883 2033,1884 2081,1887 2129,1889 2177,1892 2225,1895 2273,1898 2321,1900 2369,1904 2417,1907 2465,1910 2513,1913 2561,1914 2609,1917 2657,1920 2706,1922"/>
                <TextEquiv>
                    <Unicode>lich seyn wolle, so werden Ihme die</Unicode>
                </TextEquiv>
            </TextLine>
            <TextLine id="r4l18" custom="readingOrder {index:17;}">
                <Coords points="1734,2013 1943,1978 2167,1993 2289,2044 2406,2049 2485,2009 2656,2043 2766,2022 2741,1966 2669,1993 2503,1940 2396,1979 2142,1918 1982,1957 1893,1958 1843,1913 1739,1936"/>
                <Baseline points="1743,1967 1793,1968 1844,1970 1895,1971 1946,1973 1997,1975 2047,1978 2098,1980 2149,1984 2200,1986 2251,1989 2301,1993 2352,1995 2403,2000 2454,2003 2505,2006 2555,2008 2606,2012 2657,2013 2708,2016 2759,2019"/>
                <TextEquiv>
                    <Unicode>Gezeugen unter Arigen gestellet werden</Unicode>
                </TextEquiv>
            </TextLine>
            <TextLine id="r4l19" custom="readingOrder {index:18;}">
                <Coords points="1743,2098 2098,2107 2156,2139 2464,2120 2509,2150 2549,2122 2697,2155 2714,2026 2523,2061 2363,2031 2255,2051 2168,1993 2041,2040 1876,1998 1748,2012"/>
                <Baseline points="1752,2057 1799,2058 1847,2060 1894,2061 1942,2064 1989,2066 2037,2067 2084,2070 2132,2072 2179,2076 2227,2079 2274,2081 2322,2085 2369,2087 2417,2090 2464,2094 2512,2097 2559,2099 2607,2103 2654,2106 2702,2109"/>
                <TextEquiv>
                    <Unicode>solle Sich alsto Bohl bedencken, und</Unicode>
                </TextEquiv>
            </TextLine>
            <TextLine id="r4l20" custom="readingOrder {index:19;}">
                <Coords points="1739,2174 1864,2158 2001,2203 2164,2170 2282,2217 2426,2185 2581,2239 2727,2204 2730,2147 2545,2126 2510,2150 2462,2122 2315,2148 2254,2120 2170,2151 1960,2096 1741,2117"/>
                <Baseline points="1746,2148 1794,2152 1843,2154 1892,2157 1941,2160 1989,2163 2038,2165 2087,2168 2136,2171 2184,2172 2233,2174 2282,2177 2331,2180 2379,2181 2428,2184 2477,2186 2526,2189 2574,2190 2623,2193 2672,2196 2721,2198"/>
                <TextEquiv>
                    <Unicode>sein Bebißen durch hartnabigkeit</Unicode>
                </TextEquiv>
            </TextLine>
            <TextLine id="r4l21" custom="readingOrder {index:20;}">
                <Coords points="1732,2271 1872,2278 1888,2295 1967,2277 2039,2292 2141,2260 2210,2277 2223,2214 2151,2242 2062,2199 1973,2229 1874,2189 1735,2214"/>
                <Baseline points="1740,2243 1766,2244 1792,2244 1819,2244 1845,2246 1871,2246 1898,2247 1924,2248 1950,2249 1977,2250 2003,2252 2029,2252 2056,2253 2082,2255 2108,2256 2135,2256 2161,2258 2187,2260 2214,2261"/>
                <TextEquiv>
                    <Unicode>nicht beschwlaren?</Unicode>
                </TextEquiv>
            </TextLine>
            <TextLine id="r4l22" custom="readingOrder {index:21;}">
                <Coords points="1768,2385 2077,2394 2153,2436 2204,2403 2303,2431 2466,2403 2719,2452 2725,2342 2371,2331 2308,2358 2007,2289 1846,2340 1771,2307"/>
                <Baseline points="1775,2372 1822,2373 1869,2376 1916,2378 1963,2379 2010,2382 2057,2384 2104,2385 2151,2388 2198,2391 2245,2393 2292,2396 2339,2398 2386,2400 2433,2403 2480,2405 2527,2408 2574,2411 2621,2414 2668,2417 2715,2420"/>
                <TextEquiv>
                    <Unicode>Sein Bebißen gebe Ihme nicht mit,</Unicode>
                </TextEquiv>
            </TextLine>
            <TextLine id="r4l23" custom="readingOrder {index:22;}">
                <Coords points="1731,2467 1851,2457 1907,2497 2425,2481 2606,2514 2663,2509 2665,2460 2526,2414 2475,2441 2216,2413 2152,2436 2028,2401 1896,2419 1840,2391 1733,2416"/>
                <Baseline points="1739,2447 1787,2447 1835,2448 1884,2448 1932,2450 1980,2451 2029,2453 2077,2454 2125,2456 2174,2457 2222,2460 2271,2462 2319,2464 2367,2466 2416,2469 2464,2472 2512,2475 2561,2478 2609,2481 2658,2484"/>
                <TextEquiv>
                    <Unicode>daß Er dieser bebennen könne,</Unicode>
                </TextEquiv>
            </TextLine>
            <TextLine id="r4l24" custom="readingOrder {index:23;}">
                <Coords points="1726,2531 1893,2532 2040,2582 2194,2545 2308,2589 2542,2605 2578,2571 2744,2571 2746,2528 2425,2481 2334,2506 2284,2474 2220,2516 2146,2481 1970,2515 1819,2465 1727,2499"/>
                <Baseline points="1733,2525 1783,2526 1833,2528 1883,2530 1934,2532 1984,2534 2034,2537 2084,2538 2135,2541 2185,2543 2235,2545 2285,2547 2336,2550 2386,2552 2436,2553 2486,2555 2537,2556 2587,2558 2637,2559 2687,2559 2738,2559"/>
                <TextEquiv>
                    <Unicode>dann er nichts mit Schafen dergleichen</Unicode>
                </TextEquiv>
            </TextLine>
            <TextLine id="r4l25" custom="readingOrder {index:24;}">
                <Coords points="1731,2649 1845,2622 2013,2652 2318,2629 2708,2672 2710,2601 2634,2581 2250,2602 2105,2569 2054,2603 1982,2568 1734,2564"/>
                <Baseline points="1739,2619 1787,2621 1835,2621 1883,2622 1931,2624 1979,2624 2027,2625 2076,2627 2124,2628 2172,2628 2220,2630 2268,2632 2316,2633 2364,2634 2413,2636 2461,2637 2509,2640 2557,2642 2605,2645 2653,2647 2702,2649"/>
                <TextEquiv>
                    <Unicode>vernebet; werde es Siemand mit</Unicode>
                </TextEquiv>
            </TextLine>
            <TextLine id="r4l26" custom="readingOrder {index:25;}">
                <Coords points="1720,2750 1812,2769 1948,2724 1999,2746 2175,2718 2351,2741 2544,2720 2628,2749 2642,2668 2418,2650 2357,2683 2101,2630 1914,2687 1812,2651 1721,2679"/>
                <Baseline points="1727,2709 1772,2712 1817,2714 1863,2714 1908,2716 1953,2717 1999,2718 2044,2718 2089,2718 2135,2719 2180,2720 2225,2720 2271,2720 2316,2720 2361,2720 2407,2721 2452,2721 2497,2721 2543,2723 2588,2723 2634,2724"/>
                <TextEquiv>
                    <Unicode>gutem Bebißen reden können.</Unicode>
                </TextEquiv>
            </TextLine>
            <TextLine id="r4l27" custom="readingOrder {index:26;}">
                <Coords points="1933,2887 2048,2920 2112,2898 2232,2904 2268,2881 2350,2919 2437,2911 2439,2747 2384,2757 2284,2822 2236,2813 2178,2833 2119,2807 2077,2831 1992,2799 1934,2804"/>
                <Baseline points="1940,2874 1965,2874 1991,2873 2017,2871 2043,2871 2068,2871 2094,2870 2120,2870 2146,2870 2172,2870 2197,2871 2223,2871 2249,2871 2275,2873 2301,2873 2326,2874 2352,2876 2378,2876 2404,2877 2430,2879"/>
                <TextEquiv>
                    <Unicode>Consionlatione</Unicode>
                </TextEquiv>
            </TextLine>
            <TextLine id="r4l28" custom="readingOrder {index:27;} person {offset:31; length:5; continued:true;}">
                <Coords points="1721,3003 2458,2973 2639,2983 2706,3024 2716,2923 2227,2907 2075,2954 1942,2887 1722,2885"/>
                <Baseline points="1728,2963 1777,2966 1826,2967 1875,2969 1924,2970 1973,2972 2022,2972 2071,2972 2120,2973 2169,2973 2218,2973 2267,2973 2316,2973 2365,2973 2414,2973 2463,2973 2512,2975 2561,2975 2610,2976 2659,2979 2709,2981"/>
                <TextEquiv>
                    <Unicode>Voerauff würde der bleine Knab Handl</Unicode>
                </TextEquiv>
            </TextLine>
            <TextLine id="r4l29" custom="readingOrder {index:28;} person {offset:0; length:6; continued:true;}">
                <Coords points="1717,3083 1798,3063 2037,3099 2262,3062 2305,3093 2417,3068 2657,3116 2658,3001 2572,2979 2461,3031 2295,2979 2187,3022 1773,2988 1717,3009"/>
                <Baseline points="1724,3051 1770,3054 1816,3056 1863,3059 1909,3060 1955,3062 2002,3062 2048,3063 2094,3063 2141,3063 2187,3063 2233,3063 2280,3063 2326,3063 2372,3062 2419,3062 2465,3062 2511,3060 2558,3060 2604,3059 2651,3059"/>
                <TextEquiv>
                    <Unicode>Müller vorbescheiden, welcher auf Er</Unicode>
                </TextEquiv>
            </TextLine>
            <TextLine id="r4l30" custom="readingOrder {index:29;}">
                <Coords points="1702,3174 1784,3190 1871,3157 1973,3193 2114,3156 2254,3193 2628,3155 2648,3111 2591,3091 2514,3120 2258,3062 2132,3121 1702,3117"/>
                <Baseline points="1709,3141 1755,3144 1802,3147 1848,3149 1895,3150 1942,3152 1988,3153 2035,3153 2082,3153 2128,3153 2175,3153 2222,3153 2268,3152 2315,3152 2362,3150 2408,3150 2455,3149 2502,3149 2548,3147 2595,3147 2642,3147"/>
                <TextEquiv>
                    <Unicode>mahnung die Wahrheit zu reden</Unicode>
                </TextEquiv>
            </TextLine>
            <TextLine id="r4l31" custom="readingOrder {index:30;}">
                <Coords points="1728,3248 1931,3293 1984,3256 2214,3279 2274,3246 2445,3278 2665,3232 2664,3137 2416,3210 2354,3179 2118,3207 1727,3187"/>
                <Baseline points="1734,3234 1780,3237 1826,3240 1872,3242 1918,3243 1965,3244 2011,3245 2057,3245 2103,3243 2149,3243 2196,3242 2242,3240 2288,3240 2334,3237 2380,3236 2427,3234 2473,3233 2519,3231 2565,3231 2611,3230 2658,3228"/>
                <TextEquiv>
                    <Unicode>dem Inquisiten vorhielte, ohngefard</Unicode>
                </TextEquiv>
            </TextLine>
            <TextLine id="r4l32" custom="readingOrder {index:31;}">
                <Coords points="1735,3367 1824,3346 1990,3379 2352,3322 2421,3365 2532,3372 2668,3339 2667,3291 2521,3254 2361,3310 2223,3307 2014,3255 1875,3293 1732,3250"/>
                <Baseline points="1740,3327 1786,3330 1832,3333 1878,3335 1924,3336 1970,3336 2016,3336 2062,3336 2108,3335 2154,3333 2200,3332 2246,3330 2292,3327 2338,3326 2384,3324 2430,3322 2476,3320 2522,3320 2568,3318 2614,3318 2661,3318"/>
                <TextEquiv>
                    <Unicode>um die Zeit, da man angefangen</Unicode>
                </TextEquiv>
            </TextLine>
            <TextLine id="r4l33" custom="readingOrder {index:32;}">
                <Coords points="1676,3455 1729,3473 1795,3431 1912,3488 2240,3440 2310,3481 2481,3407 2641,3424 2662,3359 2471,3396 2402,3353 2290,3381 2232,3357 2143,3401 2049,3355 1915,3385 1674,3372"/>
                <Baseline points="1682,3425 1730,3426 1779,3428 1828,3429 1877,3429 1925,3429 1974,3429 2023,3429 2072,3428 2120,3426 2169,3425 2218,3423 2267,3421 2315,3419 2364,3416 2413,3414 2462,3413 2510,3411 2559,3410 2608,3408 2657,3407"/>
                <TextEquiv>
                    <Unicode>Hau einzuthun, habe Er Ihne in lein</Unicode>
                </TextEquiv>
            </TextLine>
            <TextLine id="r4l34" custom="readingOrder {index:33;}">
                <Coords points="2480,3554 2495,3558 2517,3548 2539,3563 2546,3556 2562,3556 2571,3547 2599,3546 2599,3456 2583,3463 2568,3453 2554,3460 2513,3446 2480,3462"/>
                <Baseline points="2486,3519 2512,3518 2539,3518 2565,3519 2592,3518"/>
                <TextEquiv>
                    <Unicode>deg</Unicode>
                </TextEquiv>
            </TextLine>
            <TextEquiv>
                <Unicode>331
Weiters Befragt und gestehen
Ob Er nicht auch bekennenmüße.
daß Er Sich stobeit vergeßen, und¬
so gar mit Schafen Uureine Bust
getrieben.
3
Sein. das könne Er nicht berennen,
Er habe es nicht gethan.
zfolle nicht langnen, indeme Er von
deeten gestehen worden, zu zweyen
mahlen bey denen Schafen, in solcher
Stellung, darauß einmahl anders
nichts, als eine solche Caster That
von Ihme abzunemmen gebesten.
Und wann Er nicht freywillig bekant¬
lich seyn wolle, so werden Ihme die
Gezeugen unter Arigen gestellet werden
solle Sich alsto Bohl bedencken, und
sein Bebißen durch hartnabigkeit
nicht beschwlaren?
Sein Bebißen gebe Ihme nicht mit,
daß Er dieser bebennen könne,
dann er nichts mit Schafen dergleichen
vernebet; werde es Siemand mit
gutem Bebißen reden können.
Consionlatione
Voerauff würde der bleine Knab Handl
Müller vorbescheiden, welcher auf Er
mahnung die Wahrheit zu reden
dem Inquisiten vorhielte, ohngefard
um die Zeit, da man angefangen
Hau einzuthun, habe Er Ihne in lein
deg</Unicode>
            </TextEquiv>
        </TextRegion>
    </Page>
</PcGts>
