3024 4032
292 3057 431 3198 Inst
422 1315 544 1438 Frag.
412 1650 533 1772 At6.
570 468 1596 746 Und Sich vor an dar Redt gestell, End
577 651 1581 802 teye er zu ihme gewesten, habe Ihnr¬
574 729 1573 891 auf der Toden gelegt und entblößt
571 834 1558 953 allein das Meitsch habe Sich Selbster
546 906 1583 1070 gehaffen entbloßen, und übrigen
556 1021 1558 1155 habe Er zu der Sach geholften, sto viel
560 1130 1033 1258 als er Selbsteri¬
577 1327 1550 1442 Auf welche beiste er nun die That voll
547 1407 1585 1555 führt, und wie lange Zeit diß gedauren,
554 1487 1315 1630 solle es nur frey sagen.
554 1614 1526 1784 Wie schon vormals er gesagt, habe
531 1731 1544 1870 er sein Blied dem Weitsch etlogeen
530 1828 1562 1950 ein halben Zoll tieff in seine Schaaen
511 1914 1516 2040 gestoßen, diß habe eine kleine
517 1991 1504 2127 viertel Stund lang gedauret, biß
509 2097 1487 2228 endlichen das Meitsch geschreyen
509 2195 1543 2317 darauf er ihn wieder frey gelaßen,
510 2269 1543 2398 aufgestanden und alsobald darvon
491 2382 1538 2502 auf den Aber gegangen, dahin das
472 2474 1473 2591 Meitsch ihme auch nachgefoget
497 2554 1522 2680 und dorten verblieben, biß daß¬
481 2656 1541 2772 stern Inquisiten Muter, um Mitag
499 2747 1417 2878 wieder seym gegangen, da das
469 2829 1416 2969 Meitsch auch mit Ihmen zurück¬
463 2941 777 3055 gekomen.
466 3056 1511 3192 Er rnde die Wahrheit nicht, es rede das
469 3156 1470 3275 Meitsch eine ganz andere Spraach¬
466 3255 1470 3369 und wann Er nicht von Selbsten
467 3363 1489 3493 bekennen wolle, sowerde Er über¬
445 3454 973 3545 "wiesen werden.
2659 460 2762 537 325
1788 542 2827 728 Er habe die Wahrheit gestagt, und verbleibe
1657 633 1778 747 A. .
1769 681 1975 783 darbey.
1768 798 2766 936 darauff wurde dem Inquisiten deß¬
1774 894 2782 1049 Ostel Müllers Deposition vorgelsen
1777 982 2716 1117 und an Ihne gedrubt, ob er diese
1758 1085 2711 1205 Außag nicht durchauß für betant
1770 1163 2322 1281 annemmen müße.
1673 1266 2774 1422 gutb. Er beharre darauff, daß das Meitschi
1757 1347 2785 1484 Ihme von Selbsten in die Stuben nach¬
1747 1447 2747 1563 gegangen, und Er Ihns nicht hinein
1756 1527 2764 1645 getragen; Übrigens aber bekenne
1738 1617 2757 1749 Er, daß Er Es etbann eine kleine
1732 1715 2769 1840 halbe Stum unter Sich gehalten, und
1744 1800 2785 1927 daß Er den Saamen fließen laßen;
1735 1901 2774 2019 Hernach aber habe Er Ihne nicht, wie Es
1740 1967 2776 2104 stage, nahen auf den Herd Apffel plaz
1723 2065 2761 2187 gelöibet, sonderen Er seye wieder von
1747 2162 2752 2272 Selbsten Ihme dorthin nachgekomen.
2060 2260 2481 2431 Conpionlatlor
1738 2372 2755 2528 zwuschen Elßel. Müller und dem Ing¬
1738 2546 2679 2684 In hierauff alsobald Jlrischen Ihnen
1749 2640 2757 2767 vorgegangenen Sonfrontation Erblärte
1746 2735 2736 2853 Sich das Kind, es seye wahr, daß Es
1740 2816 2661 2915 dem Denz Simon in die Stuben
1744 2897 2755 3039 nachgegangen, und Ihme, als Er drodt
1747 3015 2683 3139 abgehanen, auch ein wenig Drodt
1745 3098 2707 3234 geheyschen, daßelbe sizem auf der
1735 3202 2685 3324 Rest Stollen geEßen, auch daß Er¬
1725 3282 2708 3429 Ihme herbey gerußfen, und gestagt,
2570 3392 2680 3510 Sie .
