3024 4032
209 355 282 437 10
242 387 349 475 1 123
282 1872 349 1986 H
281 2042 357 2160 2
368 320 1431 477 Bramen, mit Jans Kragenbuse
366 485 1385 620 Schublachen drey Gaubt, Schlußel, Nämlich¬
384 568 1348 680 Zbeÿ Teutsche, und ein französischen / die¬
381 644 1378 755 er kennete:) genomen. Nach diesem habe.
379 722 1400 841 er, mit einem Meißel, welchen er auch mit
349 797 1378 945 sich gebracht, dreÿ oder vier Verschloßene¬
356 880 1395 1021 Schub-kaden geöffnet, in welchen sich aber¬
363 972 1383 1075 anderster nichts, als in dem einten Verschie¬
373 1041 1327 1155 dene Schlußel befunden, darvon er ein
358 1119 1342 1238 französisches Schlüßel, genomen, mit¬
378 1195 1363 1319 welchem er ein Schäfftl auf dem Bureau¬
356 1271 1326 1395 gröfnet, In diesem Schäfftl, habe er¬
362 1351 1258 1465 sambtliche Schub, Kaden Ersucht, aber
370 1442 1389 1564 nichts darinnen gefunden, als etwelche
352 1520 1365 1652 feuler steinen, die er genommen, lomauch¬
368 1596 1408 1715 obin auf denen Schuskaden etbelche Schlüßel
359 1677 1413 1807 in einem Papyr verpitschiert, so er aber
364 1756 986 1885 an gleichem Ohrt gelaßen.
373 1860 1362 1989 Mas Er noch mehr in dieser Stuben ver¬
352 1961 577 2082 prichtet?
375 2037 1344 2156 dla er in dem Burcau nichts gefunden,
360 2126 1361 2211 So habe er mit einem der obgedachten Haubt¬
349 2190 1368 2306 Schlußlen einen Schafft eröffnet, darinnn
342 2284 1333 2409 sich keinwaadt Befunden, darvon er aber¬
363 2355 1116 2472 nichts, als ein zbäheli genommen,
351 2428 1299 2554 So habe Er noch mit gleichem Schlüßel ein¬
363 2519 1333 2615 Wegten Schafft geöffnet, daraus er zwey¬
350 2580 1346 2690 Silberne Rertzen Stöck, ein silberen Zuher¬
348 2656 1359 2778 Bupi, 5. slberne Caffee Kösfeli, und ein
359 2741 1222 2854 Metallenes Tischglochlin genommen.
362 2812 1373 2955 Seben deme habe Er auch ein dritter Schäffli,
373 2902 1318 3013 und zwar mit seinem Meisel aufge¬
355 2969 1363 3086 strengt, die darinm sich befundene Schub¬
379 3042 1370 3172 Kaden Ersucht, Anderes aber nichts daraus
358 3121 938 3238 genomen, als ein Seile.
360 3209 1376 3349 Meiters habe er noch ein vierten Schafft mit
367 3307 1302 3418 dem Haubt, Schlüßel Erößfnet, welcher mit¬
1031 3389 1290 3493 Leinloradt
2662 376 2744 450 11.
1511 367 2622 491 Is Examen, mit Gans Kräyenbusl
1696 523 2742 660 Leinbaadt angefüllt gewesen, darvon er aber
1694 607 2387 727 nichts das wenigste genomen.
1716 685 2710 800 Was er mehrers in dieser Stuben gemacht?
1602 666 1671 803 F.
1625 784 1690 884 .
1712 782 2678 900 Bethenrn, daß er sonst nichts alda Verrich¬
1688 859 2689 966 itet, oder entlendet, sonder er seyn hernach¬
1699 935 2632 1037 von dießer,in eine Andere Stuben ge¬
1699 1000 2716 1117 gangen, gegen welche zbey Thuren offensich
1692 1066 2691 1182 Befunden. In dieser, habe er ab der Wand
1694 1129 2651 1250 die Stot, Uhr, und 2. Dombochene Wand¬
1709 1200 2689 1294 Keüchter, neben dem Spiegel, beygenommen,
1688 1275 2646 1387 Meiters aber in dießer Stuben nichts ent¬¬
1678 1343 1889 1424 uldendet.
1625 1400 1687 1519 F.
1706 1392 2714 1522 Ob Er dann in dieser Stuben nicht auch Ver¬¬
1692 1491 2641 1604 schloßene Schäfft oder gehalt Eröffnet?
1612 1577 1685 1688 d
1705 1583 2664 1700 Er gestehe, daß er einen Schafft alda eröff¬
1689 1664 2737 1738 nen wollen, welches er aber nicht thun köne
1687 1731 2716 1844 Im Übrigen dann seyn ein Anderer Schafft mit
1703 1794 2683 1902 Bücheren angefüllet, offen gewesen, darvon
1685 1870 2289 1957 er aber nichts angerühret.
1740 1925 2672 2065 Da Er biß hinhar alle Schäfft eintlieders¬
1488 1929 1716 2047 Astien
1680 2019 2708 2134 mit dem Gaubt=Schlüßel, mit dem Dieterich,
1679 2091 2674 2181 oder mit dem Meißel eröffnet, Wie er dann
1670 2154 2629 2273 sagen könne, daß er obigen Schafft nicht¬
1679 2227 2158 2333 aufmachen können.
1595 2284 1661 2417 d
1694 2299 2625 2414 Weder mit dem Gaubt Schlüßel, noch mit¬
1690 2390 2624 2496 übrigen Schlüßlen habe er dießen Schafft¬
1681 2443 2135 2543 nicht öffnen können
1656 2511 2620 2624 mit dem Meißel, noch dem Dieterich dann
1685 2586 2670 2683 habe er nicht probiert, zumahlen es ihne Be¬
1684 2649 2616 2746 gonii Angst zu werden, Aus Forcht er¬
1690 2721 2184 2825 Verbeite sich zu lang.
1690 2790 2604 2915 Wohin er sich aus diesem Zummer begeben?
1590 2795 1657 2902 H.
1686 2870 2659 2999 Er habe Ibey Thüren aufgethan, dardurch er
1602 2899 1659 2998 B.
1671 2955 2708 3059 in den Gang gebommen. Da habe er gesucht die
1680 3015 2664 3134 Hauß, Thur gegen den Garten zu Eröffnen,
1677 3088 2690 3184 welches er aber nicht belerckstelligen könen
1680 3152 2649 3280 ohngeachtet er die Zlaey Rigel ob und unter
1681 3229 2584 3353 aufgemacht, biß er endtlich nach langem
1669 3291 2710 3398 Probieren, unter den Schlußlen den dar¬
2468 3381 2607 3457 23
