3024 4032
227 384 317 463 36.
395 463 1380 630 halber Eilff Uhe zur Tapgr Muhli gekommen,
403 552 1344 691 Allso Er alsobald den Senitz Johol; in der
402 623 1375 756 Untere Stuben auf dem 3fen Verlaundet
408 688 1362 816 angetroffen. Auf Befrägen, Wer Ihme
399 758 1374 887 also blessiert, gabe Er zur Antloort, der Men¬
394 827 1368 942 Belcher mit einem Weibsbild in der Oberen¬
389 893 1324 1008 Stuben zuvor getremben. Darauf Er die
390 971 1324 1102 Wunden beschaulen Bollen, Als Er aber
395 1027 1347 1171 gesehen, daß die Sarme bereits aus dem
393 1107 1287 1220 dauch hervorgekommen, seyn ihme Übel¬
401 1175 1312 1282 worden, daß er abseits gehen müßen.
395 1239 1357 1347 darauf Er alsobald den Scharer in Capelis¬
401 1301 1362 1419 Acker durch einen Expressen hohlen laßen.
386 1371 1324 1491 Indeßen habe er den Verlaundten Befragt,
389 1443 1300 1551 Wo die That vorgegangen? Welcher
377 1512 1273 1636 geantwortet, in der Baßen Oben,
378 1589 1299 1727 Weiters gefragt, Aus Was Ursachen
389 1669 1377 1797 sagte Er, das Mentsch habe ihme ein Schuuft¬
380 1744 1321 1857 Luch gehabt, so er wieder hohlen Bollen.
386 1814 1377 1932 Auf Befragen aber, Welcher angefangen
386 1881 1262 1989 oder angegriffen habe Er darüber
392 1959 1342 2078 nichts gesagt noch sagen wollen, sonde¬
386 2033 1332 2132 ren lediger dingen in seiner Angst nach¬
382 2093 1321 2205 dem Scharer geruffen. Begen Eilst¬
377 2163 1338 2280 Uhren seÿe der Schärer angekomen, und
375 2234 1351 2321 habe den Verbundten besorget, bin er es¬
361 2305 1349 2408 selbsten Werde außagen. Weiters sagte
374 2376 1346 2482 der Deponent, Es habe ihne gedunckt, der¬
378 2443 1341 2561 Verbundte seÿn etwas Betruncken gebe¬
361 2520 1372 2626 sm. Nach etwan 3. biß. 4. Stunden seÿe
374 2578 1348 2698 Er Beponent mit dem Schärer Bieder forthe
368 2651 1333 2760 gegangen, nachdeme Er beforderst seinen
361 2720 1379 2840 Ruecht obgemeldt und seinen Nachbahr Paus¬
368 2785 1309 2884 Wahl; den Verleundten zu Bebachen, dar¬
367 2863 593 2973 "gestellet.
742 2865 1340 2975 Peuth Morgens gegen
373 2941 1324 3057 7. Uhren, Als er wieder dahar gekommen,
381 3018 1354 3129 umb zu schauben, Wie es umb den Ver¬
371 3083 1348 3210 bundten stehe, Seÿe gluch hernach der
377 3156 1261 3299 Gethuter Bensust Schlaft; von
374 3247 1357 3385 selbsten gegen das Wirths Hauß gekommen
1150 3372 1288 3485 und
2654 363 2752 454 37
1688 511 2751 655 und als Er in die Untern Stuben getrecten,
1669 613 2665 720 habe Er Deponent ihne angeredet, mit Be¬
1664 677 2692 789 fragen, Was er an seinem Aug habe, und
1669 750 2692 857 loas Er doch gethan? Darauf der Schläfl, ge¬
1677 820 2689 936 antbortet, der Joßl; habe ihne geworffen
1681 880 2701 992 und seÿe auf ihne angekommen, darauff Er
1685 959 2669 1062 beÿ sich gedacht, ban er ihne schon schlage,
1662 1026 2651 1140 so thue diß nicht, dann er könne sich horth.
1667 1101 2713 1214 machen, deß wegen Er das Meßer genommen
1681 1162 2701 1294 in dem Sinn, Er wolle ihme die Bärte schon¬
1678 1236 2692 1353 Vertreiben, und auf derbeÿkomen habe er
1679 1301 2668 1406 ihme einen Stich versetzet. Worauf Er¬
1663 1365 2699 1462 Deponent erbiederet, SArh. Er seÿn ga¬
1674 1434 2658 1560 zu Übel gegangen, darüber der Schläfl
1672 1504 2692 1629 sehr erschrowen, Also, daß er nichts mehr
1671 1577 2664 1685 sagen können. Darnach habe er ihne so¬
1666 1641 2636 1734 gleich arrestieret und verbachen laßen.
1671 1711 2727 1824 Und biße weiters hierüber nichts mehrers
1664 1794 1902 1895 zu sagen.
1869 1809 2592 1951 Abgelesten und bestätiget.
1555 2019 1641 2126 2.
1517 2040 1560 2107 1.
1709 2001 2700 2143 Ehristerr Rohrer, von Solligen,
1666 2109 2733 2223 deß obigen Chor Richters Knecht, Atat: 22.
1483 2248 1714 2367 Saglaur
1816 2220 2687 2363 Gestern Abendts gegen 8. Uhren,
1668 2340 2675 2469 seyn er allhar ins Wirths Hauß gekommen
1664 2408 2607 2505 da habe er in der Oberen Stuben einen
1667 2489 2689 2608 Trunk genomen, Allda sich auch befunden
1666 2550 2621 2684 der densicht Schlafei, welcher mit
1654 2634 2688 2745 einem Mentsch hinder einem Tisch getruncken
1648 2702 2671 2815 Uns auf dem Bedt seye geseßen der nun¬
1673 2767 2616 2882 mahls an seinen Wunden gestorbene
1663 2842 2633 2960 3entz Joß, welcher auch eine Palbi ge¬
1659 2906 2671 3024 habt, haben aber nichts mit ein ander ge¬
1663 2981 2666 3115 sprochen, vielbeniger disputiert, sonder
1660 3051 2646 3178 einjeder seÿe ob seiner Urthi gantz still
1666 3125 2665 3241 gewesen. Ohngefehrd nach 9. Uhren seyn
1656 3177 2591 3334 der Schläft, mit seinem Mentsch zur
2482 3273 2650 3374 Eher
