3024 4032
331 304 479 423 176.
303 436 484 562 At.
494 436 1548 701 Mein habe das Kind zwar nicht geschannt,
470 576 1518 752 auch nicht gehört greien, sonsten hatte
448 643 1531 832 es daßelbe aufgehoben und in die Stuben
428 730 1508 919 hinunter gebracht: Allein es habe mit
440 821 1539 1014 gehöret noch gestehen, daß es stich gerühret,
437 915 1525 1099 die Wahrheit teyn aber, daß es selbiges mitt
442 1039 1524 1208 geschannt, someren den Haffen ein benig
435 1123 1530 1284 zugedecket, und unter das Tedtgeschoben
313 1236 1467 1412 Pn. Es habe im ersten Exeamine gesagt, es
435 1354 1539 1511 habe gestehen, daß es ein Knablingewesen
413 1445 1481 1596 hiemit müße es selbiges doch geschauet
424 1547 653 1649 haben?
284 1617 442 1757 Auti
451 1661 1481 1798 Es selbsten habe dieses nicht gestehen,
446 1756 1468 1884 soneren die Meister frzu, als es
431 1841 1484 1975 wieder vom gemeinen Werk heim ge¬
390 1943 1473 2075 kommen, habe es Ihme gestagt. Es
397 2028 1387 2176 selbsten habe dem Kindlin nur die
381 2127 879 2273 fußlin gestehen.
403 2248 1428 2415 Ob esstagen dörfte, daß es dem Kindlin
288 2267 371 2393 J.
403 2356 1500 2501 nicht Haus angelegt, also daß es selbigen
374 2448 1480 2589 etwann beym Halß gegriffen, gewürget,
374 2536 1492 2677 oderstonsten et bann einen Frucr gegeben.
390 2624 1475 2789 Nein. Es bezeuge es mit Wahrheit, daß.
240 2669 369 2794 Ansi
382 2713 1406 2861 es das Kind nicht angerührt, noch¬
367 2798 1490 2948 et bas an ihme verübet Boltens sonste
371 2899 1290 3038 in Godtes nahmen bebennen.
389 2987 1496 3141 Vorune as steinem Knddie Nabelschund
215 3029 337 3158 Ir
368 3092 1487 3263 nicht zu gebunden, ob es nicht gewußt,
357 3199 1489 3338 daß man solches denen Neugebohrnen
333 3289 1024 3429 Kinderen thun müße:
350 3383 1419 3542 Es habe es nicht gethan, und auch nicht
228 3437 305 3527 A.
345 3476 1321 3637 gebußt, daß man es thun müße.
1565 3083 1700 3240 Muag.
1590 1808 1709 1899 Autb
2746 371 2856 487 177.
1618 526 2774 698 Jnsl. Es habe eine hohe Oberbeit an seiner
1728 638 2844 766 vorberigen Außaagen sich nicht erstät¬
1717 710 2765 846 stigen bönnsen, der ohalben es anjezo
1724 797 2806 943 nochmalen aufs ernstl. befragt berden
1699 888 2840 1023 da es aber auch diß malen nicht ein mehren¬
1712 975 2815 1110 bebeniet, und bie bohlen allen anschein
1705 1047 2808 1183 vorhanden, dennoch nicht gestehen wollen
1714 1137 2782 1269 einiche gebalthätigkeit an seinem Kind
1726 1225 2805 1374 außgeubet- oder es mit Vorstah verbahr¬
1709 1304 2173 1439 lostet zu haben.
2175 1306 2219 1375 8
2334 1328 2801 1422 Als Berde mann
1702 1388 2725 1523 mit harteren Mitlen an Ihnssetzen
1705 1462 2751 1590 müßen, derohalben solle es sich noch¬
1717 1545 2755 1665 Bohl bedencken, und sich vor großer
1708 1633 2809 1742 Angst und Marterstern, belchestonsten
1702 1707 2815 1831 an ihme Burde furgenommen werden.
1736 1811 2692 1936 Es bezeuge, daß es die aufrichtige
1726 1874 2791 2014 Mahrzeit geredet, und darauß mit gutem
1696 1977 2796 2101 Gebißen beharre, daß es bent billen noch
1696 2044 2779 2177 dmn gehabt, sein Kind um das Leben zu
1696 2123 2749 2254 bringen noch ihme gebalt anzuthun;
1685 2197 2800 2339 Villeicht konne seyn, daß in der Geburt
1696 2286 2770 2412 es solches etbann ohnverstehen der Heis
1696 2363 2774 2490 angerührt, aber ohne Vorstaz und ganz
1695 2423 2753 2565 ahnlißender beis; Übrigens boute
1697 2519 2744 2639 auch seyn, daß indeme es um Kiaßen
1695 2595 2763 2731 zu gelimen, öffters die Leiter hinauf
1698 2665 2765 2794 und hinunter gestiegen, es hierdurch das¬
1676 2763 2704 2885 Kind möchte getrücket haben, daß es¬
1685 2832 2743 2955 atbamn Schnadten gegeben, oder et bas
1690 2913 2772 3034 geschadet, doch aber habe es bein bösen
1708 3001 2294 3141 billen dabey gehabt.
1747 3065 2768 3240 Velen d abso nichte mehrn ab rngen
1693 3189 2734 3304 stehen noch bebennen bolle, so berie es
1711 3291 2768 3418 lich dem beiteren Defelch Nrg Hr. unter¬
1685 3378 2771 3527 ziehen müßen darauf wurd der Scharf¬
2582 3482 2786 3595 Rrihte
