3024 4032
605 535 1590 730 Inquiten eigerer Wegd von der ale
622 649 1576 829 hinbeyg gestehen, auf den Keine
623 729 1528 868 ein Schauf bey denen hinteren
623 808 1551 974 keinen halten, und die Hoften habe
628 898 1569 1065 Er auf den Dedigen hinunter gehabt
629 1007 1535 1146 Er habe Ihne auch gestehen wieder
610 1085 1553 1216 aufstehen und die Hosten herauf¬
602 1159 1571 1349 ziehen . Und das Schauf stege darze
604 1268 985 1395 gesprungen.
1277 1258 1530 1386 Vor Gg.
606 1347 1544 1477 aber Negierte dieses Absolute,
611 1430 1539 1587 dejahrte wohl bey denen Schräfen
587 1526 1531 1655 gebesten zustern, aber einmahl
605 1620 1561 1756 nicht in solcher Stellung, und sonder¬
593 1724 1541 1864 seitlich nicht in dergleichen Absticht
589 1804 1534 1959 bezeuge es mit gutem Belißen
581 1903 1481 2015 man thuye ihme hierinnen
553 1990 1061 2140 großes Unrecht.
548 2144 1505 2306 Deßgleichen Zeugete der Sulaus¬
548 2262 1474 2385 Müller, obigen Knaben deß¬
539 2349 1537 2483 Haußlis Vacter, daß in Verndrigen
537 2452 1540 2586 Herbst Er den Inquisiten von seien
516 2566 1498 2700 Hauß hinbeyg gestehen, in damiel
516 2664 1508 2801 Haubis Acher, alllo Er unter einen
521 2763 1484 2897 Kirschbaum, hinter dem Dornhag;
516 2869 1465 2997 micten in der Truppen Schaafe
497 2955 1498 3095 von hinten ein Schaaf haltend, über
487 3062 1490 3203 daßelbe Sich gebogen, und Er glaube
478 3166 1467 3299 Er muße Ihne Deponent gestehen
470 3252 1402 3375 haben, maaßen Er sich auf den
475 3356 1394 3491 Toden gebruht, und als Er wieder
1267 3450 1422 3570 kones
2656 498 2770 567 333
1767 573 2763 768 dem Toden aufgestanden, habe Er Ihne
1786 694 2769 852 gestehen seine Hosten herauf ziehen,
1776 777 2774 938 der habestarck geregnet; Im übrigen
1772 857 2779 1023 aber könne Er nicht stagen, ob der Becz
1789 945 2746 1098 Simon eine Unsucht mit den Sihafen
1780 1042 2723 1194 Verstucht oder wrcklich begangen,
1780 1133 2788 1304 maßen Er einen guten Scheiben Schuß
1772 1207 2763 1375 weit entfernet, und ein nchrers
1768 1291 2684 1488 nicht gestehen, als was er gestagt,
1766 1410 2555 1540 darbey Er bestehen könne.
2609 1462 2759 1567 Solcher
1750 1525 2776 1680 Regierte der Inquisit absolute, betheien
1748 1624 2753 1781 erete, daß Er nichts solches begangen
1768 1720 2683 1859 und äußert der vorgemelten mit
1743 1808 2785 1998 denen Kinderen veruebten Fehleren
1757 1934 2626 2056 keiner mehreren bosten thaten
1752 2008 2774 2179 Schuldig steÿe. Dicke um Verzeichung
1751 2107 2222 2247 und ein dnad.
1746 2248 2670 2412 alsto abgelesten und von wort zu
1907 2370 2359 2489 wort bestätiget
1741 2505 2727 2661 Actum in der Oberen Befangen¬
1738 2604 2706 2752 schafft den 42ten Juli 1758.
1961 3254 2460 3427 Sopia Jetels
