3024 4032
249 362 329 428 40.
288 2510 340 2598 4
433 455 1358 604 ten Verbunden mehrmahlen befragt:
425 535 1348 679 Wer ihne also verläendet. Der Verbundte
407 608 1355 738 habe alleZeit, und das beÿ gutem Verstand zo
423 678 1379 808 clariert, Es seÿn der Man, welcher mit dem
416 741 1348 864 Mentsch getremben. Über die Umbständ¬
417 812 1314 939 aber dißer Vergangenheits, hhabe er ge¬
415 884 1353 1015 sagt, obiges Mentsch habe ihme ein Stasen¬
409 959 1383 1072 kumpen genommen, welchen er wieder haben
408 1030 1363 1153 wollen, darauf, Als Er nachgekonden, seyn
405 1092 1291 1225 der Mann beÿ dem Mentsich geliefen, unnd
402 1167 1322 1291 habe ihme einen Meßer Stich versetzet. Sie
398 1227 1278 1353 haben gefragt, Wo dieß es wiederfahren
395 1300 1368 1415 gabe zur Antbors, Nur Znächst dorth oben
400 1375 1289 1499 Nähere Umbstände deß Angriffs aber¬
385 1443 1321 1570 habeer nicht gesagt. Allein, Es habe ihne¬
393 1509 1354 1639 Deponent gedunckt, Er seyn etwas räuschig
397 1585 1344 1700 geldesen. Auf befragen, Ob Er vorhero¬
394 1655 1338 1756 die Verlundten und auch dee Bethäter ge¬
400 1728 1297 1825 kmnt Antwortete der Beponent, den¬
399 1811 1272 1905 Verleundten habe er niemahls gebeuet.
400 1875 1375 1988 den Schläft; aber habe er sinth etwelcher
383 1945 1323 2070 Zeith gesehen an dem Weg arbeiten, doch
377 2018 1326 2146 habe er gar keine Bekantschafft mit ihme
378 2098 554 2193 gehabt.
507 2131 1341 2261 Endete diermit seine Auß ang¬
411 2220 1113 2362 Abgelesen und bestätiget
390 2489 1385 2633 acob Roulet dr Donatis, Baillage
377 2595 1363 2734 etvanche Höte a la Chazewr Mühle.
373 2669 636 2771 Declar
371 2814 1276 2935 l le Mort ctoit arrive cher Lui
358 2889 1370 3023 Bier an Matin, et q avoit passe la journee
365 2951 1328 3104 entiere, ayant bi 14. quartettes de Vin¬
365 3039 1351 3179 dans le Courant du Jour, maio reste fort
363 3099 1311 3248 tranquille an bout dune Pable, malgre
361 3191 1292 3337 la grande quantite de Geus, qui ctoit
350 3260 1248 3394 entre dano la Chambre sur ie soir an
343 3343 790 3473 retous de la foire.
1106 3433 1345 3552 Quentre
1459 2544 1653 2656 Demand
1441 2745 1656 2869 Rependu.
1456 3123 1666 3231 Demandes
1647 460 2752 626 Zuentre Chien et Loup etoit ausoi venn
1663 550 2737 708 le nome Schläffli avec une fille, et avoit
1669 638 2701 792 demande du Vin, dano la meme hambre
1661 710 2648 834 ou etoit le suodit Mort, qui dun autre
1659 804 2658 924 cote mangeoit un Morceau avec une¬
1667 867 2740 990 bonteille de Vin; quil navoit point remar¬
1666 948 2658 1078 ique, qu ils cussent eu ni parolles ni¬
1670 1044 2674 1156 disputes ensemble, en aucune Maniere;
1652 1105 2662 1236 quenfin apris que la plus grande partie
1663 1165 2710 1288 de monde Petoit retiree, ie nome Schläffli
1668 1254 2691 1396 qvoit paye son Cect et sen etoit alle¬
1663 1341 2715 1460 abee cette fille, come il q avoit encore
1664 1396 2760 1533 du Monde, qu il pavoit point fait attention
1658 1503 2757 1603 quand le Most etoit sorte mais quenviren
1672 1569 2725 1691 es 10. beures, ce pauvre miserable etoit
1651 1635 2649 1758 revenio tout Seul, desquil fut dano la
1650 1705 2715 1823 Chambre il avoit fact voi di Sang et Sa
1653 1791 2676 1918 Elessure, (Hotepe avoct feit an sri¬
1654 1882 2673 1976 Demotion, et lavoit fait mettre sus le
1648 1961 2684 2078 fourneaw; que le blesse navoit Pru¬
1659 2038 2704 2145 dire autre hose, si non que eet home
1649 2104 2692 2230 qui avoit bu avee cette fille, qui avoit
1657 2189 2554 2293 tant chante, Cavort Ainsi blesse.
1650 2269 2715 2384 zu apris cela Io avoient envorer Gercher
1652 2351 2649 2467 le Justicier, qui avoit mis ordre autant
1655 2439 2026 2540 quil avoit pu¬
1704 2548 2705 2692 Pil pavoit pas remarque quele Mort et
1670 2640 2689 2763 te nome Schläßfl ayent ete prio de Vin
1679 2756 2701 2877 Quil navoit pas prio garde, mais que peu
1664 2838 2671 2938 auparavant ayant fait raison dun Verre
1654 2917 2651 3027 de Vin au Mort, il ne lui avoit pas
1646 2987 1906 3107 pario tel.
1703 3104 2587 3232 Pil convissoit particdlierement le
1661 3205 2232 3302 Mort et le Meurtrier
2372 3350 2657 3492 Repondic
2726 251 2805 349 41.
