3024 4032
310 248 442 372 170
423 396 1523 630 Das Höhtelin gesuchet, belehrs Sie den
423 500 1512 721 Mentsch befohlen, mit sich hinauf zu¬
430 631 1556 800 nemmen damit es nicht alle Zeit hinau
439 709 1489 863 gehen müße, bie Sie dieses Häffelin
447 792 1564 990 nicht finden können, habe Sie ein Liech¬
433 899 1564 1094 geholt, und darmit unter das Iedkgezunden
424 970 1532 1176 da dann Sie et bas schwerzen Zeugs bahrge¬
420 1103 1537 1263 nommen, boran Sie gezogen und als obae¬
409 1155 1552 1368 verpführet, daß das Hafselin darunter seÿn,
416 1275 1509 1441 dahero Sie es ganz hervorgezogen, und
436 1357 1480 1551 biesin das Zeug beggt zun wollen, seye
423 1451 1514 1621 als obald ein Fußlin hervorgekommen
415 1549 1530 1713 da Sie es aber völlig abgedecket, habe Sie
406 1634 1536 1809 das ganze Kind in dem Hoftelin gefur¬
397 1708 1527 1885 den, welches den Kopf in dem Hoffelin
397 1815 1458 1960 und die Bußlin voraußen gehabt.
388 1894 1484 2032 Ohne daß Kind beiters zu berühren,
385 1996 1510 2145 habe Sie es bieder zugedeckt, und unter
391 2097 1425 2230 dem Seth gelaßen. Et bannum
389 2171 1428 2327 halber Eilt Uhr seÿe der Mann
387 2275 1478 2416 allein ab dem Gemeinen Werd bider
378 2362 1498 2508 zurück gekommen, deme sie diese Traup
383 2435 1489 2602 rige Begebenheit gestaget. Um 11.
353 2535 1456 2715 Uhr dann steye des Elßbeth Zoygart
384 2618 1466 2798 auch bieder ab der Arbeit zu hauß
362 2702 1473 2857 angelanget, belches Sie alstobals zu¬
365 2812 1432 2985 und gestoßen und zu verschiedenen
371 2870 1461 3071 mahlen gefraget, ob es doch nichts¬
362 2981 1480 3146 anderes gewesten steye; Es habe aber¬
359 3087 1485 3238 damals noch nichts bebeneen wollen
320 3165 1489 3357 sondersteyn beständig, darauf behärret,
326 3277 1380 3421 es steyen nur seine Zeiten gebesten.
320 3369 1388 3536 Nachdeme Sie das Immis getßen,
1252 3441 1425 3562 habe
2743 352 2875 485 171.
1735 467 2826 653 habe Sie tricher dingen an Ihns gestezet
1726 588 2830 729 und es gefraget, loo das Hasselin seye,
1723 673 2773 810 Sie habe es brauchen wollen, und nicht
1726 747 2860 876 finden können, welches verdeutet, es seye
1732 828 2829 948 noch in der Kammer, es bolle es reichen.
1712 906 2782 1031 da Sie es beiters gefraget, ob es lähe¬
1727 989 2809 1113 seye, wie es mit Ja geantbortet, habe
1706 1065 2762 1207 Sie zu ihme gestagt, es bäre Bohl gut,
1714 1146 2827 1288 bannes lähr ware. Dieses habe stoviel
1719 1226 2820 1361 in ihme gebürdet, daß es sich alstobald mit
1704 1298 2839 1464 diesen Borten verlaufen laßen, Es bebem
1723 1398 2750 1536 es habe ein Kind gehabt, es seye aber
1708 1470 2818 1620 nicht Lebendig gebesten, darauf Sie ihme
1709 1561 2832 1689 verdeutet, Sie könne dar zu nicht lisoni
1689 1645 2793 1789 gen, habe ihme keine große Sund vor¬
1702 1724 2767 1859 gestellet und gestaget, dieses gehe Leib
1699 1801 2777 1933 und Seelan, und sece darnach zu H:
1697 1900 2824 2032 Freybeibel gegängen, um es anzuzeigen
1705 1994 2804 2104 bie er aber nicht anheinisch bare, seyn die
1671 2057 2751 2202 zu H: CPredigkaut gegangen, der Sie
1707 2162 2809 2292 bieder zu H. Freybeibel geliesenstagen,
1694 2242 2812 2359 dieses gehe Ihne nichts an, darnach habe
1694 2327 2804 2458 mann den Preybeibel nach hauß berufen,
1702 2405 2750 2544 belchem Sie die Sach erzehlet, der Dann
1700 2487 2734 2622 mit ihr heimb gegangen und mit dem
1691 2574 2779 2705 Mentsch geredet, Ihraauch anbefohlen
1672 2657 2769 2800 zu Ihme Sorg zu tragen, damit es nit
1699 2742 2740 2877 entfliehen könne, er bolle auf Bürg¬
1683 2827 2786 2975 dorff gehen, und Scherrer und Hebommen
1691 2911 2690 3064 bringen; bie er mit 2 Schärreren
1695 3009 2713 3132 um einer Hekammen angelanget,
1690 3080 2754 3207 haben Sie das Kind hervorgenommen,
2387 3151 2757 3257 Das Mensch
1695 3169 2373 3276 und alles bohl cocaminirt.
1680 3241 2713 3375 dann haben Sie biß am Montag, da
1689 3315 2741 3442 es auf dern geführt borden, in Ehrem
1682 3398 2192 3529 Hauß verbahret.
2458 3402 2693 3583 Ssoro
