3024 4032
298 2763 361 2836 A.
344 434 453 540 152.
467 483 1493 655 Das könte es nicht stagen, habe es nug
339 533 445 656 A.
468 594 1489 756 gehört gremen, noch weiter betra
443 677 1413 853 tet; als daß es gestehen, daß es ein
430 801 808 927 Gublinstege.
463 867 1453 1035 Wie es doch sto leichtstimmig gewüsen,
322 904 437 1048 Pu
439 994 1483 1125 daß es gar mit zu dem Kind gestehauer
441 1076 1387 1214 und getrachtet ihme das Leben zu
434 1166 721 1296 er halten?
443 1259 1405 1393 Es habe nur nicht daran gestinmet.
351 1284 416 1375 A.
436 1343 1476 1499 Warumb es hierauff niemand nichts¬
340 1389 414 1473 K
426 1464 847 1593 der Von gestagt:
425 1542 1462 1698 Der Schreibenstege allzu groß gstin bey
348 1577 414 1667 Ob.
434 1645 1408 1783 ihme, daß es nieinand nichtsstagen
415 1724 627 1865 Ah.
320 1843 1460 1978 Be. E konne den Schreiben nicht zum Vorwand¬
412 1933 1427 2064 brauchen, indemme gleich darnach die
394 2011 1412 2155 Jungfrau Ihns beyin Sach (: daes die
392 2096 1440 2239 hand und das Gesicht gewashen;) Sachend
390 2194 1396 2327 angetroffen, und es hernach an das¬
389 2277 1433 2416 gemeine Werck alsobald gegangen;
388 2379 1454 2481 diß zeige an, daß es als eine Leichtstini
393 2471 1437 2584 Mucer das Kind mit fleiß ohne silht
383 2541 1414 2681 gelaßen, und um das Leben zu bringen
382 2636 638 2764 gefuhet?
392 2755 1452 2915 Es habe, als Ihns die Jungfrau beÿm Dach
375 2850 1448 2988 angetroffen, nicht recht gelachet, übrigens
382 2915 1422 3088 aber seye ihme mit mehr übel gewesten,
345 3013 1410 3161 Zumalen es an dem gemeinen Werik¬
372 3112 1394 3228 wie ein anderes gearbeitet das Kind
363 3181 1375 3330 dann habe es freylich nicht bestorget,
355 3254 1443 3439 doch habe es Selbiges auf den Kirchhoh
331 3332 773 3467 tragen wollen.
1545 2996 1641 3096 S.
1553 3114 1612 3221 A
2677 369 2806 487 1533.
1574 509 2770 670 Nos 1 No die Nachgeburt hingekommen.
1593 618 2784 752 Ardie NachGeburt steye ins Nacht Gschier
1683 700 2767 818 gekommen, das Rut aber seye auf den
1683 773 2782 919 Soden gestchoßen, und Waßer seye bein
1674 861 2424 1007 ropsten von ihm gangen.
1564 961 2781 1125 Br. Wie nachwärts die Meister-Fraugewus¬
1671 1060 2473 1186 daß es ein Kind bekommen:
1675 1162 2697 1296 Alldiebeilen es an der Arbeit gewesten,
1560 1175 1638 1254 A.
1661 1231 2662 1376 seye Sie ins Ober Gaden aegangen
1680 1307 2726 1443 und habe die Sach gefunden, darauff
1667 1391 2774 1538 Die Ihns zu Mitag beÿ seiner Heimb¬
1661 1484 2681 1630 ebbuhss zu vnd gestoßen, da es dann
1663 1578 2525 1716 Ihra die Wahrheit gestanden.
1764 1689 2689 1835 Burde hierauf wieder ansein Ort
1969 1777 2236 1902 geführt.
1666 1861 2771 2010 Actum im Oberen Spittahl, Montags
1663 1957 2298 2087 den 18ten Juli 1757.
1878 2395 2255 2502 Bamen.
1616 2429 2749 2633 Mert Carh Gretts ein Blinder Hey¬
1647 2571 2701 2705 natloster, 41. Jahr altens, in der¬
1632 2635 2676 2776 Kirchhbei Zimmerbald zu Wieder¬
1669 2727 2754 2894 Wihleren Haußhäblich verfeyratet
1665 2811 2727 2985 mit derbana Weber von Diel, habe 3.
1664 2891 2137 3008 bleine Kinder.
1666 2978 2565 3156 Ob er bey seiner Frauen Bohein?
1664 3087 2699 3272 Sie habe Ihne heute sieher geführt, seyen
1664 3198 2683 3341 Billens gewesen in die Erm zu gehen,
1666 3270 2690 3420 aufzulesten, maßen das Kornfehr¬
1647 3361 2657 3507 Theur, und sie lieber Godt einmahl
1658 3443 2002 3552 nichts haben.
