3024 4032
306 431 435 584 122
535 529 1157 676 Intormation
435 672 1467 856 Sobwnnden Elß both Seigan
456 797 1459 924 von dremgarten, belchesteits ohngefo¬
442 866 1438 1008 dorgen Wochen bey Allrich Beemann
441 952 1426 1110 zu Hindelbamck im dienststehet, Ihren
449 1040 1468 1166 Samstag Morgens den 16.ten Heumonal
453 1112 1444 1245 1757. Tod zur Welt gebrachten Kindes
447 1189 1103 1340 aufgenommen worden.
400 1289 1351 1395 Darüber gibt Elß bets Beutikoffen.
448 1372 1394 1503 obigen Allrich Leemanns Eheleib,
438 1446 931 1564 folgenden Bericht.
437 1549 1396 1685 Daß Sie versiemenen Mithochen
455 1614 1453 1751 als den 12e diß, diese Elßbets 6ygor
443 1702 1435 1827 angeredt, und ihra zugemuhtet, Sie¬
431 1774 1438 1902 gehe mit dem Kind, und manstage, es
423 1852 1398 1977 seye dem Carl Dienz einem Blinden
417 1936 1396 2053 Mann von zumerbald, worauf die
419 2023 1436 2137 geantbortet, Sie buße wohl, daß man
417 2095 1423 2226 es stage, allein es seyn mit wahr, man
399 2190 1302 2295 habe Ihrascton lang ein Geschrey¬
413 2252 1408 2386 gemacht, bor bey Sie es beydersteits
425 2357 890 2473 bewenden laßen.
407 2449 1374 2625 verschiimenen Freytag zuacht, die
406 2561 1427 2693 Nacht hindurch habe Sie gegöret, daß die
394 2639 1424 2767 zbggartin sich bey ihrer anderen Magd
406 2731 1384 2853 erklagt habe, es seye ihra gad in dem
401 2792 1424 2926 dauch, Sie wüße nit, bas dasseyn solle,
402 2875 1394 3014 Sie glaube, Sie habe zu vies Kirßen
399 2970 1430 3101 gegeßen, die solches verurstachen, Mon¬
386 3038 1420 3195 igens als die aufgestanden, habe die sich
397 3118 1405 3275 mit mehr geblagt, und gehe mit obig
389 3211 1423 3336 ihrem Mann an das gemeine Werik¬
392 3295 1407 3445 bald nachdeme, als Sie von Hauß und
1241 3408 1381 3494 an e
2642 388 2749 494 143.
1641 490 2762 654 An das Gemeine Werik gegangen, weilen
1648 602 2706 724 Diesich mit dieser 36ggartin nit durch
1651 676 2713 792 auß alles Reiht zusteyn getrauet, gehe
1650 741 2688 873 Sie in das Ober Gnaden, allbo die ihr¬
1650 815 2675 938 gligers habe, und funde unter ihrem
1641 895 2694 1020 Sett in dem Nacht Gschir mit größer
1661 966 2725 1091 bestürzung ein Todenes Rino, ganz blutd
1645 1047 2129 1165 und bloßligen.
2301 1055 2661 1152 Alß nun die
1638 1108 2731 1247 Zloygartin deß Mittags mit ihrem Man
1655 1199 2715 1316 Allrich Leemann wieder vom geneien
1637 1266 2704 1391 Merik nach hauß bomen, habe dieselbe
1625 1356 2701 1477 zu ved gestoßen, und gefragt, bas Sie
1642 1424 2703 1546 gemacht und angestelt habe, borauf¬
1630 1500 2742 1607 Sie geantbortet, was dann das seÿn solle,
1643 1576 2691 1678 sie büße von beiner Sachmit. Auf
1646 1670 2672 1781 nochmalige Zuredstoßung, und was
1627 1752 2653 1858 dann dieses in dem Nacht-Bschier
1627 1810 2622 1908 steye und zu bedenten haben solle,
1630 1872 2678 2010 bebennete Sie, daß solches ihres Kind
1635 1949 2695 2082 steye, allein es steye mit Lebendig sonder
1636 2045 1939 2155 Tod worden.
1648 2209 2724 2360 Alhrich Dematin mibt diesen Gericht
1618 2308 2698 2471 daß er von aller Sach mit gerußt, biß
1625 2419 2675 2536 er vom gemeinen Werdk nach Hauß¬
1631 2493 2715 2602 gekommen und ihme gedent seine Frau
1612 2564 2638 2675 solches erzehlet habe, er habe an dem
1625 2627 2677 2751 gemeinen Werck an Ihra von dieter¬
1606 2714 2694 2840 hergangenheit gar mit gesführen noch
1612 2792 2707 2902 vermercken können, indemme Sie Ehre
1622 2869 2692 2980 anbeit gleich anderen mahlen verrich¬
1609 2948 2230 3066 tet und gethan habe.
1600 3057 2671 3228 Eßbeth Statiffer die Magt gabe
1657 3178 2079 3301 dieser Bericht.
1539 3263 2670 3423 Dieste Gloygartin seÿe Freystag Zuacht
2412 3377 2712 3504 ohngefärde
