3024 4032
137 300 238 397 4.
406 322 1282 503 Herneri Information
497 457 1021 590 Aufgenommen Von
249 619 1409 786 ndicht Galtser, Lehen, Man
273 726 1379 872 Hder Herrschaft Utzigen: Welcher¬
132 900 411 1012 Declaiite.
435 903 1418 1028 Dambstags, den 14t diß, als
297 1001 1391 1123 Er Morgens gleich nach Vier Uhr zum Hauß
295 1090 1415 1202 heraus gegangen, habe Er mit Bestürtzung ge¬
299 1156 1313 1264 sehen, daß auf der Seithen, bo das S. 1.
303 1231 1373 1345 Heimblich Gemach seÿn, eine Keiter an der
296 1313 1397 1439 Maur angestellt, und oben an dem Fenster¬
301 1392 1364 1506 der Hell, daden, so zwar schon offen ware,
305 1465 1383 1574 abgehendet und an Boden gestellt, darhinter
305 1558 1388 1677 aber ein Stab aus dem Eisernen Gitter, Ge¬
283 1639 1393 1752 Wallthätiger Meiste obeansgelogen ge¬
302 1727 1399 1857 wesen, Welches mit gebrochenen Prosch flege¬
300 1808 1397 1924 dlen beverdestelliget worden, zumahlen ein¬
292 1889 1378 2007 Stuck deßen sich noch in dem Finster selbst be¬
301 1971 1365 2116 pfunden, Meiters aber habe er nichts ge¬
285 2085 488 2173 sehen.
288 2147 1403 2250 So gleich er nun darbey gemercket, daß deß
275 2227 1370 2351 Orths etwas ohnrechtes vorgegangen, habe¬
288 2289 1396 2444 er die Sach bürtzlich seinem Bruder verdeütet,
291 2370 1363 2508 und nachdeme Er alsobald hernach zMorgen¬
278 2456 1413 2602 geEßen, habe Er sich in die Statt verfügt, umb¬
288 2535 1439 2671 solches dem Herren Vice Ober Herren dapelhoffer
309 2656 613 2771 anzuzeigen.
356 2750 1397 2887 Wie er nun dem Herr Capelhosfer diesen¬
305 2823 1419 2962 Bericht abgestattet, seÿn selbiger alsobald hierauf¬
321 2909 1438 3027 mit ihme Deponent hinauß auf Azigen ge¬
661 2976 1437 3111 Unterbegs dan habe er ihne be¬
305 3006 537 3092 komen.
306 3077 1411 3197 fragt, Ob Er dießer Begebenheit halber Nie¬¬
313 3158 1377 3287 mand gesführt, Und Ob Niemand Etlan
315 3224 1418 3372 dahar gekomen, der deß Schloßer halber Nach¬
308 3325 706 3459 "frag gehalten.
1106 3459 1385 3609 Moruns
1551 1971 1604 2069 1
1676 484 2722 604 Morauf Er Deponent sich Einsmahls Erineret
1686 564 2703 673 und geantbortet, daß vor etwelchen Tagen¬
1694 626 2725 759 liße praecise den Tag nicht mehr zu sagen, der
1676 709 2724 829 Schloßer Kräyenbuhl an einem Montag deß¬
1676 785 2707 907 Nachts umb 10. Uhr, vor das Lehen Hauß ge¬
1689 852 2713 974 rommen, und der Magdt angeklopftet, und
1683 941 2680 1051 gefragt, Ob sie hier bleibe, oder wanes in
1695 1020 2698 1122 einen Anderen Dienst begahre, so luße er
1683 1096 2746 1202 ihme einen dienst, denne habe er ihns auch
1683 1167 2740 1287 gefragt, ob der Herr Kapelhooffer da seyn, so
1680 1237 2748 1350 es mit Ja beantwortet su. Indeßen seyn
1695 1311 2718 1432 das Garten Meitl, mit dem Kiecht vorbey¬
1696 1379 2737 1507 gegangen, da habe Er sich biß und solang das
1689 1452 2707 1585 Riecht vorbey gewesen, in das Baden hinein
1688 1539 2721 1627 Verborgen. Nachwerts, Als er wieder aus
1691 1606 2676 1709 dem Badem herausgegangen, habe sein
1689 1679 2698 1762 Deponenten Schlöster der Mags befohlen,
1681 1755 2703 1865 den Kerl zu verabscheiden, so auch alsobald
1663 1842 1929 1958 geschehen:
1754 1985 2560 2130 Endete Hiermit seine Außang¬
2320 3275 2598 3387 Maria
2690 354 2759 432 S.
