3024 4032
296 377 376 461 38.
384 465 1351 625 Thür hinaus und forth gegangen, und
408 549 1297 679 ettan ein halbe Viertel Stund hernach,
397 626 1303 748 seyn auch der Bentz Joß Beggegangen
391 686 1376 816 Man habe sich ihrer Weiters nichts geachtet.
447 748 1371 875 Begen 10. Uhren seyn der Dentz Joß¬
386 813 1363 966 schon wieder, und Zbar /: obwohlen Verlaun¬
406 898 1248 1007 det:) dennoch gantz allein zurück- ins
396 969 1333 1098 Wirths Hanß gekomen, darauf die Wir¬
395 1045 1342 1163 thin zu ihme Deponent gekomen, ihme Ver¬
385 1123 1293 1231 deutet, daß ein groß Unglück bieder¬
385 1190 1337 1323 fahren, Er solle alsobald den Chor Richter
382 1273 1352 1383 gahnhohlen, so seyn er sogleich den Chor¬
380 1332 1275 1472 Richter hohlen gewesen; Wie sie nun
389 1415 1389 1513 mit einander dahar gekommen, haben sie den
395 1484 1333 1591 Verbundten in die Obern Stuben getragen,
390 1549 1278 1657 da Ihne dann der Chor Richter befragt,
388 1631 1173 1734 Wie Er solches selbsten ausgesagt
390 1692 1333 1797 Gegen 2. Uhren Morgens habe ihne
387 1768 1322 1877 der ChorRichter, als Wacht, zu dem Ver¬
395 1837 1364 1965 Bunden gestellt, nebst dem Dano Wahli¬
407 1920 1264 2033 Sie haben wegen großer Angst und
371 1989 1309 2099 Schmertzen deß Verlundten, löenig mit¬
370 2058 1330 2177 ihme sprechen können, doch haben sie ihne
365 2132 1331 2267 gefragt, Mer der Hyethäter seiner Vter¬
377 2216 1312 2323 lrundung seÿe? Darauf er alleZeith
371 2292 1344 2384 geantbortet, der Man, welcher mit dem
377 2371 1336 2481 Mentsch getruncken. Weiters aber haben
356 2426 1280 2561 sie ihne nicht befragt, sonder haben die
364 2508 1375 2631 gantze Nacht mit dem Verlanndten gebädtet
497 2593 1258 2737 Endete hiermit seine Außang.
199 2688 363 2830 5r49
404 2716 1324 2829 Ob er den Verlaundten nicht gefragt, über
386 2784 1325 2898 die Umbstand, Wie dießes hergegangen,
379 2844 898 2958 und Ver angegriffen.
196 2919 404 3025 2Ict18.
418 2937 1324 3058 Er habe keine Antwort können geben
373 3014 1329 3138 sonder habe dich sehr Beklagt, Er seyn ein¬
374 3070 1329 3211 Armer Mintsch; und O0 Ihme doch¬
364 3140 1305 3278 Siemand helffen wolle. Und daß
361 3223 1309 3377 Angriffs halber hhabe er gesagt, Er¬
367 3305 759 3403 wiße es nicht.
966 3443 1231 3588 5109
1466 537 1675 666 Sr119
1485 780 1686 893 211111
1480 998 1649 1143 Bg
1466 1170 1673 1279 Giite
1479 1340 1651 1478 599
1462 1468 1670 1562 A1t1
1510 2025 1614 2147 35
1473 2312 1677 2406 Zeuget.
2659 338 2762 433 39.
1714 503 2742 644 Ob der Verbundte begen großer Schbag¬
1682 594 2705 689 heit, nicht pracise über die Umbständ ant
1687 661 2673 775 worten könnee, oder bas ihn geduncket?
1719 757 2673 897 Er seÿn sehr schhoch gebesen, und habe.
1678 827 2694 956 nichts gerüdet, biße übrigens nichts hin¬
1681 935 1846 1018 rüber.
1683 987 2643 1128 Ob Er sonster den Verbundten gekommet,
1675 1082 2303 1185 und mehrmahlen gesehen
1707 1133 2695 1275 Sen, habe selbigen nicht gebennet, und
1668 1242 2665 1357 äußert gestern zu vor niemahls gesehen.
1682 1322 2601 1465 ob Er den Schläfe; nicht bohl kenne
1710 1429 2685 1568 Mein, Er habe, ihne sinthet welcher Zeitz,
1663 1512 2694 1629 daß er am Wey gearbeitet, vorbey gehen
1659 1574 2709 1694 sehen, sonsten aber kenne er ihne gar mit,
1659 1642 2690 1775 und biße beder gutes noch Böser von
1661 1769 1804 1857 hmen.
1760 1793 2561 1938 Abgelesten und bestätiget.
1685 1986 2707 2153 Hans Wahlg, auf dem Kein,
1677 2132 2094 2239 Atatis 51. Jahr.
1787 2286 2641 2421 dieße Nacht, ohngefehrd umb
1658 2385 2581 2487 12, Uhren, seyn er aus Befelch deß
1649 2454 2685 2549 Schor Richters allhier ins Mirths Hauß
1667 2529 2658 2633 bescheden worden. Als er mit samt dem
1658 2596 2677 2702 Chor Richter dahin gekomeen, habe man
1664 2674 2645 2781 ihme Verdeutet, Wie ein groß Anglück
1673 2740 2629 2867 begegnet. Der Verkönnte seyn auf¬
1664 2802 2697 2911 dem Ofen auf einem Ruß, gelegen, und
1658 2887 2682 3015 habe sich sehr beklagt. Er habe ihn nach¬
1661 2955 2713 3069 beres nebst dem Christen Kohrer geholffen
1658 3025 2621 3139 in die Obere Stuben herauftragen, und
1662 3101 2664 3217 haben sie beyde den Verbunden biß auf
1652 3174 2605 3287 die jetzige Stund belrachet. Sie haben.
2431 3271 2568 3363 den
