3024 4032
377 968 504 1064 Antis.
502 535 1546 726 Bebennet, so werde er annoch ermähnt
509 638 1487 787 alle Umständ aufrichtig zu erzehlen.
515 712 1536 875 wie er dieses vorgenommen, und wam¬
489 795 1067 935 Er solches begangen?
514 927 1456 1112 Vor ebbann 4. Wochen, als er um 10.
491 1059 1479 1217 Uhren vor Mittag die S. H. Ruhe von
475 1133 1488 1333 der Wegd heim geführt, seye das. Ersel.
462 1260 1533 1395 Müller, gegen 6. Jahren alters, hinder¬
466 1353 1493 1468 dem Hauß gelesen, und zu ihme vor
460 1440 1423 1583 den S. h. Stall gekomen, und habe
460 1534 1414 1657 ihme zugenutet, daß er ihme den
465 1639 1478 1777 Rock aufhebe und es beschlaße; Er habe
460 1714 1438 1845 aber es abgebiefen; mit verdenten,
442 1809 1482 1948 Es seye ein Schlimmes Meitlin, essolle
451 1905 1410 2024 Sich begmachen, er wolle nichts mit
423 1972 1473 2139 ihme zu thun haben, habe darauf auch
406 2084 1472 2227 den F: H. Stall beschloßen, und seÿe¬
418 2167 1461 2305 in die Stuben gegangen, Waßer zu¬
410 2252 1483 2398 Treihen. Wie er aber wieder hinauß
398 2354 1457 2499 gekommen, in dem Sinn Herd Apftel¬
400 2440 1463 2598 zu haben und auf den pläze zu gehen
403 2557 1448 2691 und das Meitsch indeßen vor dem
395 2661 1472 2785 Hauß verblieben, seye es ihme ethan
389 2746 1440 2889 eine halbe Viertel Stund, halben Wegs
385 2845 1415 2983 nachgelansten, und habe Sich auf¬
382 2916 1428 3077 dem Weg von Selbsten auf den Rnken
372 3015 1415 3172 geleget und den Rock aufgehoben,
366 3108 1432 3262 stagend, Erstolle auf Ihns kommen,
368 3219 1432 3364 weßen er anfänglich sich gebeigeret,
359 3312 1394 3448 endlich aber, da Es nicht nachlaßen
1167 3437 1387 3515 wollen
2648 493 2745 600 299
1747 565 2802 729 wollen, habe er ihme willfahret, darauf
1751 687 2766 834 seye es ihme nachgekommen, biß auf¬
1732 771 2766 916 den Herd Apffel Pläh., wost eine deß dng
1725 867 2799 999 Muter sich befunden, und seÿe daselbst
1740 962 2783 1067 bey Ihren verblieben biß um Macte:
1723 1036 2708 1200 Da Sie dann alle drey mit einander
1717 1116 2368 1266 nach Hauß gegangen.
1613 1268 1722 1420 drey
1759 1236 2742 1459 Sie nach er dieses Meitschl. berührt.
1619 1424 1726 1510 A.16.
1748 1430 2725 1575 Nachdeme Er steine Hoften aufgethan,
1722 1496 2669 1641 habe er dem Meitsch bloß einen
1731 1606 2681 1727 Augenblick mit seinem Blied die
1706 1682 2717 1840 Schaam betostet, und seÿe alsobald¬
1715 1785 2641 1929 wieder aufgeständen und darvon
1696 1906 2030 2001 gegangen.
1757 1969 1859 2083 O
1593 2023 1724 2169 Prag
1754 2037 2641 2163 Sa Sie dieses verrichtet, was Sie
1711 2130 2597 2265 wärend der Zeit mit einander
1697 2206 1941 2332 gereckt?
1601 2323 1724 2435 Ant.
1726 2319 2443 2469 Er bestinme Sich an nichts.
1603 2442 2628 2581 Brag.6 t Es seinem Willen nicht mit
1689 2531 2677 2667 Worten oder Werken wiederstrebet.
1601 2644 1718 2724 Antbi
1715 2650 2681 2785 Es habe kein wort geredet, und Sich
1701 2730 2232 2870 gurz still gehalten.
1576 2833 2696 3001 Frag. Ob Er Niemand wahrgenommen, daß
1692 2939 2314 3051 Sie gate sehen können.
1571 3040 1706 3129 Ank.
1721 3021 2712 3189 Er habe zwahr nicht geschauet, einmahl
1670 3135 2725 3280 habe er Niemann gestehen noch gehöret.
1582 3237 1689 3390 rog.
1705 3203 2617 3401 Wo damal seine Ellteren und die
1671 3344 2276 3477 HaußLeut gebesen.
2526 3414 2684 3568 Anklo p.
