3024 4032
80 219 199 318 110.
302 450 1343 628 Albrecht Roht von Seedorft welcher auch da
303 544 1337 695 zu gegen gestanden, so bohl als der Doctg¬
304 635 1309 768 zu Ihme gesagt, Er solle sich mir behren
319 707 1340 850 borauf Er Inquisit Endtlichen aufgestan¬
308 773 1298 907 den und mit beschloßener Haus den
313 850 1233 962 Burg ind Maul gestoßen, darvon
296 932 1283 1052 selbiger auf den Toden hinter sich nider
297 1001 1290 1133 gefallen, da seÿe der Bürg, ganz still
312 1085 1300 1204 die Schlaßend gelegen, so daß die Leute
313 1163 1268 1286 alle geglaubt, er lige allso aus tan¬
271 1236 1275 1348 tastigkeit, nach einer kleinen Beil
304 1303 1301 1423 aber, als Er sich nicht belegen wollen,
280 1379 1295 1522 habe Ihne der Silaus Möhri gefaßet,
305 1457 1283 1576 und geschücet, mit verdeuten, Er solle
308 1535 1274 1650 nicht den Starrenstihlen, joble auf¬
286 1614 1323 1734 stehen, sie wollen mit Einander seÿm.
311 1691 1288 1816 Als man nun gestehen, daß der Burg¬
293 1774 1285 1899 sich nicht belaeget, habe man das Liecht
268 1854 1299 1967 genomen, und Ihne beschauet, dabey
283 1925 1285 2057 Man gestehen, daß Er in dem Gesicht
289 2009 1317 2135 Zeichen von streichen und auch einen
281 2082 1339 2207 biiz habe, und daß es mit Ihme nicht
285 2167 1311 2300 bohl bestellt seye, man habe darauf
286 2244 1297 2378 dem gegenwärtigen Doctor Riggeler
261 2321 1184 2451 gesagt, Er solle zu Ihme schanen,
289 2397 1228 2549 selbiger aber seyn sehr betrunden
277 2491 1209 2621 gebesten; Nachbehrts habe man
282 2555 1290 2674 nach einem anderen Schärer geschildt,
275 2645 1300 2775 Ihne Inquisiten dan habe so wohl den
269 2722 1302 2851 Wihrt als der Haustman Schor befragt,
280 2814 1202 2950 ob nicht der Doctor Riggeler Ihme
268 2891 1287 3020 etwas in die Hand gegeben, darmit Er
261 2969 1278 3108 den Bürg getroffen, Er habe Ihnen
273 3052 1323 3189 aber allsobald bezeuget, daß Er nichts¬
261 3148 1294 3280 gehabt, sondren den Streich mit bloßer
261 3233 1311 3380 faust geschlagen, sich auch Erstuchen zu
261 3318 1333 3464 laßen Anerbodten, Inmaßer er nichts
1049 3407 1273 3516 Solches
1484 3061 1575 3212 §.
1514 3346 1585 3481 S.
2606 180 2762 305 111.
1625 413 2670 655 Solches bey sich gehabt, darmit Er hätte
1642 497 2711 734 schlagen könen; Indeßen seÿn alles
1643 556 2725 823 in großer bestüezung gelesten, Er
1625 677 2759 921 Inquisit habe sehr gebeinet und gesammeret,
1643 768 2671 956 Endtlichen habe Ihne der Haubtmann
1625 857 2707 1056 getröstet, mit verdeuten es könn mit
1639 930 2756 1133 6 Ubel gegangen seÿn, Er solle Einmahlen
1638 1024 2718 1184 nur nach Haus, darauf Er dann Heÿm
1625 1107 2736 1265 gegangen, und seine Unglübliche bege¬
1643 1183 2744 1355 benheit seinem Radder erzehlet; Seÿe
1636 1283 2671 1424 auch beÿ seinem Racker übernachtet,
1633 1353 2741 1501 und habe noch deß Morgens ganz getroft
1633 1455 2749 1581 gearbeitet, und biewolen Er am Morgen
1635 1525 2697 1682 bey Zeiten Hodtschafft erhalten, daß es
1642 1602 2755 1734 nicht gut gehe, so habe er doch den Ausgang
1636 1711 2670 1840 erwarten wollen, gegen Midtag aber
1624 1787 2713 1906 habe Ihne der Schulmeister, so an Ihne
1642 1874 2704 1999 geschilt worden Ermahnt, einmahlen
1631 1951 2740 2060 vor eine weil einen Abtridt zu nemen.
1641 2026 2692 2158 auch so gar die Geÿstel aus der Hand
1625 2129 2648 2235 genommen, maßen Er sich mit dem
1631 2187 2728 2356 Zug auf dem Feld befunden, borauf Er¬
1631 2273 2718 2418 nun sich von Haus begeben und näher
1615 2367 2731 2502 Neuenburg verfüegt; Ich doch allezeit in
1645 2423 2736 2595 dem vorhaben, sich zu stellen, welches Er
1635 2502 2723 2653 auch geläßlich Burde gethan haben, Bau
1622 2591 2701 2744 Er nicht mit Raht dar von Bare abge¬
1610 2665 2735 2836 halten worden; diß seÿn die Bahre
1627 2745 2714 2936 aufrichtige Verhältnuß der Sach, die Er
1642 2833 2706 2999 mit seinem guten gelößen bezeugen
1633 2906 1773 2989 könn
1699 2989 2671 3192 Darauf burde Er beiters befragt.
1626 3105 2714 3315 Ob Er vor dieser begebenheit den Bürg:
1621 3205 2695 3400 gereuet, und einicen Umgang mit
1623 3263 1983 3366 Ihme gehabt.
1628 3376 2608 3560 Er habe Ihne blos von sehen gebeuet,
