3024 4032
217 234 309 316 58.
291 582 374 703 d
317 943 379 1062 8
301 1153 386 1287 d.
339 261 382 340 1.
398 228 457 302 or
452 234 691 327 Exam.
431 275 1204 433 Bendicht Schlagl. .
388 403 1414 588 Er habe den Jößli gestorhen, daß
396 503 1282 613 Er einmahl genueg habe. 2
408 567 1393 730 Das habe Er mit nichten gesagt, wohl aber
387 641 1410 788 Er habe den Joß unten in Bauch gestochen
395 728 1412 863 welches er annoch deß Morgens dem
403 791 1397 946 chor Richter byr Papyr Mühl, gleich,
394 865 895 977 fahls biederhohlet.
410 944 1404 1091 ob dießes ihme vorgebießene Meßer¬
394 1036 1395 1162 das jenige seyn, wormit er den Joß Ver¬
410 1089 615 1183 bundet?
412 1155 1364 1303 da, diß Stembliche, habe sonsten kein¬
397 1246 640 1329 Anderes.
386 1324 1407 1487 Bezeuge anbey nochmahls, daß, obgleich¬
386 1393 1396 1513 der Joß auf dem Blatz geblieben warrn,
380 1465 1366 1594 Er solches Morndriht selbsten Burde an¬
384 1541 777 1657 gezeigt haben.
603 1608 1083 1710 Bate umb Bnad
387 1696 1131 1816 Abgelesen und bestätiget
374 1799 1393 1932 Nach dieserem Burde er bieder ansein
389 1884 740 1999 Orth geführt.
373 1999 1371 2139 Actum in der Obwren Bgefangen,
385 2101 1317 2227 schafft durch Melshen GroßWeibel
367 2182 1353 2282 Noni Maralt, und Grichtschreiber
376 2266 1351 2385 von Erlath, den 9. Decembris¬
350 2358 650 2491 1754..
2623 380 2724 473 59.
1913 359 2276 468 Continuatio
1639 513 2663 677 Non 1. Januarij 1755. bard durch
1681 615 2674 711 Muhghhrn Raths Herren Muller, Als¬
1693 690 2659 778 von Musgsse2 Wohl verordneten Ober¬
1693 746 2692 832 Examinatoren, nebst Melohhr Herren
1697 808 2698 913 Goroß Weibel und Herren BrichtSchreiber¬
1688 875 2697 975 gegenwärtige Criminal, Procedur folgen,
1693 964 2672 1053 der Maaßen fortgeführt, Und zu Erst
1693 1012 1960 1118 bescheiden.
1524 1079 2345 1223 Anna Dofer, Vorbemd d.
1610 1188 2697 1301 Dera ihre hievorige Deposition vorgele¬
1680 1249 2704 1351 esen, und da sie selbige auf ein frisches, durch,
1684 1307 2656 1416 aus, und von Worth zu Worth bestätiget,
1673 1374 2663 1483 sind noch nachfolgende Fragen an Sie ge¬
1681 1444 2064 1543 ddruckt worden.
1690 1517 2089 1650 an obige Pofer¬
1505 1511 1688 1646 5p6
1673 1623 2689 1734 Als auf dem Seym Weg sie vor dem Hauß ge¬
1679 1688 2688 1783 estanden, und der Jost dorten Vorbeÿn biß¬
1681 1746 2688 1849 Vor die Schier gegangen, so seyn sie alsobald
1671 1807 2686 1902 zu ihme gegangen, und habe sich eine kleine
1686 1861 2676 1949 Weile bey Ihme auf gehalten e. War sie¬
1690 1923 2437 2020 lamahls mit dem Joß geridet?
2123 1986 2241 2026 Toßen
1684 1990 2679 2085 Weile es aus deß Nachkomen Vermuthet,
1598 1995 1654 2102 G
1678 2060 2700 2166 daß er mit Ihme heymb gehen wolle, so habe
1685 2121 2674 2219 es ihme nur sagen wollen, daß der Schläft¬
1673 2186 2680 2286 Einmahl mit ihme kome, solle also Er Joß¬
1685 2248 2016 2337 zuruckbleiben.
1675 2312 2694 2430 Sie sage der Joß seyn nachwerths mit Ihra
1592 2313 1671 2425 H.
1673 2381 2683 2498 und dem Schlafl; am Stuck Wegs die Straeß
1668 2451 2686 2553 hinaus gegangen, An welchem Orth nun der
1672 2524 2196 2621 Joß zureckgeblieben.
1607 2593 1669 2724 d
1702 2589 2680 2716 Da der Joß, wie es schon gesagt, ein Schrack
1675 2675 2672 2789 mit ihme Inquisitin und dem Schläft; den
1672 2744 2676 2818 Weg hinausgegangen, habe er weilen er
1681 2795 2628 2902 gesehen, daß es den Schläft, nicht forth¬
1694 2861 2667 2973 beißen Wollen, Ihme Inquisitin etwas¬
1690 2925 2644 3024 ohngebührliches zugemuthet, Ihns auch¬
1690 2991 2652 3098 von deßsbegen bey dem Arm genommen,
1684 3062 2682 3174 und abseits führen bollen, beilen es aber
1667 3116 2659 3221 dem Joß nicht einzuwilligen begehrt, so
1671 3194 2682 3293 seyn er dorten / Samblich einbring hinhar
1674 3240 2629 3363 dem Schal:/ zurückgeblieben; darauf¬
2551 3323 2652 3383 er
