3024 4032
264 378 347 472 12.
229 503 431 640 Repodli
448 438 1409 596 Ait navait conni le Mort que parie.
414 526 1394 680 quil avoib dle troio fois dano Son Cobaret,
413 614 1365 767 t quant a lautra quil ne le concissorts
412 677 1374 824 que par reputation, laquelle petort rien¬
414 790 778 898 Moino que bone.
425 1023 1309 1194 SHadelow Roulet. (Hotepe.
387 1152 1333 1298 Consirie a tous igards la Deposition
408 1243 1318 1372 de Son Mary, apurant qu elle navoit
396 1322 1305 1457 rien a q ajouter, si non, que pendant
389 1400 1323 1522 quilu avoit le plus de mondi danola¬
385 1477 1344 1610 Chambre, le mort Pctort presente aElle
385 1561 1383 1688 Jano Chapeaw, et lui avoit dit, quil vondrou
383 1651 1360 1748 Pavois les Voleurs qui lui avoient ote son
393 1727 1328 1850 Whapean de dessus la Tete, et quelle lui¬
385 1801 1344 1902 aooit dib pous Capaiser, que Soro Chapeau
377 1889 1297 2007 se retrouveroit, quil devoit Fculement
382 1963 1371 2110 etze tranquille, qu elle assuroit quau
397 2063 1298 2166 mons le Mort navoit pas ci un
381 2132 1210 2254 mot de Dispute contre Persone
551 2242 1260 2391 Ainsi lu et confirme.
1567 457 2700 603 6. Gethicht Rohrer, der Schärer im
1678 577 2123 695 Cappelis Acker s.
1695 629 2677 776 1: diese Nacht, ohngefehrt nach 12. Uhr,
1481 713 1673 814 Rponii
1665 726 2674 877 seyn er durch einen Expressen Bescheiden
1673 818 2725 922 worden, mit der Anzeig, daß ein Man durch
1669 881 2760 981 einen Meßer Stich sehr übel verleundet Vorden
1658 956 2724 1065 Darauf er alsobald etwar Mediciri zu sich ge¬
1674 1027 2682 1141 nomen, und zu dem Patientin geEilet.
1667 1086 2706 1207 Auf sim Ankomen habe er ihne unter der
1669 1155 2732 1287 Verbahrung deß Wirths und etlirich Ande¬
1668 1221 2733 1350 erin Maueren, aufh dem ofen ligend ange¬
1668 1281 2680 1407 stroffen, habe ihne disitiert und alsobald
1665 1360 2736 1477 gesehen, daß die Wunden tödtlich, zumahlen
1669 1436 2700 1555 die Fredärme schon albereits zu der Wun¬
1680 1501 2707 1611 den herausgestoßen; dahero er dem Pa¬
1674 1571 2658 1682 stienten solcher mit Betrücknuß ange¬
1671 1626 2693 1738 kundet, und einmahl anders nichts vor
1670 1705 2686 1801 nenen können noch dörffen, Als lediger
1677 1779 2677 1895 dingen die Wunden mit einem starcken
1678 1838 2672 1938 Umbschlag zu verbinden und in ein Bed¬
1678 1914 2661 2016 tragen zu helffen. Anbey habe er dem
1671 1978 2686 2104 Verlundten ein Vertzstärcen des Tränckli
1663 2048 2669 2166 gegeben, Es übrigens dem lieben 3rodt¬
1686 2128 2669 2241 und der Verordnung der Sohen Oberbeits
1669 2190 2710 2299 überlaßend, zumahlen er gras keine Dieft
1678 2276 2115 2371 Vorsehen können.
1666 2304 2668 2438 Auf betragen, ob der Verlundte über die¬
1669 2392 2612 2503 Umbstand dießer that nichts Eröffeet2
1668 2459 2695 2572 sagte Er, der Verbundte habe gesagt, Er
1673 2531 2662 2623 seyn aus Anlaß eines ihme genommenen
1669 2591 2689 2698 Schimpftuchs biederfahren, den Bethäter,
1665 2657 2700 2752 habe er deme Leuthen, so zugegen waren,
1668 2725 2680 2814 zu kennen gegeben, und die Orth habe er
1658 2793 2750 2919 gleichfahls bestimmet; Dorts oben in der Baß¬
1742 2863 2702 2957 Im Übrigen, obwohlen der Verbundte alle¬
1673 2944 2705 3029 Zeit bey gutem Verstand gebesen, so habe¬
1674 2990 2703 3100 er doch wohl gebahret, daß er etwas lenig¬
1662 3056 2239 3159 sturm von Weinbare.
1680 3128 2665 3236 Wißte weiters nichts zu Zeugen: So wohl
1665 3195 2661 3319 der Bethüter als der Verbundte seÿen.
1667 3271 2428 3381 ihme völlig ohnbekante Leüth¬
1727 3345 2462 3480 Abgelesen und bestätiget
2530 3474 2679 3613 2
2696 292 2805 384 43
