3024 4032
511 370 1581 719 Sehien, angeglegte e wnge
480 521 1574 788 Gndze Iau von 8. Rageer Aneres von
484 632 1557 857 1der Arbeit heim kommen, habe ihrei¬
465 725 1523 921 v Elstel /: ein Kind von nicht garb.
461 820 507 861 11.
503 805 1537 1011 Jahren älters) geleinet, und uee¬
460 867 1546 1125 Schmerzen an keinen Schaam- Glie¬
441 987 1560 1232 deren und Ruckengeklaget; auf behrog
439 1048 1518 1256 ob Es, alldiebeil Sie die Ellteren von
441 1186 475 1233 11
479 1153 1559 1383 Hauß gelesten; et ba hieauf geblätteren
424 1264 1534 1452 " und dann hinunter gefallen steÿe? mit
425 1362 1507 1525 Stein geantwortet Endlich aber und¬
426 1469 465 1529 11
469 1445 1501 1622 auf erstehen, daß Es keine Straaf zu
418 1542 460 1609 11
474 1543 1513 1710 befahren, verdeutet. Der junge Gerh
464 1632 1501 1790 Siien(: in gleichem Hauste wohnens
422 1723 1486 1869 ein Kerl von 21. Jahren; habe Ihns¬
405 1820 1479 1951 1in seine Stuben getragen, auf den
412 1892 1471 2046 Toden geleget, seinen Leib entblüßet,
391 1995 1496 2131 und etwas wünstes mit ihme gemachet,
386 2082 1514 2223 und sto dann mit Kindlicher Benamsung,
394 2158 1502 2302 , das der Toßloicht her vor gezogen, und
388 2272 1384 2382 wo Selbiges eingezlonigen, den
379 2352 1265 2494 ganzen Handel geoßenbaret.
574 2539 1439 2661 Bey eben dieser In quisition habe
400 2598 1437 2758 stein deß Müllers Sibenjähriger
392 2709 1485 2838 Reab weinend gestagt:  der Simmen
393 2781 1482 2957 Lenz habe vor paar Tagen, vorgebend, Sie
345 2898 1431 3032 wollen gsfäß machen, ihme auch die
359 2986 1435 3150 Hoston herunter gelaßen, sich deiben
335 3053 1490 3245 geheißen; und da er etbas ungebohnten
336 3153 1457 3312 versführet, habe er hefftig zu Schregen
319 3253 1435 3406 angefangen; Ob derstelbe ach
317 3352 1382 3484 darchtes nach seinem bosten wulre
1264 3429 1392 3525 auch
2650 312 2768 420 293.
1687 441 2832 685 Auch dieses innaturliche Werck vol¬
1701 563 2763 785 sendet, seyn dem allbißenden Gest
1703 662 2793 846 bekant. Veruerstägte der Müller
1718 777 2769 946 mit dies geholten Seichzen, Er habe
1715 865 2704 1045 noch etbas auf seinem Belißen
1675 948 2809 1136 welches er biß dahin bey Sich behalten
1676 1071 2795 1240 dermalen aber, zu deßen Entladung,
1660 1151 2767 1335 mur oftenbahren meße und wolle.
1683 1253 2832 1419 Er habe nemlich Selbst schon verwichene
1676 1363 2715 1506 herbst, den gleichen Unmenschen
1674 1449 2815 1595 in ärgerlicher Stellung und gebärden
1666 1556 2793 1691 hinter einem Cornhaag auf einem
1661 1644 2743 1786 Schaaf gestehen und auf von derne
1669 1732 2802 1885 beschehenes zurüchen: Deich die Balgen
1657 1842 2757 1973 ogel habe derselbe sich plötzlich auf
1673 1932 2402 2067 den Toden geborsten etc.
2403 1968 2681 2063 Nach all-
1679 2018 2715 2156 diesem mit entstehen angehörten,
1685 2117 2778 2243 habe vorerst diesem Selaus Müller
1683 2227 2748 2346 über alles, sonderheitlich diß Lehtere,
1672 2300 2726 2432 ein dieses Stillschbeigen gebocten,
1685 2390 2757 2536 darnach und gleich Tags darauf durch
1666 2479 2655 2602 einen Chor Richter den beklagten
1668 2563 2687 2698 Simon stamt seinen Ellteren, vor
1685 2648 2698 2771 mich bescheiden laßen, alllann der
1666 2720 2726 2862 Racter, nach anhören aller der Schand¬
1668 2826 2771 2986 rlichen Thaten, derer sein eingeratener
1667 2926 2748 3074 Sohn beschuldiget werde, unter vielen
1678 3036 2719 3194 trauen und darüber bezeugtem Herz.
1668 3133 2748 3252 nlichen Leydbesten, verdeutet: Er werde
1674 3235 2724 3372 leider Bohl. etbas an der Soch seyn, den
2044 3310 2181 3360 habe,
1688 3315 2675 3452 der beste Sub ich, glaube wohl auß
2494 3450 2683 3563 Krechtp.
