3024 4032
272 1615 429 1747 Iist in
341 290 497 361 218.
592 381 1452 567 Weibels Zeligsamm.
464 507 1464 743 Auß befelch deß Wohlgebohrnen,
462 681 1489 844 Weines hochgeachten Herrn Amt
452 755 1534 963 Stadthalter Ryhiners, hat endts unter¬
438 851 1454 1012 eschriebner dem Herrn Negocianten
448 947 1530 1126 Kuhz den Hauß Arrest formlich angelegt,
446 1029 1467 1206 Worauf seine Röch in Antwort gab,
446 1141 1494 1311 Die buße nit, ob Herr Luh im Hauß¬
442 1235 1431 1390 seyn oder nit, bann Sie Ihne seheisto
431 1363 1514 1487 wolle Sie ihme den angelegten arrest zu
437 1449 1490 1606 lßen thun. Actum den 2. t Gbris¬
430 1551 617 1646 1757
444 1625 1425 1753 terschrieben bezeuigt Vrghl. Diener
764 1735 1368 1854 Damnel Hebler Weibel.
394 2132 1314 2271 Relatio Medico Chirurgica.
398 2350 1416 2492 Auß befelch deß HochgeEhrten Herrn
400 2434 1450 2590 vice Großweibel Jerrtier8 haben die
382 2542 1441 2691 Ehre endts unterschriebene zu berichten,
378 2631 1433 2761 daß Wir den 21. t 8bris 1757. Abendts¬
381 2701 1449 2849 um 8. Rhr /: die eintenet bas Brüher,
380 2807 1431 2945 die anderen etlas Päter/ zu dem nun
373 2915 1417 3019 sel. verstorbenen Herrn Comerciemm
366 2982 1403 3121 Rahtschreiber Prblerrberg beruffen
772 3065 1368 3196 Wir fanden denselben
372 3115 642 3196 worden.
375 3144 1471 3296 auf dem Ruhebeclinstizend, im Besicht,
368 3254 1409 3402 an Händen und Bueßenganz halt, auch
1251 3374 1398 3455 ohnen
2721 281 2877 405 219.
1715 476 2822 712 ohne einigen puls an den händen, an den
1712 579 2820 807 Halßsfuls Aderen waren die Schläge stehr¬
1721 695 2836 885 schbach; Herr Patient stagte. Unß, daß er
1724 776 2871 923 einen Stich empfangen, welchener Auß zeigte
1719 876 2795 1008 mit wiederholter bis, die verschwiegenheit
2546 957 2824 1063 die Wunde
1726 992 2292 1127 bestens zu Observieren.
1718 1076 2748 1195 besandesich auf linber Seite deß Kauchs,
1716 1155 2800 1300 3. duer Kinger breit schieß ob dem Vabel
1710 1264 2793 1402 gegen die Krospeln der faltschen Rippen,
1723 1351 2838 1471 von denen Sie auch ohngefahrd 3. zuer finger
1714 1446 2755 1575 entfernet bare, siehacte in ihrer Länge
1705 1552 2745 1663 etwann 6. linien oder einen halben soll,
1709 1654 2809 1761 ihre diraction gienge schieß gegen die Seite,
1715 1739 2816 1838 und etwas nach oben in die hohle deß dauchs
1711 1804 2752 1927 auf dieser beschriebenen Wunde hierige
1695 1901 2741 2003 ein stuck omnenti oder deß Vehes einers
1693 1984 2790 2106 Bingers lang herauß; Anbey beklagte
1690 2107 2833 2225 lich Herr Patient über sehr große nbligkeit
1694 2173 2258 2297 und Dauch Schmerzen.
2441 2199 2808 2338 Wir transpor
1672 2271 2745 2395 tirten ihne in sein barm gemachtes
1690 2371 2805 2494 Dect, reponirten mit möglichster Vorstich¬
1692 2443 2810 2585 tigkeit und gelinde das herauß getreckene
1697 2548 2775 2674 Nehe, applicierten Humaccam, Pflaster;
1707 2645 2784 2768 dir machten die hierzu dienende Embro¬
1678 2748 2782 2861 ncationes fomente und verband; Inerlich
1696 2827 2703 2928 wurde Herr Patient mit antiphlogistuis et
1699 2889 2758 3036 resolventibus, oder der Entzundung wieder¬
1675 2950 2750 3118 stehenden und zertheillenden Arzuegen
1679 3073 2773 3220 aufs vorstichtigste bestorget, zu erlöaen¬
1670 3173 2792 3311 rung seiner halten Extremitaten hacde man
1688 3274 2105 3363 alle sorgfalt;
2105 3275 2643 3405 die gleiche Nacht der
2418 3396 2773 3530 verleundung c
