4032 3024
246 75 309 135 2.

252 888 420 948 Clauser

251 952 435 1012 Rigigi.

235 1034 405 1094 Schärer

277 1092 460 1152 Verena¬

282 1684 435 1744 Huber

302 1741 452 1801 Peter.

289 1801 359 1861 Osch

270 1859 510 1919 Christina.

681 201 775 261 nach
798 209 1032 269 verdienen
1078 213 1161 273 mit
1184 219 1559 279 Gefangenschafft
1582 246 1863 306 abgestrafft,

651 279 856 339 sonderen
898 286 975 346 als
992 289 1111 349 einer
1153 292 1205 352 an
1239 297 1358 357 demme
1392 301 1444 361 biß
1486 308 1597 368 hiehin
1639 318 1716 378 alle
1741 330 1869 390 ver¬

652 360 817 420 wendte
848 370 1168 430 Versühnungs
1199 377 1364 437 Mittel
1405 383 1509 443 nicht
1540 398 1819 458 verfänglich

648 446 859 506 gewesen,
877 456 1080 516 MnGH.
1098 458 1125 518 zu
1171 462 1391 522 mehrerer
1418 471 1704 531 Bestraffung
1731 489 1859 549 Ver¬

1552 518 1617 578 EEb.

653 532 795 592 leidet
813 539 974 599 werden
1013 544 1191 604 würde;
1220 547 1371 607 dieser
1400 550 1569 610 MHH.
1578 555 1645 615 nun
1711 564 1834 624 haben

656 618 792 678 beyde
835 626 1055 686 Partheyen
1098 633 1425 693 nachzukom̄en
1477 641 1688 701 einander
1719 648 1814 708 mit

648 708 807 768 Mund
840 713 924 773 und
956 717 1073 777 hand
1105 721 1317 781 angelobt
1350 725 1423 785 und
1456 730 1765 790 versprochen.

659 871 1035 931 WeilenMnH.
1047 877 1315 937 hinderbracht
1349 882 1521 942 worden,
1532 885 1596 945 wie
1628 889 1704 949 daß
1746 897 1897 957 Nilaus

674 947 862 1007 Clauser
899 949 956 1009 ein
984 951 1163 1011 Ehemann
1182 952 1248 1012 von
1286 957 1568 1017 Jegenstorff,
1578 962 1606 1022 so
1635 965 1691 1025 von
1728 974 1918 1034 Verena¬

658 1024 821 1084 Schärer
848 1027 911 1087 von
938 1029 1083 1089 Ziglen
1129 1031 1183 1091 der
1210 1034 1536 1094 Schwängerung
1563 1041 1690 1101 halber
1717 1050 1880 1110 Beklagt

651 1103 836 1163 worden,
853 1107 946 1167 aber
979 1110 1038 1170 biß
1081 1111 1190 1171 hiehar
1224 1114 1317 1174 noch
1333 1117 1401 1177 vor
1427 1120 1562 1180 keinen
1595 1125 1747 1185 richter
1780 1133 1916 1193 gestellt

640 1187 797 1247 werden
830 1194 1044 1254 können,
1060 1197 1117 1257 sich
1151 1199 1398 1259 dermahlen
1439 1203 1472 1263 in
1514 1204 1571 1264 deß
1612 1211 1802 1271 Wihrten

648 1274 753 1334 Mooß
802 1279 888 1339 eine
916 1282 1002 1342 halb
1021 1283 1145 1343 stund
1175 1283 1346 1343 Obenhar
1385 1283 1452 1343 der
1471 1284 1767 1344 Ziegelhütten
1805 1290 1863 1350 bey

644 1370 881 1430 Burgdorff
900 1373 1139 1433 aufhalte,
1158 1373 1188 1433 so
1217 1373 1297 1433 haben
1306 1372 1366 1432 Meine
1376 1372 1456 1432 gnädigen
1465 1372 1534 1432 Herren
1544 1372 1643 1432 denen
1673 1375 1850 1435 Thurn¬

636 1458 828 1518 weiblein
866 1460 972 1520 ihne
1002 1462 1155 1522 dorten
1194 1461 1425 1521 abzuholen
1463 1460 1607 1520 befehl
1636 1460 1809 1520 ertheilt

662 1681 926 1741 Rhun.
955 1682 984 1742 Er
1013 1682 1073 1742 hat
1102 1681 1291 1741 Christina
1320 1678 1393 1738 Ich
1409 1676 1467 1736 deß
1510 1675 1613 1735 Prled
1642 1675 1774 1735 zuberr
1788 1676 1861 1736 von

646 1756 861 1816 Kilchdorff
888 1757 1034 1817 Eheweib
1061 1754 1129 1814 sich
1155 1751 1267 1811 heüte
1284 1749 1354 1809 wid
1371 1745 1560 1805 ermahlen
1587 1745 1638 1805 vor
1647 1745 1699 1805 Meine
1707 1746 1777 1806 gnädigen
1785 1749 1855 1809 Herren

620 1838 796 1898 gestellt
829 1836 905 1896 und
930 1833 1106 1893 klagend
1140 1826 1417 1886 angebracht,
1434 1823 1509 1883 was
1535 1823 1686 1883 maßen
1720 1824 1862 1884 gedeüt

635 1916 696 1976 Ihr
722 1916 896 1976 eheman̄
922 1913 1148 1973 ohngeacht
1174 1909 1236 1969 der
1270 1905 1487 1965 deßtwegen
1523 1900 1583 1960 von
1618 1898 1723 1958 ihnen
1766 1894 1853 1954 ihme

624 2003 827 2063 gethanen
862 1997 1091 2057 ernstlichen
1117 1986 1426 2046 vorstellungen
1469 1978 1549 2038 und
1566 1975 1690 2035 seiner
1707 1973 1858 2033 seits¬

625 2088 832 2148 gethanen
858 2080 1170 2140 versprechung,
1187 2070 1230 2130 sie
1256 2064 1351 2124 nicht
1377 2059 1454 2119 nur
1480 2056 1576 2116 nicht
1593 2054 1706 2114 wider
1740 2057 1878 2117 auf¬

633 2170 717 2230 und
751 2169 962 2229 annemmen
995 2162 1122 2222 wolle,
1131 2153 1307 2213 sonderen
1350 2144 1443 2204 auch
1468 2141 1535 2201 mit
1552 2138 1670 2198 einem
1738 2138 1771 2198 in
1813 2141 1881 2201 dem

617 2257 786 2317 gleichen
815 2254 928 2314 Hauß
967 2246 1203 2306 wohnenden
1241 2235 1420 2295 Menschen
1468 2230 1582 2290 einen
1619 2230 1893 2290 verdächtigen

611 2348 796 2408 Wandel
824 2346 944 2406 führe
972 2341 1019 2401 etc.
1037 2337 1166 2397 damit
1195 2331 1269 2391 nun
1315 2325 1427 2385 dieser
1455 2322 1576 2382 Huber
1603 2321 1631 2381 zu
1668 2325 1899 2385 geführenden

628 2437 841 2497 gehorsam
889 2430 1073 2490 gebracht
1101 2422 1257 2482 werden
1286 2416 1441 2476 können,
1460 2413 1557 2473 wolen
1566 2413 1624 2473 Meine
1635 2413 1711 2473 gnädigen
1721 2415 1789 2475 Herren
1798 2419 1885 2479 ihnen

2080 950 2210 1010 Berber

2068 1003 2261 1063 Riclaus.

2067 1066 2164 1126 Stuck

2066 1133 2200 1193 Madle.

3559 186 3614 246 3.

2380 252 2579 312 hierdurch
2598 265 2892 325 aufgetragen
2922 273 3054 333 haben,
3073 277 3273 337 demselben
3302 281 3453 341 zustamt
3473 283 3653 343 seinen¬

2346 325 2498 385 Eheweib
2522 329 2578 389 von
2610 333 2698 393 heüt
2722 336 2810 396 über
2842 339 2850 399 8
2890 341 2946 401 tag
2970 343 3026 403 als
3050 346 3114 406 den
3146 350 3250 410 11ten
3274 353 3354 413 curr
3402 357 3522 417 allhier
3546 359 3602 419 vor

2361 403 2411 463 Mein
2419 405 2488 465 gnädigen
2496 406 2556 466 Herre
2573 408 2589 468 u
2606 410 2793 470 erscheinen
2827 414 2870 474 die
2895 419 3090 479 Pormliche
3115 424 3277 484 Citation
3310 430 3480 490 anlegen
3522 434 3607 494 und

2376 483 2424 543 der
2456 485 2569 545 Ihnen
2609 490 2842 550 angelegten
2874 496 3059 556 Citation,
3067 501 3123 561 wie
3148 503 3243 563 auch
3267 507 3420 567 deßam,
3436 510 3517 570 was
3549 512 3589 572 sie

2362 565 2396 625 zu
2430 569 2765 629 vereinbahrung
2809 575 2911 635 dieser
2937 581 3135 641 Eheleühten
3170 586 3299 646 hierinn
3307 591 3564 651 gehandlet,

2383 649 2464 709 und
2492 651 2564 711 was
2591 653 2709 713 ihnen
2735 658 2889 718 sonsten
2934 661 2998 721 der
3016 667 3286 727 außührung
3314 673 3395 733 halb
3422 677 3540 737 dieses

2351 736 2501 796 Huberd
2538 740 2688 800 bekant
2707 744 2791 804 seyn
2829 748 2941 808 mag,
2959 750 2998 810 biß
3035 754 3091 814 daen
3100 754 3147 814 mine
3156 757 3232 817 gnädigen
3241 758 3306 818 Herren
3315 761 3465 821 berichten
3493 762 3522 822 zu
3532 763 3653 823 laßen.

2388 935 2516 995 Ober
2541 939 2784 999 Vießbach
2821 943 2885 1003 aus
2924 944 2974 1004 den
2987 946 3050 1006 Min
3063 947 3165 1007 gnädigen
3178 949 3268 1009 Herren
3280 950 3496 1010 ugegfendten

2348 1005 2675 1065 Berichtschreiben
2711 1012 2813 1072 haben
2849 1014 2987 1074 Selbige
3012 1015 3038 1075 zu
3065 1017 3220 1077 erstehen
3254 1020 3426 1080 gehabt,
3444 1024 3521 1084 was

2347 1075 2498 1135 Maßen
2538 1083 2793 1143 Magdalna
2816 1085 2951 1145 Stucki
2984 1087 3062 1147 auf
3095 1088 3158 1148 dem
3190 1091 3524 1151 Buchholterberg

2347 1147 2435 1207 Ihre
2463 1153 2692 1213 Angehörige
2728 1156 2781 1216 der
2808 1157 2861 1217 Ehe
2888 1159 3118 1219 Beyschlaaffs
3144 1161 3224 1221 und
3251 1165 3560 1225 Schwängerung

2333 1228 2414 1288 halb
2438 1234 2658 1294 angeklagt
2690 1235 2747 1295 den
2772 1237 2935 1297 Niclaus
2967 1237 3130 1297 Gerber
3154 1238 3212 1298 von
3244 1240 3496 1300 Röhtenbach,
3513 1250 3626 1310 welcher

2329 1309 2412 1369 auch
2449 1312 2505 1372 deß
2542 1313 2626 1373 mit
2654 1315 2718 1375 der
2746 1315 2876 1375 stucki
2904 1315 3173 1375 gepflogenen
3219 1319 3470 1379 beyschlaaffs
3498 1330 3601 1390 ge¬

2313 1394 2480 1454 ständig
2507 1396 2692 1456 gelesen,
2711 1397 2794 1457 auch
2822 1397 2887 1457 sich
2915 1397 3137 1457 declariert,
3146 1399 3202 1459 daß
3239 1400 3276 1460 Er
3285 1402 3453 1462 selbige,
3471 1407 3545 1467 wan

2342 1471 2386 1531 die
2412 1476 2573 1536 Genißt
2599 1478 2670 1538 mit
2706 1478 2751 1538 der
2768 1480 2848 1540 Zeit
2875 1480 2928 1540 deß
2963 1481 3185 1541 beyschlaaffs
3213 1487 3435 1547 eintreffen
3461 1500 3631 1560 werde,

2338 1558 2522 1618 Ehelichen
2548 1561 2671 1621 wolle,
2689 1563 2908 1623 dißmahlen
2934 1565 3039 1625 aber,
3057 1567 3127 1627 und
3163 1568 3198 1628 da
3232 1572 3303 1632 das
3320 1575 3391 1635 von
3425 1580 3487 1640 der

2323 1640 2469 1700 Stucki
2497 1644 2571 1704 zur
2598 1646 2699 1706 Weld
2726 1649 2910 1709 gebohrne
2939 1651 3030 1711 kind
3049 1654 3297 1714 verstorben,
3315 1660 3389 1720 sein
3434 1667 3564 1727 ver¬

2301 1724 2469 1784 sprechen
2504 1729 2540 1789 zu
2566 1732 2690 1792 halten
2716 1735 2778 1795 sich
2805 1736 2991 1796 weigere,
3008 1738 3220 1798 deßwegen
3247 1742 3335 1802 dann
3353 1746 3460 1806 auch
3486 1752 3547 1812 die

2329 1813 2467 1873 Stucki
2497 1816 2526 1876 in
2567 1819 2844 1879 Betrachtung
2863 1822 3002 1882 seiner
3041 1825 3230 1885 Renitenz
3260 1829 3338 1889 auf
3369 1836 3478 1896 ihrer
3507 1843 3607 1903 Ee¬

2323 1898 2509 1958 ansprach
2535 1902 2636 1962 nicht
2661 1904 2763 1964 mehr
2789 1906 2983 1966 insistiere
3017 1909 3060 1969 etc.
3077 1910 3128 1970 etc.
3136 1912 3204 1972 Wie
3229 1915 3314 1975 aber
3348 1919 3407 1979 deß
3442 1927 3594 1987 Gerbers

2334 1984 2464 2044 dißort
2475 1985 2539 2045 Meine
2551 1987 2637 2047 gnädigen
2648 1988 2724 2048 Herren
2735 1991 2984 2051 vongebrachte
3006 1995 3278 2055 Weigerungs
3310 2002 3494 2062 Gründ
3539 2011 3603 2071 von

2328 2069 2459 2129 keiner
2485 2072 2764 2132 erheblichkeit,
2782 2074 2878 2134 auch
2905 2075 2965 2135 das
2991 2075 3053 2135 von
3087 2077 3202 2137 diesen
3245 2081 3384 2141 beyden
3428 2089 3559 2149 wegen

2330 2157 2382 2217 deß
2425 2158 2498 2218 mit
2531 2158 2731 2218 Einander
2764 2159 3007 2219 gepflogenen
3049 2162 3292 2222 Beyschlaaffs
3335 2172 3524 2232 gegebene

2306 2248 2507 2308 scandalum
2563 2246 2659 2306 nicht
2684 2248 2843 2308 anderst
2868 2248 2924 2308 als
2948 2249 3061 2309 durch
3093 2251 3149 2311 den
3188 2255 3365 2315 Heüraht
3397 2265 3550 2325 gehoben

2330 2339 2491 2399 werden
2523 2338 2637 2398 mag,
2645 2337 2669 2397 so
2693 2336 2765 2396 haben
2782 2336 2831 2396 Meinen
2839 2335 2903 2395 gnädigen
2911 2335 2968 2395 Herren
2984 2336 3218 2396 deßtwegen
3258 2340 3315 2400 dem
3364 2348 3541 2408 Gerber

2347 2427 2390 2487 die
2422 2428 2551 2488 Stucki
2573 2428 2702 2488 infolg
2735 2428 2777 2488 deß
2811 2426 2864 2486 ihr
2896 2426 3079 2486 gethanen
3111 2428 3285 2488 ehelichen
3317 2438 3575 2498 versprechens
