3024 4032
309 458 397 590 14
1577 480 1668 574 75.
1702 469 2704 669 Bekantnuß und ander gicht
1872 613 2548 808 Giler Gilgins
1705 734 2802 921 Von Rüeggisberg gebührtig, seines alters von
1960 857 2540 1030 abann 30 jahren
1624 1038 2760 1222 Nachdene wegen eines zu außgang, daß
1655 1139 2767 1326 hets verlichenen den 12 den jahrs an dem sohnin
1685 1245 2799 1406 des kilcheri Balem von einichen schul kinderen auf
1848 1317 1886 1376 d
1690 1334 2793 1502 der weile gefundenen canonieren wischen gebohrnen
1708 1416 2771 1587 edoch annach lebenden kindtlins nach gehaltenen
1691 1502 2776 1676 genanten nachforschung, wein solches zuständig seyn
1690 1580 2796 1742 machte etc. Die Christina Steinmann auß gung,
2699 1708 2729 1769 .
1666 1684 2777 1821 rsammen verdacht deßen muter zu sehen von dem heren
1672 1774 2769 1930 Predikanten einer zu Balm betrefend zweyer
1675 1869 2783 2012 anderen manneren zu red gestoßen und damalen
1680 1950 2767 2091 nicht allein deßen geständig worden, sondern den
1655 2037 2759 2200 ofeters Gilgen seinen schwager als der Elsbeth
1663 2122 2757 2279 Steinmann seiner schwöster ehemann dieser
1661 2221 2764 2365 kinder vatters zu sezen angeben und beschuldiget,
1668 2315 2791 2462 auch darauf hin beide solchen verneben unbeson
1665 2388 2786 2557 onennen großen verbrochens und begangener blut
1650 2470 2815 2651 schand halb auff beschehene oberkeitliche veranstaltung
1678 2580 2754 2731 in verhafft gezogen, gewahrsamlich allhero in de
1656 2647 2823 2820 pfangenschafft gebracht, volglich auß ihr gueter
1667 2776 2796 2898 befelch zu dreyen underschiedlichen mahlen, als
1661 2836 2789 2996 Den 3ten januarii 57 und 13 ten februarii.
1660 2942 2810 3082 1723. beider durch meinen hochgeehrten heren
1654 3022 2795 3170 Ratts herren Steiger darzu verordneten
1650 3113 2836 3253 Herrn Examinatoren und sehr Anl. Dienere Muth
1659 3210 2831 3357 groß weibel im hoff und grich schreibern Wattenbach
1666 3289 2808 3441 und zwar guetlich ohne anwendung einaher Marters
1657 3387 2126 3484 examiniert worden.
2311 3379 2814 3529 habend dieselbigen und
1645 3452 2851 3633 benanntlichen fürs erste obgedachter Oteter Gilgen
2439 3600 2801 3723 nach beschriebene
