3024 4032
263 335 373 462 1
727 311 1282 458 Melcher Sauser.
604 447 1248 578 d 4. Lier und Tischbachen.
605 557 1414 695 2d großen und keinen bette ziehen.
601 626 1359 798 bey 30 willstät und zugen.
605 721 1160 883 ben 19. allein Loch
591 825 1094 982 bey 25 fl solchen.
592 956 1061 1084 dey 18 lb garn
602 1046 1314 1215 sen 32 lb besten und flacht.
596 1145 1390 1314 7. Libel und 7. hohen mit Anleg
604 1266 1056 1391 g. Ambtm Ballen.
588 1338 1432 1510 Das Fleisch vor einem gantzen schein
597 1453 1415 1600 fin halbe seiten schreck und bey 24 lb.
668 1532 1130 1653 Ander kant Fleisch.
597 1597 1437 1769 2. Große lähen und bey 25 fl sein
683 1721 850 1814 aßli
581 1757 1158 1922 2. lebendige schanken
566 1900 1417 2077 kundtlichen, so seie er mit dem flehet
600 2017 1437 2166 Wuller genannt allen acti seit
582 2097 1468 2240 etwann 2 jahren daher herumb gezogen,
587 2184 1416 2338 und habind mit einanderen ein und
584 2275 1424 2423 erzanget und gelebt wie eheleüth ohne
581 2364 1386 2509 daß sie gemachen copuliert worden.
576 2458 930 2594 Acten obstalt
1561 2920 1876 3078 bey hieltereil
1619 3022 1955 3138 dol. 19. d. 296
1720 3091 1810 3166 Mis
1540 3124 1981 3266 Melcher Juniß weil.
1685 3208 1846 3323 Babi
1709 339 1824 466 5
2310 301 2482 397 No. 2.
2024 364 2886 538 Bekantnuss vnd Vergiebt
2019 493 2894 689 Elsbetle Mullers genant allen,
2360 619 2585 771 ausi
2062 744 2128 870 d
1993 789 2903 943 Do 10 ß ers weib ist auch mit vorgemelten
1996 890 2912 1039 dem saufer behändiget und daß berkeit
2005 970 2912 1122 lichen banden allhero gebracht und wegen
2001 1070 2891 1194 vielen verüebten diebstahlen s deren er
1990 1159 2909 1289 seille verdächtig, weills aber von seiner
2009 1231 2924 1378 mitgefangenen diebs gesellschafft be
1987 1329 2918 1487 schuldigeten ander der Manngen haben.
2008 1405 2940 1582 Eheten herren Ratkeleren Germann
1991 1500 2921 1673 hirzu verordnet ein examinatoren und
2003 1599 2924 1745 ans sehr an dienert vorliehen der groß
1988 1674 2916 1826 Barikel und dem grichtschreiberen guetlich
1998 1772 2924 1906 und ernst wortig war ohne angehendte
1982 1851 2925 1982 Marter den 10. 15 Januarii 3
1993 1947 2925 2098 4. 7. d. 4. 19. 20. februarii 27
1976 2042 2938 2193 Martii und 19 t Aprilis a. 1721.
1988 2145 2918 2278 Zient zu verschiedenen mahlen exami
2450 2214 2916 2360 Da dann diesers
1977 2211 2444 2370 ent worde
1986 2299 2925 2452 weib seine bekanntnuß und vergeht dahin
1997 2393 2920 2542 grtellt und von sich gegeben. Daß
1997 2469 2922 2621 es mit und neben nach gemellten seinen
1988 2555 2920 2714 diebs gespahnen an denen Nachbeschriebe
1991 2652 2845 2778 inen deren zusamen 16 diebstahl,
2003 2728 2849 2871 darunter 2 nächtliche einbrüche
1988 2816 2885 2959 habe verneben helffen. Als namen
2006 2927 2916 3103 rsolichen wysen sie und ohngefehr zuegen
2010 3068 2907 3206 jahren nachts zu todt bey gutt weil
2004 3157 2926 3281 über einem spycher gebrochen, deßetwegen
1986 3224 2925 3355 Es und Melches bey dem entlandter ang
1991 3297 2919 3435 behändiget, zu Trachselwald geh auchtiget
1983 3366 2909 3498 außgeschmeicht und deß lands vermehren,
1998 3449 2160 3546 sorden.
