3024 4032
277 429 403 558 de
431 413 1425 614 Zu arburg noch einmahl wegen einer entlanden
426 547 1462 703 kuchen, daß entwegen, er alhier und schallenwarten
432 643 827 778 geschwirdet worden.
414 688 1432 875 zu Laupper seye es vor 3 jahren wegen
429 803 1423 966 dorgen dasiger fuder veruebten diebstahlen
419 875 1339 1035 außgeschrift und bandiert worden.
419 969 1430 1158 zu Bremgarten, dann seye er vor 3 jahren
423 1065 1458 1230 mit dem Zürich solliae eingestopft und nach dem
428 1162 1441 1294 es deß sollianus execution zu sehen müeßen
423 1248 1380 1393 auch außgeschmeizt und bauridiert worden.
405 1346 1440 1486 Ebenfahls seye er zu wanden wegen eines vord
406 1430 1363 1584 gehabten diebstahls gefangen gesetzt worden.
405 1552 1414 1697 Ward einichen jahren habe er mit dem andern,
382 1653 1393 1795 Waldner Frantz dem schleben, Thöni und
407 1730 1422 1877 einem anderen kerl willis genannt, sich nach
390 1811 1323 1966 Mühli seilen im auf Signant begeben
1354 1866 1405 1944 h
391 1905 1390 2033 meinung daselbsten viel gelt zu bekammen,
385 1979 1419 2114 allwo sie sich mit einander berahten, daselbste
376 2065 1451 2194 igem mann den schlußel auß dem sack ze nemmen,
385 2132 1424 2280 Worauff der Frantz und schwaben Thöni unter
372 2228 1435 2344 der schwellen sind nach ein nach gemacht und hinein
370 2298 1411 2419 geschlaffen und nachsteres in der stuben einem
371 2372 1406 2503 schutz auff denselben mann gefahren und nichts
365 2464 690 2558 bekommen können.
335 2536 1407 2721 Vorners habe er mit übergernen seinen angegebenen
341 2653 1414 2810 diebe gespahnen annoch vierlig diebstähl
335 2749 1424 2893 darmit er 33 nächtliche Einbruch begehren habe ver
319 2837 1441 2981 Darbey neben vilem haußrahtlichem sang ußge
322 2906 1415 3051 speisten und kleideren annoch nachbeschriebene
1048 2997 1153 3086 als
966 3019 1049 3118 d
340 2989 966 3126 sachen entlandet worden.
337 3070 776 3224 b 80 fl in gelt.
329 3176 740 3313 2. Vhrene Hafen.
308 3238 1243 3388 d übel und 2 Hafen mit Amben.
323 3334 859 3477 Eine kuche ab der weyd
307 3423 742 3565 d. d. gantze kasten.
1594 438 1720 569 179
1748 489 2278 661 D silberent seith beher.
1735 592 2622 758 6. judienige und 1 wiß wullene debi
1721 675 2562 860 d. Underbetl. d. Matraterio
1739 756 2029 910 B. dubbe f
1732 863 2206 989 be 100 lb Anni.
1731 944 2791 1137 zu Langenfahl und wangen verschiedene nahm,
1735 1042 2344 1182 schaffte Krämer waaren
1722 1218 2819 1438 Eidtlichen stehe er mit dem Clemens nit er welchen
1742 1352 2793 1520 jahren umbher gezogen und habind mit einan
1725 1436 2798 1604 deren gelebt wie eheleüth, ohne, daß sie jemahls
1731 1543 2303 1672 Ehrlich angesegnet worden
1687 1651 2798 1858 Wie man nachter allen seits Gnedige
1721 1795 2795 1936 Herren mit oberen raht und suraret auß
1729 1878 2778 2036 votahnen bekanntnußen und vergichtig angehört,
1733 1984 2830 2139 und verstanden, daß diesere siebent gefangen,
1738 2072 2808 2223 ne Anstaleficanten, so viel Nächtliche einbruche
1726 2161 2799 2298 und diebstahl teills selbsten verbracht, wells
1739 2257 2767 2388 aber derselben sich weillhafftig gemacht, und
1734 2326 2800 2487 solchem nach in betrachtung gezogen, einerseits
1737 2416 2804 2562 wie durch dergleichen fräfelhaffte einbruch und
1708 2507 2809 2660 diebische verbrochen, die Allgemeine sicherher deß
1732 2587 2822 2754 slandts gehannet und also die kuchen und wolstand
1734 2688 2802 2840 dero getreüten undertahnen zerstöhret werde.
1704 2780 2830 2937 anderseits dann sich schuldigster maßen erineret
1727 2869 2810 3025 dero zu abstraffung dergleichen misßgefahren
1718 2959 2854 3111 von Gott dem allerhöchsten regent in ihnen
1717 3058 2832 3191 unverwantten hoch oberkeitlichen amts undt
1727 3139 2449 3283 daran hangender uffrichten.
1694 3237 2860 3415 Habend darauffhin hochgedacht unsere alles
1702 3357 2809 3498 seits gnädige herren und liberen bey ihrem
1724 3438 2692 3588 eyden zu sehr erkennt undt gesprochen
2552 3560 2698 3670 daß
