3024 4032
363 457 455 582 bi
466 505 1455 695 Juhe und laßen, wie der gratmios sagt
469 630 1422 782 auf das schluß fr richt soll ein ward nichen sie
465 703 1437 867 sich endtlichen zu Baden, ja selbsten in den und
457 845 651 915 stürtzen.
908 817 1476 954 wil wider dann abermalen
468 896 1449 1015 ein traurigen beispihl und excemmpet haben.
463 971 1462 1126 an gegenwärtiger allhier in oberkeitlichen
523 1063 553 1138 b
461 1084 1427 1208 banden vol angen stehender arzers weibs
451 1158 1420 1286 hersting Namens Berena Rudi
447 1246 1449 1392 se zwar von unehrliches gebührt, dennoch aber d
466 1337 1437 1466 inn seinen jungen jahren von seinem vatter
446 1415 1450 1563 also gehalten und erzogen worden, daß es nach
440 1496 1423 1648 werts mit seiner handt arbeit und ehrlichem
457 1588 1417 1743 dienst sich gar wol durch bringen konnen,
451 1680 1426 1819 wann es nicht liebes seinem bösen fleischlichen
449 1768 1438 1916 willen und dem schädlichen müeßiggangen, sich
455 1846 1441 1964 völlig überlaßen hatte, dardurch es in die
418 1933 1466 2079 ister auß erste ungemachen und kleid gestürt et
424 2018 602 2118 worden.
1048 2019 1436 2147 Damit Nachdeme
430 2078 1458 2226 diesere maleficantin itarig auff sich gehabter
425 2169 1462 2323 großen summa gelts in verdacht gerahten, je
409 2243 1434 2402 eingen ohnlängsten dem wihrten zu Groß
431 2330 1458 2482 sach stetten nächtliches weile beschehenen nahm
418 2418 1398 2560 hafftig diebstahl verbracht zu haben und
431 2509 1489 2648 dess vorgen auff beschehene anstalt zu Fraubbrun
397 2592 1455 2717 sung angehalten, folglich von daselbstigen
415 2665 1483 2811 herren landtvogt gebahrsamlich zu oberkeiten
415 2762 1465 2904 bandern allhero verstandt posterung und daselbsten
399 2847 1467 2992 zu verschiedenen malen erstwortig, dennoch ohne
401 2924 1362 3055 angelandte Marter diesers und mehreren
1374 2982 1432 3021 .
387 3010 1261 3139 diebstählen halben examiniert worden.
1356 3018 1439 3108 a
1261 3044 1337 3114 1
409 3075 1452 3232 daßelbe nachvolgende bekannt muß und vergicht
378 3185 567 3322 gelehren.
366 3310 1455 3494 Namblichen, daß wegen sehr großes erbitte
392 3438 1457 3573 drung wieder seines vatters Hanß Gesindt und
1118 3564 1213 3688 1
1666 448 1768 551 63
1731 534 2785 656 arfreundten es auff alle leiche und wagen gebrachtet
1746 637 2782 787 dieselbigen zu beledigen, maßen es vor mann
1747 725 2766 868 7 jahren innerhalb dreyer wucher zeits auß dem
1749 805 2790 950 Wy einger, todten am viel und erschiedlichen orten
2247 898 2358 1002 als
2162 929 2224 981 d
1753 884 2145 1038 denselben beraubet.
1753 1005 2800 1193 Erstlich dem Hanns Welchli Bauren im Wyl
1763 1107 2766 1268 by Wynigen und ell blauten halb bung 12 lb.
1748 1161 2778 1329 blau halb und ein tuch, 6. ungleicht schutz und
1822 1295 1927 1374 D 8.
2115 1269 2796 1423 seiner Tochtes 1. seine Jugen
1815 1325 2004 1435 siner
1753 1321 1805 1401 3.
1759 1344 2823 1507 und 1 schurtz und seinen magden 3 hender
1747 1416 2824 1597 1. Hans Schuhe und weiser Schauben s großschauben.
1752 1562 2790 1729 2. Dem keyas zu subigen oder deßen weiben
1762 1657 2787 1818 einen halb einigen rock, 2. welchend und bey
1752 1766 2301 1917 22. f. in gelt darinnen
1743 1873 2788 2055 3. Dem Ulrich Fridli auff dem bereitlichen e
1751 1983 2808 2139 Braun Luttli von Rattinen und in leinenen schultz
1742 2107 2845 2266 4. Diß Jacob Abind zu Wisselberg erleib 54 fl.
1766 2216 2756 2369 halb leinigen auchen und schlechte super 1 paar
1756 2293 2718 2446 büber strumen fr und in weißen seitschulte
1750 2408 2806 2557 5. Item umb gleiche zeit dem Ammann Gegster
1758 2497 2808 2635 zu Langenzahl ein schwartz halßstuch von Crespe
1760 2574 2527 2726 de papites und 1. Recht brust auch
1736 2665 2814 2830 von obigen diebstahlen wegen seye es damaler zu
1747 2755 2829 2905 burgvogt mit drey leüchiget gefangenschafft abge¬
1740 2849 2085 2967 gstrafft worden.
1898 2942 1926 3023 .
1749 2940 2824 3095 6. Habe es auch selbiges Zeit zu Friestigen Berg
1773 3041 2448 3170 verschiedene kleider entwendt.
1750 3129 2841 3285 Dieser samtliche diebstahl habe es tags da
1771 3216 2818 3360 die leüth auff der arbeit begriffen waren
1777 3307 1980 3429 verbracht.
2662 3358 2811 3471 seither
1758 3422 2852 3555 7. Vor etwann dreyen jahren habe es dem verstor
2685 3557 2824 3622 benen
