3024 4032
291 474 429 589 66
409 545 1434 676 Endtlichen habe es den Prore Pols einem
419 635 1424 788 Den besseit einem Jahr ein unehrlich kundts
426 722 1437 844 bekommen und daßelbe zu Grifft im spittahl
418 794 1464 952 zur Wacht gebohren, welches aber kurtz darauf
427 892 1005 1027 zu herren anbain gestorben.
349 1023 1435 1205 Wdit ein unßer allerseils gnedige
420 1133 1426 1303 herren und oberen sicht und Burgere
424 1241 1413 1371 als allhiesige hohe kundts oberkeit einer
426 1315 1431 1454 mits die von Maleficantin k und ange
415 1404 1446 1566 heute bekannt auß und vergicht mit aller ihren
427 1486 1420 1652 embständen in tochten betrachtung gezogen,
431 1595 1432 1732 und darauß, so viel erstelen, daß durch der
418 1658 1419 1815 egleichen fräfelhafft und diebische verbrechen
429 1751 1443 1903 die allgemeine sicherheit und luche ihres ange
408 1842 1441 1983 hörigen getreüter und ertahnen gehannet und
410 1938 1401 2064 verstöhret werden. Anderseits dann sich
393 2010 1427 2172 sschuldigster maßen erinneret dero zu abstraf
395 2105 1431 2254 fung dergleichen erbesse erachten von Gott dem
397 2199 1398 2349 aller höchsten Regentend ihnen andertraube,
376 2289 1389 2412 tene doch oberkeitlichen amts und daran
1194 2382 1369 2497 subens
396 2367 981 2527 hansen der pflichten he
390 2460 1437 2613 daran khin hochgedacht undere gnad ine herren
400 2550 1397 2694 und oberein bey ihrem eyden zu recht erkennt,
393 2635 743 2777 und gesprochen.
347 2728 1412 2893 daß dieser Otaleficantin Vorma au
403 2842 1429 2982 nechst empfehlung seiner armen seelen in die
381 2926 1472 3074 hand seiner erlosers etc. Dem scharpfflichter
395 3010 1450 3137 übergeben durch denselben obmans auff die
389 3076 1444 3230 gewohnliche richtstatt bhebunden und gefangen,
376 3177 1424 3332 geführt, daselbsten sein exempet und schrecken
371 3260 1369 3404 Anderen dergleichen Misßentächteren nach
360 3338 1427 3494 Lobe Statt Bern habendem hoch oberkeit.
373 3433 1436 3576 gewalt ihme mit dem schwert seinen haubt abge
1010 3541 1255 3665 schlossen
1643 440 1765 620 67
1732 576 2785 724 Abgeschlagen und nachwerts samb seinem leb
1753 657 2819 805 an das gewohnte verschmächte ort verscharret werden.
1742 769 1862 841 solle.
1732 822 2841 974 Actum coram 200 den 22ten und lacqui
1750 928 2571 1065 Den 23. septembris ao 1721
