3024 4032
292 409 432 504 48
448 425 1438 613 Last verscheinenen Sonnet sey er zu Rangen,
457 529 1425 689 nicht auch außgeschricht, gebracht zeichnet und
459 643 1417 752 bannisiert worden. Weilen mann ihne zu
477 697 1344 832 hart arm sichter am marit bey einichen
475 774 1437 904 entwendten effecten und verschiedenen diebs
459 848 1111 976 ugespahnen angetroffen habe.
452 940 1475 1098 unt Anagischeren habe er mit Hanns Zimmermann
454 1037 1444 1166 nachts einen fram laden auffgebrochen und
463 1115 1406 1260 mehr sachen entlandt, daß wegen er zu
439 1198 1440 1335 Freyburg angehalten, außgeschmeien und auch
442 1270 963 1401 gebrauchmannet worden.
432 1362 1380 1531 Über diß habe so noch zum sund vierzig
430 1472 1398 1605 diebstahl, darunter 4 t nächtliche ein bruch
429 1550 1383 1683 teilles einzig, weilles aber mit seinen diebs
418 1647 1356 1778 gespahnen verbringen helffen und darbey
428 1735 1436 1866 neben und erschiedlichen haußrechtlichen sachen,
424 1812 1426 1951 äßigen speisten und kleideren nach vernammen,
418 1894 1106 2026 sstelt sachen entwendet. Als
419 1982 818 2109 sach 8 s in gelt.
409 2072 843 2211 10. Ahrene Hafen.
425 2158 1142 2311 d. Kupfer keß, oder Hafen.
419 2274 1222 2407 3. Kübel 4 hafen mit Amber.
419 2366 936 2489 3. gantz steiten heit.
395 2443 1415 2598 Item alles fleisch von einem gantzen schwein
392 2536 1009 2672 ein gebendiger schaafft.
392 2620 901 2751 bey 6 gantzen lasen.
385 2704 1367 2855 sch 13 ell keinig Tuch und ein halb stuck
489 2788 812 2893 ab dem stuhl
382 2842 829 2985 bey 99 lb geen.
371 2934 1387 3075 und an dreyen orten Krämer, Laden auß
379 3016 1412 3158 geplünderet, darvon die waaren nahmhafft
370 3094 724 3213 geschäzt werden.
339 3178 1414 3316 kenstlichen seye er seit verlichenem herbst mit
356 3258 1409 3383 Anni Keller, das Mooser kung gehaßen umb
344 3324 1396 3446 hergezogen und habind mit einander unerlich
347 3393 1418 3530 gelebt, sie eheleüth, ohne, daß sie jemahlen cope
348 3470 700 3579 liert worden.
1623 417 1679 529 1
1699 409 1741 481 1.
1946 361 2501 494 Anna Köller
1736 457 2829 618 Schenkendt Ernstens Anna Stander die
1724 574 2780 711 Bester genannt Mooser, Anni deß ob dermellten
1727 657 2786 808 Strelers Tirnen, ist daselbe in seines vergicht
1730 742 2227 871 auch bekantlich worden.
2409 752 2834 892 Daß er zu Münster
1729 810 2810 939 auff dem marit einem mann ein alein steckelin
1729 916 2780 1053 darinen und 2 bz getrosten, auß dem busen ge
1901 991 1930 1049 B
1703 1007 2814 1131 gnommen. Und weilen nach ein anderend 14. trente
1720 1079 2756 1219 sols verlohren zu haben geklagt, obiges stebelin
1741 1180 2767 1298 dann bey ihme sich befunden. Als seye es und
1721 1236 2831 1392 das allern austi desßen auch beschuldiget und dahero
1721 1327 2794 1458 beide nach antern geführt, allwo es auß mang
1731 1400 2837 1562 der streiben dieser trente sols bekennt und deße wegen
1732 1489 2248 1629 außgeschmeizt worden.
1741 1587 2798 1728 vernach seye es nach wegen anderen diebstahlen,
1732 1682 2795 1812 die es im solttuhrner und mit erner gebiet
1726 1763 2824 1901 sie auch zu zur auch der schoff solenn, zu Schinen
1717 1829 2805 1964 rdt und auff den Rockhoff verwet, zum
1732 1919 2826 2053 anderen mahl zu Rutz von eingezogen, derent
1717 2007 2746 2139 gwegen auß geschmecht und gezeichnet worden.
1714 2092 2779 2272 So seye es zu Soltbuchen wegen verdacht einer
1693 2187 2818 2360 gestohlenen Ehrenen hafens auch mit Ruchten ge-
1707 2292 2078 2442 ostrichen worden
1699 2380 2830 2549 Deme seye es auch schonen allhier zu berat georden,
1709 2476 2842 2627 Mahl gefangen gewesen, habe aber alles erlangen,
1722 2557 2661 2707 dnet und dahero looß gelaßen worden.
1710 2630 2823 2814 Weiters seye es zu trannen an dem spranger
1716 2737 2851 2892 gestanden und zu burgsdorff mit der geigen
1714 2824 2550 2977 zur statt hinaußgeführt worden,
1711 2919 2857 3095 Endtlichen bekennte er annoch, daß mit und
1733 3026 2842 3174 neben seinen angegebenen diebs gespahnen es
1680 3105 2837 3232 drey mit viertigen diebstahl, darmit er 38
1720 3192 2785 3344 lächtliche einbruche verneben halsten, darbey
1727 3280 2858 3418 neben vielen und erschiedlichen haußrahtlichen
1726 3357 2844 3491 sachen leißigen speister und kleideren nachvol
1713 3432 2441 3571 igendes noch entwendet worden
2547 3439 2666 3562 als
