3024 4032
108 3311 568 3455 zu Betzmans Herr 63
185 3402 403 3486 N. N. 6.
72 3448 586 3578 Mit Hanns Zimmermann laß
310 3530 434 3594 ler.
287 331 451 490 160
695 364 1476 538 S Raubnus und Vermitt
600 503 1470 684 Uli Signters, an eine Wanns
644 634 1459 802 Ulli von Wolffshum bey Straßburg
965 726 1224 864 gbehelig
469 847 1470 1047 Als das Uli Regulis seines ab
630 977 1465 1108 ward von etwann ab biß 24 jahren
632 1065 1441 1207 von denen in verhafft sitzenden dieben
623 1160 1423 1309 Vieler diebs stucken impliciert zu
616 1249 1441 1389 seyn beschuldiget, daß wegen in der
618 1336 1480 1490 sach oberkeitt anbefohlenen angesuchung
617 1403 1462 1562 neben seiner schwöster und dem morstel
590 1502 1452 1661 alten entdeckt, behändiget und gebrachten,
605 1588 1450 1737 samlich zu oberkeiten anden allhero
605 1672 1446 1846 geführet, volglich von meinem hochge
606 1774 1455 1916 leten herren rahtsherren grotman
611 1880 1452 2020 wie auch ihro gn. Dieneren mentohlen
599 1966 1422 2112 Groß weibel und grichtschreiber den
596 2052 1431 2192 27 Januar 5. februarii 87.
607 2109 1436 2273 und 27. martii 19 tn aprilis
584 2233 1424 2372 A 132 t. hiemit zu verschiedenen
584 2316 1463 2455 mahlen examiniert worden, ohne einiche
589 2400 1475 2539 angewendte Marter etc. Hat dersel
586 2486 1451 2632 bige seine bekantnuß und vergicht
589 2591 1433 2742 dahin erteillt und von sich gegeben.
529 2678 1451 2824 Daß er mit und neben nachtermellten
574 2770 1425 2903 seinen diebst gespahnen an denen
565 2854 1455 2989 nach stelenden orten samenthafft st
543 2940 1429 3093 diebstahl, darinn er 11 ß nächtliche
567 3050 1382 3192 Einbruche habe verbringen helffen,
573 3132 905 3283 als Naml.
570 3260 1478 3443 Erstlich habe er vor ohngefehr drey Josen
929 3378 1001 3445 d
604 3379 1455 3512 stags zu Sellmund eine wollen zwilchen
599 3450 1430 3551 auß einer stuben entwendt, daß wegen
583 3502 1469 3664 er zu laß aus gefangen gelaßen und daselbst
585 3594 886 3726 außgebrochen.
1732 403 1847 490 17.
2153 362 2576 558 lli schuler.
2028 567 2860 701 Einige habe er vor etwann 22 Jahren
1613 565 1946 748 Hingereit
2061 654 2827 794 dem schul erst von kund erweil Jage
1662 672 2026 816 sel sey
2042 731 2831 869 n seiner handeren stuben einen zeugen
2030 808 2814 946 mit einem schrötlisten anzugesprengt
2030 894 2821 1039 und darauf wegen d d Gulden in gelt
2033 967 2230 1062 entwendt.
2003 1054 2844 1217 Damahlen habe so auch bey der kinden
1618 1087 1976 1252 Sy die anderen
2030 1169 2838 1276 hetreit Hoffingen tags auß einer
1660 1197 1900 1322 A 189.
2023 1231 2835 1357 stuben bey 20 l. zwilchen entwendt.
2029 1327 2847 1492 In gleichen zit habe er auch zu beit,
1655 1345 1973 1491 din seit aus
2012 1434 2863 1534 gnants Jars auß einer stuben, dan
1684 1462 1913 1591 sib
2023 1502 2856 1651 Er zur auß hinein gangenet s. ell bleibt
2017 1572 2871 1717 uns auch garn und ander zeug mit werde
2026 1662 2829 1787 seye aber, da er hinauß kommen von
2008 1730 2876 1864 zweyen manneren gewahret und ihme
2011 1819 2865 1966 nachgesagt worden, so daß er seinem
1992 1893 2861 2031 Raub außert obigem Tuch habt müßen
2015 1978 2396 2105 von sich wercken.
2014 2047 2864 2185 bald darauff sey er zu Soffingen ge
2003 2129 2872 2285 pfangen gestet und wegen vorinen dorten
1991 2219 2877 2372 diert schuber ausgeschweitzt und banni
2014 2315 2330 2432 dert worden.
1690 2374 1949 2495 Wichdorff
2042 2397 2856 2553 Anlang hernach habe er tags zu
1674 2479 2010 2607 hol. 3. fl. 25.
2027 2481 2895 2638 über wicht nach sich in eine stuben hinein
2016 2577 2889 2718 begeben, mit einem bieb einen frag
2017 2658 2865 2816 aufgesprengt und darauß einiche
2006 2740 2900 2873 Eserten entwendt, Ob dem diebstahl
2032 2827 2880 2965 aber erdappet, allhero in gefangen
1880 2840 2036 2979 sey er
2006 2907 2876 3064 gschafft gesagt, mit ruchten gesprechen
2024 2993 2835 3121 und gebrandmahlet, auch auß dem
1996 3080 2594 3195 land verwiesen worden.
2034 3185 2904 3324 Auch albaug ward zweyen jahren sey
1646 3159 1988 3350 zu hütt weil
2028 3267 2904 3405 ur Nachts zu huld weil zu ein eingen
1671 3303 1899 3421 R. 49.
2014 3343 2907 3486 ister Hinrich gestiegen, und habe auß
2035 3438 2818 3573 einem stübli 3 in pferbessel
2020 3513 2915 3658 Rubeli mit anken 2 lb garn und
2734 3622 2819 3692 eng
