3024 4032
157 3085 239 3205 2.
210 2048 289 2149 A.
328 422 429 551 s
437 466 1468 649 und biß auff erheb an solte Jahr alters anzeigen
431 589 1468 725 worden. Das da nachwerts auß Antrieb dero
430 664 1457 801 seinigen, welche ihns hefftig weidelang, daßelbe
424 746 1466 904 von nichtung und verschiedenen baubern in der
428 838 1460 978 Hemeind Wyningen und kilchberg als seinem an
410 922 1454 1078 verkandten übergeben müeßen, bey welchen
409 998 1364 1142 as greütlich best seiner vermögend gedienet.
392 1105 1449 1240 Weilet aber gedacht des Hemmand hauß gesindt
402 1198 1448 1336 und geferundte ihns immerhin verfolgeten und
392 1274 1452 1430 ihme verbieten laßen sich vorners in gesagten
391 1357 1466 1511 beiden gemeinden wenigen und kilchberg aus
385 1442 1458 1585 zu halten. Habe er große erbitterung wieder
403 1527 1451 1670 dieselbigen gefasßet und getrachtet auß alle
390 1619 1098 1753 weise und wagen sie zu beleydigen.
377 1710 1468 1871 Inmaßen es und etwann 1 jahren innerthalt
370 1802 1439 1972 Weeg wuchen seit auf dem wyninger, solten
376 1902 1440 2034 an wieder und erschiedlichen orten dieselben beraubt.
353 1994 1440 2206 Erstlich dem baderen im Wyl bey segnungen
370 2131 1436 2269 namens Hanns Wälchli bey deme es zwar ge
343 2205 1451 2354 Dienet, eint schont keine Suptig, welche des Heimann
346 2289 1435 2418 ihme vernen geben und es mit des tochter im
340 2372 1467 2511 Hauß vertauschet hatte und das darund versprochen
341 2455 1462 2589 Nachgelt nicht bekommen könnte, habe es auß sonder
319 2544 1441 2677 willen diesere jupen widerumb samt einem der
328 2623 1420 2763 tochtes gehörigten Schurtz, item den mucht ein drey
340 2702 1432 2831 sender 1 paar schuhe, 2. weiße schauben für
323 2780 1451 2914 Griß Schauber den Bauern selbst 3 ell blauten
339 2864 1469 3015 alblen aus l. blaut halb Landrig durch s unglichen
317 2941 1194 3092 Schurtz samt drey seinderen genommen.
299 3056 1393 3240 Dem Reges deß andachten Heimand sohn von
323 3178 1395 3332 hikingen oder deßen weib ein halb leinigen
307 3273 1392 3418 rott, zwey wullend und bey 1 lb in gelt
304 3351 484 3467 darin
1108 3474 1196 3579 5
1573 3168 1642 3271 8
1590 1030 1653 1105 5
1586 2221 1664 2317 4
1603 1493 1669 1585 6.
1594 427 1696 512 57
1606 501 1688 631 b.
1603 731 1676 842 4.
1713 453 2813 668 Dem morten heidli auff der beidtlichen in brauen kin
1729 565 2532 735 v von Rattins und in leineren schultz
1701 687 2803 896 Diß Jacob Abend zu Miselberg Erwerb d. 4. Es selb
1720 784 2800 967 leidig linße 2 schlechte zügen, stand neüwes
1701 868 2487 1042 strümpff und in wißen reitschurt
1687 966 2791 1189 dten umb gleiche mit dem Ammann zu Langetahn
1703 1093 2789 1254 ein schwartzen also sach von Crespes do sagtes und
1708 1172 2123 1321 1 nacht bei su
1718 1271 2805 1448 von diesen diebstahlen wegen seige es damalen das
1705 1373 2808 1538 lausen lang zu Burgsdorff in gefangenschafft geseßen
1712 1482 2790 1679 Denne habe es auch selbiges nit zu erinstigen, berg
1726 1565 2345 1715 verschieden kleider entwend
1705 1668 2801 1810 libige samtliche kleider habe es nach burg auf getragen
1706 1746 2840 1893 aller die meisten im fertob auff gangen, die übrigen
1696 1823 2737 1961 aber denen leüthen wildes zugestellt worden.
1699 1912 2801 2067 An welchen vorgeschriebenen gesamten boten es die
1693 2004 2805 2132 diebstähl haus, da die kaufen auff des arbeit be
1703 2077 2427 2213 gritten warten, verbracht habe.
1721 2213 2780 2376 vor etwan drey jahren habe er sich zwüschen tag
1718 2312 2782 2455 und nacht in deß seither verstorbenen, weibels zu
1703 2392 2767 2509 Langenfahl hauß  allda es als einem deßen
1711 2467 2828 2605 semanns verkandten auch bekannt ware verstekt,
1706 2558 2822 2704 und habe, da die lauth im Ersten schlaafen sich befangn
1708 2647 2812 2787 den, ihme dem weibel den schlüßel zu einem
1689 2733 2821 2868 btrags in welchem eine große menge gelt wart
1704 2817 2817 2959 auß den hafen genommen, solchen darmit geoffnet
1709 2893 2801 3037 und darauß bey 10 jahr in gelt entlandt, sich
1707 2979 2800 3123 darmit fort und in das weltschland nach in streten
1699 3066 2509 3193 begeben und an eine last verdinget.
1688 3166 2839 3338 Da nun diesers golt bald auffgehet, seye es nach
1720 3265 2833 3409 etwann einem stahr wiederumb nacher langemahl
1700 3353 2806 3499 gangen, und habe dem hievor gemelten ammann
1691 3433 2848 3581 Geysten als einem deß heimanns Gefreundten wo
1680 3519 2835 3675 selbst er sich ebenfahls in seinen hauß versteckt, das
2583 3617 2683 3711 de
2804 1536 2833 1610 .
2806 1883 2862 1969 8
2792 2107 2873 2228 9
2831 1308 2876 1356 e
2866 2768 2904 2819 e
