3024 4032
611 367 1127 524 Ballli gester
261 392 389 539 16
349 469 1465 645 Brittend ist Balthi draffner ab dem bethen
393 578 1418 726 bergen in seiner vergicht bekanntlich, daß vor
407 666 1441 801 etwelchen jahren er vogt zu Urtheinen in eine
398 739 1441 878 Stuben zum Conster hinein geschlaffen, mit einem
400 819 1462 964 Biel den frag auffgebrachen, darob erdappet
410 898 1464 1025 und desswegen in das Schallenwerck geschwirdet,
398 979 1474 1103 worden. Seye aber nach 14 tagen außgerißen.
384 1069 1423 1216 zu thun sache er gefangen gewesen liechen haben,
382 1154 1435 1289 pfenninger, so er allwegen fur dublonen ander
381 1228 1455 1371 10 oder mr herren tag geben, des vorgen er alldan
378 1314 759 1440 geschweigt worden.
376 1398 1417 1553 zu kantzburg seye er auch wegen solchen befraget
376 1491 1436 1636 mit den zahlpfenningen gefangen und getruben,
382 1568 616 1684 let worden.
352 1673 1428 1824 und etwann 3 jahren seye er zu deppligen bey
352 1764 1404 1898 stagen zu einem ernstes hinen gestiegen, habe
363 1844 1415 1962 auß einem ganterli (darzu er den schlüßel
362 1911 1429 2060 auch einem Laden gefunden bey eyliche Cronen
376 1995 1364 2129 in gelt genommen, seye aber darob ergrifen
358 2078 1436 2215 und deßentwegen abermahlen in das Schallenwert
343 2161 1432 2290 geschmiedet worden. Nach etwann 14 tagen aber
361 2244 1318 2381 wiederumb mit Ulli hieß auß gerißen.
328 2329 1428 2496 Eheweil kantzburg seye er mit einem anderen
343 2442 1417 2571 bey tage in eine stuben geschlaffen, allda er mit
347 2518 1433 2663 einem schrötlisen ein ganterli geöffnet und da
338 2590 1405 2740 drung gelt bekommen, ob der wacht aber erwütscht
340 2673 1397 2814 nach Lentzburg geführt, daselbst offentlich ge
322 2762 1427 2904 schweige und diß auff kraut gefergget worden,
328 2828 1428 2971 mit betreüten, sich alsobald fort und in das nieder
324 2910 686 3032 land ze machen.
318 2994 1395 3164 Selhero aber haben annach derseßig diebstahl
326 3085 1446 3241 darunter 26 nächtliche hebrucher mit zu sehen seiner
307 3179 1413 3310 angezeigten diebs gespahnen verneben, und
307 3264 1358 3389 darbey neben allerhand haußrahtlichen sachen
291 3315 1438 3462 Kleideren und äßigen schensten annoch nach beschriebene
311 3394 1039 3533 Effecten Rüttenden helfen.
1177 3434 1309 3530 Als
1621 397 1770 518 47
1758 446 2243 601 Mar 16 t. in gelt.
1759 582 2186 699 4. Ehrene Hafen.
1759 658 2224 781 2. Auch fr blatten.
1746 744 2606 900 5. nubeli und B. hafen mit anberg
1741 837 2797 1005 Das Fleisch von 2 gantzen schweinen und zuleg
1822 914 2271 1048 andere seitig erk
1743 1002 2127 1148 16. Großen kasten
1743 1092 2086 1224 50 lb garn
1750 1177 2380 1338 35 lb weysten und Glats.
1756 1277 2787 1408 und vierd kramero raden auß geplünderet,
1767 1376 2798 1516 darvon die waaren nahmhafft geschazt werden.
1744 1459 2818 1641 Kloblichen seye er Balthi Gassener seit geraumer
1768 1580 2802 1720 zeit mit dem Anni Zimmermann die rehte genant
1773 1663 2764 1803 umbler gezogen und habind mit eine anderen
1750 1742 2811 1886 gelebt wie ehrleüth, ohne, daß sie jemahlen sich
1763 1851 2356 1973 ehrlich ein stehnen lasßen.
2043 1957 2482 2126 Ulli Streler
1651 2021 2808 2291 Dirchen und Uli Regelts, sein
1767 2231 2838 2348 wannest Ulli bekanntlich, daß vor ohngefehr
1758 2311 2843 2430 dreüen er zu Boll mund sagt eine wellen zwilchen
1749 2381 2848 2520 entwendt, desswegen zu Klyd aus gefangen ge
1738 2462 2550 2596 etasten und daselbsten außgebrochen.
1759 2552 2868 2703 zu Trachselwald seye er auch wegen eines bey halb
1760 2641 2843 2785 wil begangenen diebstahls in verhafft getrosen
1757 2722 2611 2870 und daselbsten wieder auß gewißen.
1754 2830 2859 2980 10. Eingen seye er gleichfahls wegen dreyen
1774 2920 2860 3070 der Enden veruebten diebstallen in gefangen,
1754 3013 2879 3157 gschafft gesagt, auß geschmeitzt und bannisiert worden,
1749 3120 1857 3200 dorp
1765 3187 2874 3337 vor wann zwey und ein halb jahren, seit er zu Ober
1763 3275 2873 3419 wich frau, ob einem diebstall erwentscht, deßwegen
1764 3348 2870 3505 allhier zu Bernen eingesteckt, mit ruhten gestrichen,
1746 3434 2875 3587 gebrandmahlet und auß ihr gar landen werde
1747 3514 2108 3622 wiesen worden.
