3024 4032
164 191 289 319 96.
303 250 1414 436 Wisen worden, grad alsobald frey muchtig bekent
307 363 1424 536 daß dises das Jenige Schreiben seye, so Ihme vom
285 456 1410 649 Herren Gubernatoren vnd Comendanten de Bombellen
282 588 1435 726 dem herren Ambassaboren einhendigen ze machen, über
296 665 1369 817 geben worden, der inhalt aber deßelbigen seye
277 766 1421 922 Ihme ganz und gar nit bekant, habe solches worden
287 868 1403 1039 gesehen schreiben noch gehört läsen, man könne selbige
292 959 1400 1106 as nur eröfnen, wan man wolle, förchte sich ent
280 1049 1396 1222 daß dardurch einiches böse wider ihne werde an
269 1157 1345 1303 tag kommen, angesehen, er allein in befelch gehabt,
259 1250 1390 1402 selbiges an seine behörde zu übermachen und nit selbst
257 1354 1345 1494 zuubetragen, zu welchem vnd Er solches, weilen
239 1434 1382 1568 Die post bey seiner wider ankunfft in Vieis bereits
262 1549 1363 1673 Verreißet wäre, dem Billot übergeben, mit dem
252 1623 1376 1777 befelch, selbiges entweders auff die post ze thun, oder
264 1743 1384 1874 aber seinem brudern dem schiffman, so saltz führt
234 1847 1357 1958 und deßwegen offtmahls naher Solothurn fahrt, zu
256 1923 1353 2064 vberantworten, daß Er solches seiner behörd vber
239 2023 376 2113 gebe.
214 2099 1308 2261 Im übrigen bekente er zwar, daß bey seiner
238 2188 1312 2334 verhoffnemung, er mit seiner fr zu reden begehrt, und
219 2267 1318 2402 Ihro verdeutet habe, daß Sie seinem brudern der
234 2359 1362 2483 entloeders zu Iserten oder zu Solothurn sein werde
219 2452 1356 2548 und der seiner berests halben bald hier Bald dort
181 2502 1372 2641 sich befinde, disen seinen zustand zu wüßen machen sollen,
213 2589 1355 2725 seyer aber in wahrheit einzig und allein zu dem zlock
202 2684 1280 2812 Vnd vnd beschehen, damit Er sich alhar begeben, vnd
197 2769 1281 2897 sich seiner auch annemmen theye, Wie dan grad eben
174 2829 1303 2988 zu dem end seine elteren sich hier auch einfindend.
157 2959 1278 3155 Also jetz bescheibers examen den 6. julii 1706.
160 3115 1296 3232 Meghern den rahten vorgetragen und abgeläsen
165 3196 1307 3349 worden, habend Meyern die raht nit materi ge
172 3277 1284 3415 funden, Weiters an Ihne sehen ze laßen, sondern er¬
172 3373 1290 3505 kent, daß selbiger wider auff freyen fueß ge¬
150 3448 1308 3614 stelt, zuvor aber Ihme eine gute remonste an sein
1534 1505 1605 1609 11
2719 225 2860 346 37.
1636 281 2858 432 lieben, Handel vnd Mandel Einkünfftig also anzu¬
1639 395 2791 544 stellen, daß er nit ferners in Meghern ungnad
1637 478 2858 621 falle, dan sonsten Er nach verdienen mit harter straff
1633 567 2840 737 Wurde angesehen worden, erteilt werden. Im übrig
1625 654 2825 833 gegn aber disere seine enthaltung ihme an treibung
1612 745 2776 902 seines handwerks gantz ohnnachtheilig vnd ohn Ver¬
1596 841 2689 1022 weitlich sein solle. Acten 6. julii 1796.
1748 1134 2559 1355 arbara Im Hoff
1867 1310 2476 1424 von Ottmansingen
1629 1393 2843 1542 Ist krafft oberk erkantnus vom 26. augusti 1706.
1604 1497 2809 1592 Wegen Verschlagen wäsens ins Schallenwerk überge¬
1622 1592 1897 1694 ben worden.
1764 1728 2409 1906 Elsbeht Steiner
1843 1867 2358 2009 Von Oberweil
1601 1964 2833 2119 Ist wegen begangenen zweyten ehebruchs nach inhalt
1612 2069 2831 2202 gsatzes von Mahlen statt und land bannisiert worden.
1618 2152 2802 2288 Vnd das Vermag Oberter Erkantnus vom 30. Augusti
2606 2242 2770 2339 1906.
1750 2454 2326 2656 dn Stalli.
1797 2573 2177 2734 von Oberhaßli.
1563 2653 2746 2826 So zu mehrmahlen auß dem Schallenborgk entrißen, vnd
1579 2789 2732 2939 sich widermahlen mit diebstahl vergriffen. Ist trafft
1567 2860 2727 3009 Oberter Erkantnus vom 10. septembris 1706 wider
1582 2961 2711 3110 mahlen ins Schallenwerk mit ring vnd Kellen einge¬
1566 3041 2769 3171 schmidet worden, Vnd soll dapfer Zur arbeit ange¬
1567 3138 2415 3272 triben und wohl beobachtet werden.
1758 3292 2263 3427 Hans Stalder
1778 3397 1856 3475 von
1555 3459 2730 3542 Welcher Vnderschidliche geringe diebstahl begangen, Vnd mit
1570 3545 2748 3643 feuler getreübet, ist deßentwegen nach inhalt oberker er
1567 3598 2781 3686 kantnus vom 17. septembris 1700 auß gnad hin ins schallen
1546 3664 2195 3788 wert übergeben worden.
