3024 4032
145 185 297 312 104.
547 283 1121 445 Rudi Wäber
595 394 1046 554 von Mentzigken.
295 490 1431 701 Ist legen sammer eigensinnigkeit und nit bezahlung
299 610 1379 765 daß lieutenanten Hans Heinzer ohngeacht er
287 711 1373 842 des vermögens mit einem ring am halb ins
285 791 1395 939 Schallenwerk erkent worden, in so lang darin zu
300 894 1364 1031 Verbleiben, biß er sich eines beßeren besinnen
283 985 1372 1116 und seinen Creditonen vernüeglich auß bezalt
262 1083 1339 1213 haben wirdt. Acten 22. martii 1707.
503 1283 1219 1439 Jacques Frocus
515 1396 844 1497 Von
230 1505 1354 1646 Weilen er außgerißen, ist von Meysern, weilen
279 1599 1293 1724 er nit ein einheimbscher sondern ein refugierter
260 1660 1350 1805 mit keiner straff hier im Land angesehen, sondern
225 1770 1325 1910 zur eydlichen bamination erkent worden.
234 1851 978 1984 Acten 22. martii 1702.
472 2085 1126 2270 Friderich Kästli
370 2213 1207 2332 Von Luzelflue, sonsten auß dem
401 2301 1157 2436 Appenzeller Land gebürtig.
181 2397 1303 2594 Ist krafft oberkeitlicher erkantnus von 32
190 2533 1364 2675 Martii 1707 wegen außgegoßnen lasterworten
202 2639 388 2718 Wider
888 2633 1304 2745 derenthalb er auch
171 2700 1327 2847 durch sechs männer überzeüget worden, eydlich von
182 2812 1333 2952 statt und land bannisiert worden, den 2. aprilis 1787.
442 2966 1222 3133 Adam Wilhelm Hoffner.
189 3120 1218 3280 Ein Frömbder Luberischer Gast, so sich hier im
169 3224 1310 3364 Land deß Lehrens angemaßget vnd zu thun vill Ver¬
154 3316 1314 3462 wirrung angestelt. Ist zur eydlichen bannisation von
166 3378 1295 3517 statt und land erkent, auß verweigerung aber den
144 3464 1265 3605 eyd zu pressieren, mit commination, daß auf wider
2716 178 2874 295 105.
1635 258 2824 479 betraffung deß landt, er mit einer schmächlichen
1611 372 2815 512 lebestraff werde angesehen werden, durch die pro
1615 458 2771 628 fosen auff die Grentzen geführt worden. Alten.
1603 565 2253 732 Den 6. aprilis 1687.
1894 716 2391 898 Peter Glaser
1865 852 2316 995 von Langnaulo.
1594 951 2791 1128 Ist wegen schlichten sumbdens zum purgations
1625 1042 2848 1230 eydt nit admittiert und auf verweigeren, das ihne
1623 1132 2792 1279 zugesprochene kind anzunemmen und zu verpflegen
1635 1213 2846 1362 darüberhin eydlich von statt und land bannisiert worden,
1624 1313 2396 1446 den acten 22. aprilis 1707.
1867 1449 2503 1738 Barbara Byland
1880 1686 1970 1767 Von
1598 1762 2821 1885 Welche nit nur Jederman continuierlich guellen, Ihre
1625 1842 2772 1959 mittel verzehren, sondern auch sich vngebührlich ver¬
1578 1919 2806 2054 halten thut, ist auf scheinbahre beßerung hin in das
1600 1999 2770 2140 Schallenwerk erkent und übergeben worden. Acte
1603 2100 2023 2225 1. May 1707
1702 2298 2631 2460 Jucas Glauner der Weyß gerber
1741 2394 2732 2532 vnd Anna Maria Furner, seine Ehe verlobte
1836 2478 2201 2573 Burgere alhier
1572 2482 1873 2619 Sieder wagen.
1603 2597 2820 2720 fur ein monat lang vor das Burgeren, Zihl hinauß Ver¬
1598 2662 2571 2809 wisen worden. Acten 23. maii 1789.
1810 2854 2400 3010 Rudi Schurer
1875 2962 2286 3075 von Bargen.
1569 3027 2714 3191 Ist wegen muhtwilligen tröhlens, vnd daß Er hievor
1583 3126 2711 3247 deß Schallenwerts eigengloeltig außgewichen, zu wohl
1585 3220 2726 3323 Verdienter straff widerumb ins Schallenwerk, umb
1578 3299 2767 3415 alda biß auff scheinbahre beßerung enthalten ze werden,
2424 3367 2531 3424 rkent,
1591 3379 2766 3510 und zwar mit einem jung zu bergeben worden. Alten.
1587 3466 1919 3566 25. junii 1789.
1569 3524 2782 3634 Den 28. junii 1787. ist auff sein anhalten, er diser erkenten schallen
1585 3601 2783 3674 werks straff erlaßen und dargegen in kriegsdienst under irn haubt-
1588 3656 2740 3764 man von Erlach übergeben worden, Vermög Nachts Erkantnus von
1585 3707 1695 3764 20. st
