3024 4032
119 108 272 277 94
366 357 1226 586 Dauid Jarnen.
365 549 1326 736 Gebuhrtig von Espantaires hinder Pferten,
390 650 1210 802 Dißmahlen zu Visis sich aufhaltend.
230 813 1416 1022 Cachdeme selbiger wegen eines vom herren Landvogten
247 906 1415 1059 zu Iherten alhargeschicken gwüßen verschloßenen Schreiben
257 1005 1381 1146 lich zimblich Weitansehender Vnd gefahrlicher Weder¬
258 1108 1402 1240 nemungen verdächtig gemacht, Vnd darüberhin auß Ober¬
254 1177 1383 1334 keitlichem befelch durch herren landtvogten von Crition
250 1277 1373 1412 gewahrsamblich alhar in gefangenschafft gebracht, vnd an¬
237 1380 1385 1509 fengklich durch mehlohen der recrum cammer examiniert
211 1454 1347 1613 Hernach aber die Verrichtung deß Berneren examens
220 1561 1382 1698 Mishlen heimblicheren wurstenbergeren aufgetragen.
628 1651 1344 1763 Ist zu vollstretung oberthe den
222 1630 437 1763 pendig,
223 1714 1349 1875 felchs durch Jetzgedachten Mehllen heimblicheren mit
220 1818 1340 1955 zuthun er gel dieneren hin großweibel Borsets
230 1909 1314 2046 Vnd deß Grichtschreibers den 5. July 1706. drohen in
187 1991 1313 2132 Der gefangenschafft über Jenige sachen derenthalb Er in
202 2099 1340 2237 Verdacht gefallen gantz ernstloortig examiniert vnd
166 2167 1343 2324 Darüberhin nachfolgendes auß ihme gebracht worden.
171 2288 1361 2422 Namblichen Vnd Furs Erste. Seinen auffenthalt
168 2371 1331 2504 Wie auch seine Vnd seiner Bruederen begangenschafft
174 2455 1350 2581 betreffend, so sagte er, daß es bereits in den jahr
150 2539 1337 2655 daß er von Iserten wegg, und naher essertenes ge¬
178 2625 1345 2751 zogen, und daselbsten biß vast den gantzen vergange,
193 2710 1243 2839 nen Pinter durch sich aufgehalten, von dannen
162 2786 1307 2915 aber vnd zwar in schlaußendem Jahr naher Vnser
166 2880 1104 3007 sich begeben, allwo er mit seiner hand arbeit
385 2965 1257 3094 sich sambt scheib vnd Kind ernehrt, vnd
1255 3009 1286 3058 .
115 3032 1232 3178 daselbsten sich gantz Vnklagbahr verhalten habe.
108 3140 1316 3280 seine Brueder dan, deren er zween, halbind sich auff
144 3227 1274 3346 zu Iserten, der Einte, so Franzosis Lauths heiße
139 3306 1325 3422 seye ein schiffman führe mit seinen schiffen mehren saltz
104 3402 986 3539 Vnd thut darmit sein leben gekommen.
2670 277 2825 352 35
1620 297 2785 508 Zum Anderen, ansehend dan bey Ihme gefundenen vom
1644 431 2734 551 comendanten im Cablais underschribnen und bezigleten
1643 491 2813 631 Warbungs Patenten. Darüber hat er nachfolgende be¬
1650 578 2753 713 ekantnuß gethan, namblichen, als er von seinem brudern
1658 660 2809 784 Commission empfangen, ze schaulden, wie er etwan einichen
1629 732 2822 854 Haaber anbringen und verkauffen möge, und zu solchem
1652 802 2818 919 vnd sich ins Sastor begeben, seye er daselbsten ange¬
1643 879 2823 983 halten und für einen spionen genommen und von einer wacht
1625 949 2839 1086 zur anderen biß nach Evian, also hr. Damonlin der vatter
1615 1024 2800 1141 Krußman zu Viris Ihne in solchem zustand gesehen, vnd von
1632 1097 2796 1226 dar entlichen auf Sionon geführt, und für den Guber
1628 1177 2746 1307 natoren und commendanten hern der bombelles gestelt
1613 1246 2818 1404 worden. Aldorten habe man ihne betreüwet, ihn auff
1625 1330 2763 1482 Die Galeren zu verschiken, vnd zweigen wollen, dienst
1616 1416 2830 1542 zu nemmen, entlichen aber auf seine villfaltigen entschuldigungen
1635 1483 2747 1610 Vnd anzeigen, daß Er weib vnd Kind habe, Ihne be¬
1616 1540 2763 1687 fragt, ob nit vill rodeurs im Bernbiet seyen, und auff
1590 1646 2800 1789 sein bejahen, Ihme bedeütet, daß, so Er einiche zuze¬
1614 1738 2799 1889 fahren versprechen werde, Er widerumb loosgelaßen,
1608 1824 2798 1953 werden solle, damit er nun auß solch gefährlichem zu¬
1618 1924 2729 2046 stand sich reißen könne, habe er die Commission Vnd
1612 2010 2763 2129 Patenter vom herren de Bombelles angenommen, worüber
1611 2095 2818 2216 Er loosgelaßen, Vnd weilen man Ihme lange Zeit nichts
1605 2181 2737 2312 Zueßen geben, Ihme einen halben thaler, Vmb darmit
1588 2263 2773 2415 descunteren zukommen dargeworffen worden: Anbey
1594 2352 2788 2502 aber thate Er sich betheuren, daß Er darmit keinen
1617 2456 2741 2580 einichen mann gemacht noch engagiert, ja nur niemahlen
1557 2530 2745 2668 Disere Commission zuerfellen in gedanten gehabt, auch
1595 2630 2801 2761 einiches gelt hierzu nicht empfangen habe, vnd wan
1603 2715 2810 2852 man auff Ihne werde bringen können, daß Er einichen
1602 2812 2787 2915 mentschen darmit engagiert oder enrolliert, so solle
1603 2906 2787 3032 man ihme nur mit schönen, sondern einen todt anthun,
1573 2974 2752 3113 den man immer wolle, habe zwar darin gefahlt
1570 3073 2787 3197 daß er die patenten bey seiner rukkunfft dem herren
1556 3159 2752 3294 Landvogten nit vorgeleisen vnd eingehendiget, batte aber
1585 3243 2742 3383 eine gnädige Oberkeit deßentwegen vmb gnad vnd
1569 3328 1856 3470 Verzeichung.
1479 3438 2747 3619 Was dan drittens den von Iserten alhargeschicken an
1573 3539 2776 3675 frantzeln herren Ambassadonen gestelten, vnd verschlahen
1564 3638 2750 3738 nen brieff betrifft, so hat Er, als Ihme selbiger Vorge¬
