3024 4032
167 198 276 307 120
376 279 1464 449 ob der sobs ihns und seinen vatter am zweyten ort
328 299 366 377 9
354 379 1466 546 ohn herrinschlagenderholtzli auch bey einanderen, ange¬
362 459 662 579 troffen habe.
321 578 1446 734 S. Ja, und damahls habe Er zu Ihnen geredt, vnd die
343 697 1454 850 Von einanderen than, Ihme auch gesagt, es solle furt gahn.
272 824 1430 981 E ob sie damahls nit auch bey einanderen am boden,
345 925 542 1044 gelagen.
281 1037 1389 1182 E. Der Vatter zeige Ihns zwar inderzogen, doch aber
343 1121 1451 1263 seyen Sie nunnen so geholet, vnd wohlet, Vnd weil eine erl
308 1210 1447 1341 dort gsin, vnd der Nopß nahen kommen, seyen Sie hurtig
326 1313 749 1433 wider aufgestanden,
280 1412 1468 1590 Worumb ein Vatter damahls zering vber Ihns gsin seye
312 1548 1458 1687 E. Es meine daß Er darumb sohn über Ihns gsin seye, weil
321 1650 1339 1766 es von Ihm weggeloffen, vnd nit warten wollen.
312 1753 1402 1888 d. Ob nit auch am dritten ort bey der Lindachmahlen
329 1851 1420 1957 sein Vatter Ihns entblößt, vnehrbahrlich an heimblichen
316 1944 1413 2054 Orten Ihns betastet, Ja auch dergleichen gethan habe, als
304 2009 939 2118 wan er Ihns beschlaffen wolte.
268 2083 1307 2251 R. wohl, aber sie habind doch nüt anders gethan.
279 2194 1240 2357 2. Ob daselbsten Jehmand Sie gesehen habe.
292 2325 489 2441 Clein.
258 2399 1181 2560 Eds solches alles deß tags geschehen seye?
277 2533 1409 2646 E. Solches alles seye am Tag geschehen, als verschinenen
289 2625 1428 2708 herbst an einem sambstag es mit seinem vatter von Bern
305 2693 1382 2809 naher hauß gehen wollen, vnd der Vatter seye damah
294 2766 565 2875 trunken gsin.
279 2853 1441 3006 Ob nit auch zu einer anderen zeit und an einem anderen nit,
300 2961 1405 3074 Sie dergleichen Vnehrbahre sachen mehr begangen habind.
244 3049 1421 3189 E. Wohl an einem Sontag hernach, als Sie von Buchste auß
288 3147 1408 3264 Der predig kommen, habe auf dem heimbtag bey einer
279 3214 1391 3342 buchen sein Vatter Ihns nidergezogen, den pryßuestel zer¬
291 3317 1413 3408 rißen, Vnd auch entblößt, es seye aber der Vatters zumahls
280 3385 632 3485 auch erimben gsin.
219 3461 1415 3592 B. Ob damahls sie einzig oder aber demand darbey g, in
253 3540 758 3662 und darzu kommen seye.
226 3574 258 3638 1
2842 138 2939 201 124
1632 231 2960 454 R. Sein Muter seye darbey ohnn, Vnd auch der Maria
1700 344 2930 555 Schiffman knecht und magd auf sein schreyen darzu
1685 505 1860 603 kommen.
1654 568 2939 758 Ob die muter nit abgewehrt und darzu geredt habe.
1732 699 2935 867 Wohl die Muter zeige lang an vatter zogen vnd zehrt.
1618 807 1711 905 2
1628 865 2942 1057 ob der vatter nit übel geschworen und gesagt habe, es
1695 974 2171 1105 mueße Ihm volgen.
1729 1050 2237 1204 Ia solches seye wahr.
1634 1094 1724 1216 R
1627 1189 2903 1352 d ob sein vatter damahls nit auch entblößt gsin seye.
1649 1311 2931 1464 e. Es lauft einmahl nit, daß er entblößt gsin seye, wan
1689 1394 2875 1540 es solches sagte, wurde es wider sein gelaßen reden.
1620 1511 2895 1660 2. Ob nit noch zuvor oder hernach an anderen orten oder
1683 1601 2939 1708 zu anderen Zeiten mehr, dergleichen Vnerhrbahre schand¬
1680 1679 2949 1793 liche sachen sein Vatter vnd es mit einanderen Verubt habind
1645 1774 2492 1911 anein gar niemahlen sein leben lang nit.
1635 1885 2937 2054 Dob dan nit auch sein vatter ihre ein fürbuch abzogen habe.
1616 2024 2892 2157 F. Wohl, aber solches seye am Sontag bey der Buchen
1659 2118 1888 2218 geschehen.
1622 2252 2829 2382 Hierauß hin ist ihme krefftig vorgestellet worden,
1679 2340 2889 2456 weilen jetz gehörter maßen, so an Vihlen vnd Ander¬
1676 2425 2922 2505 schidlichen orten sein vatter nit nur mit worten, sonder
1674 2497 2883 2609 mit werden, als mit vnehrbahrem laßen, vnd schand¬
1665 2583 2880 2704 lichen betastungen vnd beschauldungen vnd dergleichen
1669 2653 2908 2788 an Ihns gesetzet, so mueße man nohtwendig glauben
1653 2752 2903 2859 daß noch andere Vnehrbahre Wert mehr Vorgangen
1644 2798 2900 2950 seyen, solle also Gott die Ehre geben, Vnd die Wahr
1665 2894 2909 3024 heit nit verhalten, sonderen rund sagen, ob sein vatter
1673 2976 2865 3125 nit auch sich in so weit vergeßen, daß er Ihns
1674 3064 2344 3202 würklichen beschlaßen habe.
1596 3166 1677 3262 R.
1687 3167 2841 3317 Nein, es seye gar mit anders, als was es gesagt,
1647 3256 1965 3385 Vorgangen.
1553 3347 2902 3509 Z. Worumb es dan am Erst, ander, dritt vnd Vierten
1648 3443 2791 3589 ort uff den boden nidergelegen, sich auf deren vnd
1665 3532 2875 3655 entblößen laßen, Ja der Vatter in solche postur,
