3024 4032
160 182 267 270 12.
273 264 1420 386 so ihme einen solchen starcken streich noch auf dem
254 345 1417 484 Kopf geben, daß er schier von Sinnen kommen, darauf
255 426 1449 552 er die Lauben ab, vnd einiche in der Lauben, andere
252 527 1404 645 aber auf der gaßen ihme nachgeloffen, biß zum
249 602 1439 749 gäßli, durch welches er hindurch, vnd die gaßen
254 691 1487 854 bey dem Hinderen halcken ob biß under die Gerbern
241 763 1454 891 lauben geflochen. Weilen ihm aber wegen deß
249 862 1446 1003 starcken und langen lauffens angefangen der athen
218 954 1452 1109 zufählen, auch der Zeige, so Ihme nachgesetzt, Ihme
252 1042 1407 1202 eine stich geben (welchen er in seinem Cassaggen
1404 1089 1494 1175 e
252 1130 1454 1295 und oldten, ermel zuzeigen praetendirt und seinem
205 1238 1437 1381 Vorgeben nach, ein wenig die Haut geschurpfft haben
209 1319 1421 1476 soll habe er daselbsten den unglükhafftigen stoß ge-
224 1402 1432 1535 than, und darauf grad wider zuruck hinder dem
237 1499 1490 1646 Falcken und die Schauplatz, gaßen hinauf zum Christofel
224 1592 1455 1750 thor auß dem Hirtzen graben nach und zum Goletmaß
225 1700 1461 1836 gaßen, thor eingeloßen, vnd sich an die Brunngaß
216 1781 1432 1934 in Madame Rieck seiner Sante Hauß begeben,
222 1879 1428 2038 dann er sich nicht zu seinem Vatter Verfügen dorffen,
207 1994 1412 2139 Weilen erselbigen tag seinem befelch zu wider
217 2084 600 2194 nicht verreißet.
204 2150 1437 2327 Bey dieser seiner Fante nun habe er in gegen
201 2264 1356 2374 gwahrt der Mademoiselle Petitand und
1353 2330 1386 2360 .
205 2347 1356 2509 Menon, die solches Zeugen können, die
213 2455 1456 2597 Löcher vernant, so ihme in seinen strumpf gestach
190 2550 1361 2677 worden, Volgenden mitwochen oder donnstag
196 2632 1412 2785 darauf, weilen er vernommen, daß Mihr groß¬
174 2736 1458 2834 weibel ihne bey allen thören der wacht consignirt
193 2821 1378 2957 seye er abends zwüschen drey vnd Vier Vhren
202 2923 1463 3081 in weltschen weibs kleideren mit einer requine
189 3026 1437 3155 auf dem haubt und einen blauwen jupon ange-
192 3118 1385 3271 than zum Marzichli thor hinauß kommen. Seith
196 3201 1391 3355 begangener that nun seye er ohngefehrdtt.
182 3309 1406 3444 tag von hiesiger Statt weg gsin, vnd zu erst
179 3424 1344 3558 auf Freÿburg gereißt, alda er wegen seines
154 3518 1356 3675 vatters bey einem gewüßen herren buchtrucker
1171 3660 1421 3772 duentz etc.
1443 2203 1495 2300 n
1539 173 1635 297 13.
1640 114 2948 359 einiche geschäffte zu verrichten begeben gehabt,
1625 172 2953 448 von dannen habe er sich auf Petterlingen begeben
1628 309 2927 529 da er am sonntag morgendts die predigt ange
1656 396 2947 643 hordt nachwerts auf laudanne kommen, da er
1653 513 2960 723 dann alsobald zu herren glacquis gang und von wegen
1655 594 2985 806 seines Vatters nach einem gelaußen her Vocillaume
1664 689 2956 912 geschickt und demselben eine bezahlung abgeforden,
1662 784 2982 1021 iret, auf Verweigeren aber denselben darumb recht,
1670 902 2973 1087 zlich ersuchen wollen, zu dem End schon einiche Actu¬
1679 996 2937 1184 wider gedachten Vovillaume verfertigen laßen
1670 1065 2936 1279 Vnd zwar solches alles habe er auß befelch seines
1672 1225 2909 1361 Vatters verrichtet, welcher Ihme schon vor der
1654 1285 2991 1464 unglücklichen that befohlen gehabt, der ohrten hinzu
1667 1394 2978 1538 reißen, vnd seine sachen zutreiben. Im übrigen
1671 1466 2936 1657 seye er niemahlen willens gsin, sich gentzlichen
1678 1582 2932 1748 von Meyhen Landen hinwegg zu begeben, sonderen
1670 1677 2934 1849 habe sich an einen nechstgelegenen Ohrt aufge¬
1681 1779 2899 1941 halten, da er wohl gewüßt, daß Meyhe
1684 1893 2912 2035 Ihne mit einem einzigen Vort wider haben
1696 2018 1884 2109 könten.
1706 2094 2960 2256 Hierauf ward ihme Lauaranne ernstlich
1573 2208 2908 2342 Vorgehalten, was maßen er in seiner diß
1693 2278 2932 2399 mahligen bekantnuß solche sachen angebracht
1679 2391 2984 2523 Dieder wahrheit gäntzlich zu wider seyen, angezech
1705 2492 2964 2615 von denen Vier obgedachten Kerlen so Handtwercks
1706 2575 2927 2703 burste gewesen keiner einichen wegen bey sich
1691 2664 2990 2813 gehabt, dardurch er hatte cessirt werden können
1695 2763 2974 2904 derowegen, wann er bey Gott vnd der hochen
1698 2876 2933 2997 oberkeit gnad zuerlangen begehre, muße
1725 2978 2946 3123 er die Wahrheit aufrichtig vnd bloß bekennen
1697 3084 2992 3203 Worauf er Lauaranne nochmahlen steck be¬
1708 3181 2967 3322 harret und bey dem allwüßenden Gott hoch
1718 3293 2960 3437 betheüret, daß er zu erst gestohen worden, vnd
1713 3394 2960 3533 schon etliche starcke streich bekommen, ehe erden
1716 3485 2904 3636 ersten stoß gethan und den einten olessirt
2710 3637 2970 3741 gehabt.
