3024 4032
566 423 1128 594 Johannes Got
504 538 1327 704 Der schloßer von Burgeord
384 706 1420 877 Ist vermoge Oberten befelchs wegen Versan¬
418 821 1441 947 mung eines an mehllen die Bädischen ehren,
415 911 1429 1043 gesandten adressierten Obert. Schreibens
408 994 1421 1131 durch meinen hochgeehrten herren stattschrei
403 1078 1436 1225 bern rodt, zulohlen großweibel derset
412 1165 1402 1308 Vnd den Grichtschreibern anfengklich den
403 1275 1392 1410 527 Septembris 1708. nur ernstlortlich,
365 1353 1390 1497 Hernach aber den 7. dito auch mit treüw
391 1465 1377 1576 Vnd zeigung der marter examiniert
408 1540 1401 1683 Vnd darüberhin nach folgende bekantnuß
387 1635 1417 1768 Vnd Vergicht auß Ihme gebracht worden,
368 1724 1388 1867 Namblichen, daß, als er das Oberke
374 1814 1420 1947 Schreiben ohngefahr vmb funst vnd ein halbe
378 1900 1413 2044 uhr deß abendts zu Burgdorff in gegen
356 1990 1425 2130 wahrt deß hermischen Leüßers empfangen
339 2094 1381 2243 habe er sich darmit grad alsobald auf
329 2202 1411 2306 den wägen biß naher Riedweil begeben, allwo er
327 2260 1408 2401 zley Vierteli getrunken, vnd wie Er darüber hin
339 2354 1425 2483 sich wider auf den mag gemacht, der wein aber ihme
341 2423 1442 2563 in Kopff kommen, seye er ein wenig Vnderhalb Riedtora
352 2516 1360 2642 uber eine stapfen gefallen, alsobald aber wider
325 2594 1407 2709 aufgestanden, und sich weiters hinab biß ein wenig
312 2667 1395 2804 Vnderhalb Bleyenbach begeben, Vnd da Ihme da¬
313 2755 1399 2868 selbsten der Mein vnd rausch vmb etlaas auß dem
310 2825 1406 2966 Ware, habe er schauten wollen, wo das Ober
315 2908 1355 3052 keitl. Schreiben seye, als Er aber solches nit
309 2979 1408 3133 finden können, vnd Ihme die gedanken eingefallen
280 3075 1404 3213 daß selbiges an dem ort, da er über die stapfen
292 3158 1398 3308 gefallen ihme auß der täschen kommen sein müeßen
253 3250 1396 3373 habe Er sich wider zuruk begeben, Vnd das Schrei¬
271 3334 1381 3472 bey bey gemelten stapfen am zehn ligend gefun¬
277 3431 1400 3551 den, selbiges in die Täschen gestoßen, Vnd weilen
265 3514 1409 3640 Er sich in etliche stund versaumbt, und sich geforchtet,
2681 288 2796 417 160
1629 373 2666 543 daß es Ihme daß wegen übel gehen werde
2704 421 2771 521 sich
2716 510 2776 614 le
1709 486 2677 618 lider zuret naher Burgdorff begeben, alles
1673 567 2808 692 das schreiben auß der täschen genommen zusamen
1692 648 2785 766 gelegt, auch mit einem zleirnfaden gebunden in
1695 720 2800 826 den vorderen hosensak gestoßen, Vnd darinnen in
1676 807 2757 936 hehen tag lang behalten, inzlouschen aber und
1682 874 2770 1010 nachdeme er die nachgehendere Post verrichtet
1691 936 2849 1097 und wider zurukkommen, habe er sich auß forcht
1688 1043 2746 1162 fortgemacht und naher zloeysimmen zu seinem
1687 1121 2833 1251 Schlager sich begeben, underlangs aber sich nider
1682 1204 2761 1326 gesetzet und eine Pfeysten mit tabal genommen, und
1665 1304 2818 1429 daselbsten das Oberte Schreiben, weilen der Glarn,
1671 1390 2838 1500 faden alzeit abgangen und ein Boldster im sak geben,
1665 1472 2821 1585 herfürgezogen, das außere papyr aufgethan, den
1671 1568 2796 1704 patfaden, wormit das oberter schreiben und das
1682 1642 2825 1748 memorial zusamen bunden waren, abgezogen und
1665 1745 2843 1837 darmit diß oberthe schreiben und memorial beßer
1684 1819 2763 1946 zusamen gebunden, damit es ihne im Hosensat
1681 1911 2849 2013 desto minder irre: Vnd wie noch etlichen Tagen
1684 1989 2795 2127 Er sonder zurück naher Burgdorff kommen, habe
1682 2091 2833 2216 Er dises Schreiben auß dem Sak genommen, Vnd solches
1681 2164 2830 2299 in seinem Sommerheußlin in einen blat gestetet, da¬
1682 2253 2842 2381 mit es niemand sehen und finden könne, Grad daruff
1658 2336 2798 2469 seye er wegen eines entwendten Kanlins zu Burg
1665 2423 2797 2561 dorff eingesetzt worden, da man aber ihne auf ein
1661 2512 2843 2643 glübd wider losgelaßen und der wächter im schloß
1672 2611 2837 2729 Bald darauffhin wider kommen, ihne gesucht und er
1665 2692 2839 2822 selbigen Vor seinem hauß gesehen, habe Er darüber,
1638 2769 2823 2917 Im sich widerfort nacher Solothurn und von dort
1674 2866 2776 2989 naher Basel begeben, vnd da er wider
1666 2956 2815 3095 naher hauß gekehrt, seye er in dißmahligen ver
1643 3051 2210 3205 hafft gezogen worden.
1602 3145 2846 3313 ingegen aber hat er sol imerhin strist gelaugnet,
1653 3255 2833 3374 Vnd ist vest darauf verharret, daß Niemand ohne
1627 3321 2843 3444 hierzu angewisen, auch mit niemandem weder vor noch
1656 3404 2800 3535 nach der Versaumbnuß disers Schreibens, darvon
1626 3489 2740 3633 geredt, sonderlichen, daß selbiges gar
