3024 4032
209 190 333 280 22
345 182 1453 361 bey holen Mandschein an der Schauplatz
333 311 1457 431 gaßen bey einander gestanden, und einem
346 403 1455 539 hochzeit zugesehen, habend sie nit weit von ihnen
348 484 1477 611 ihrer l starck mit einanderen reden gehört und
291 588 1380 719 Vermeint, daß sie streittig seÿen, Wie nun
328 656 1400 798 diesere l nacher herzu kommen, habend die
303 743 1465 861 gesehen, daß es der cauaranne und der
294 825 1472 964 Samuel Babarii gewesen, welche sich beÿ
286 940 1455 1037 ihnen besonenten etwas gestelt, da haben
291 1004 1454 1156 der cauaranne mit der hand seinen hut in
288 1091 1472 1224 kopf gestützt und grausam geschworen, under
286 1191 1406 1328 anderen diese wort gesagt ferne Sacre
285 1291 1439 1410 Diea Worauf sie ihm abgewehrt, er
292 1380 1427 1513 aber vortgefahren vnd gesagt, er seye von
260 1475 1472 1641 zeit gloggenthurn bis anhero einem nachgangen
280 1576 1419 1674 allein es seye der lätze und das wäre ein
267 1663 1443 1810 ohrt sich herumb zu schlagen, weilen wenig leüth
274 1765 1424 1890 vmb den weg, Nach dieser begebenheit seye
261 1844 1425 1994 der Cauaranne eine kleine halb stund her
257 1936 1460 2083 nach den wegen unaußgezogen bey dem
252 2037 1322 2161 saignet haltend, in Vollen lauff die
1336 2095 1402 2140 .
258 2130 1419 2280 Schauplatz gaßen hinaufgesprungen, welchen
265 2231 1418 2358 die beide gezeüg gesehen und gekent. Im
261 2316 1415 2455 übrig habe damahlen der Cadaranne
264 2402 922 2555 einen guten Rausch gehabt.
359 2496 1387 2665 mr Kupfer deß Kantengiessers
408 2610 1352 2757 Ehefrauw zeügete den 6. januarii
729 2685 957 2800 1706.
198 2716 1419 2917 Daß als die sontag den 27. decembris ver
228 2864 1437 2988 wichenen Jahrs nach dem Nachteßen ohngefehrd
226 2950 1409 3075 umb halben siben, mit ihrem mann die statt
222 3043 1436 3186 hinaufgspatziert und grad ob dem Goßlin
221 3132 1410 3285 bey deß herren landvogt Guders hauß sich
225 3234 1387 3400 befunden, habe sie ein geschrey und leüth
216 3323 1454 3485 die lauben hinender lauffen gehört, derowegen
210 3436 1417 3546 sie still gestanden und gehört, daß einer ge
206 3529 1302 3678 schrauwen heit den schelmen er hat auch
1173 3683 1394 3818 gestoch
1625 233 1762 336 23.
1683 275 2927 411 gestochen. Da seye der vorderste, so ein dancken
1670 368 2906 497 les Kleid angehabt, starck neben ihro vorbey
1652 463 2913 599 geloffen und gleich ein par Häuser, weit davon
1665 569 2859 699 seye ein anderer, so dem ersten nachgesehe
1676 649 2875 810 auch neben Ihr vorbey geloffen, welcher die
1663 758 2908 901 Hand hart an der seithen auf die Ruppe truckend
1655 857 2924 1003 gehabt, und habend sich diese Burst samtlich durch
1664 946 2891 1099 das anzull-gäßlin begeben. Weilen nun
1641 1064 2808 1201 ihr mann und sie nit gewußt, was dieses
1665 1160 2812 1288 wesen und gelauff zu bedeüten, noch was
1655 1256 2868 1405 droben bey der Refi vorgangen, seyend sie
1638 1349 2873 1501 vollends die lauben aufgspatziert, dieses habe
1646 1460 2624 1618 sich bey heiterem mand schein zugetragen,
1684 1588 2800 1736 Den 22. januarii 1706 ist durch mr
1708 1686 2855 1829 Kupfers Ehefraulden diese Ihre den 6. dito
1675 1775 2890 1938 gethane aussang vor m herren examinatoren
1667 1876 2905 2035 in gegenwart deß Lauaranne widerhalt
1676 1965 2904 2120 und von mr Kupfer ihrem ehemann durch aus
1680 2074 2201 2221 bestättiget worden.
1646 2180 2849 2314 Dito ist auch mr Lutstorff der tischmacher
1707 2295 2858 2406 legen einichen berichts, so er von dem ab¬
1693 2368 2895 2499 geleibten tischmacher gsellen in der schul ver
1693 2462 2903 2592 genommen durch mehren examinatoren verhört
1697 2558 2768 2683 worden, welcher hierauf Volgende
1977 2643 2565 2789 außgang gethan.
1643 2668 2919 2867 Als er Gezeug in der Incull den Verstorbe¬
1658 2815 2858 2972 inen Johannes Hebler besucht, habe er ihne
1675 2947 2923 3054 Hebler in gegenwart deß Ulrichs und Matthys
1653 3023 2852 3153 Papsts gefragt, ob er hievor mit jemanden
1648 3112 2902 3239 streitt gehabt, darauf derselbe bey dem höchsten
1633 3200 2887 3355 Gott betheüret, daß er mit keinem mentschen
1656 3301 2890 3443 den geringsten streitt gehabt, sondern als er
1673 3408 2892 3532 am sontag abends mit dem Straßburger
1665 3502 2855 3639 Hagenauwer und Thurgauwer von den
2631 3632 2882 3766 Zimmer etc.
