3024 4032
181 178 304 280 146
287 263 1493 445 gesführt, volgends habe es die Näbel schnu
300 369 1458 489 mit einem mäßer abgehauwen, einen
292 425 1469 557 Nasenlumpen umbs kindt geschlagen
300 489 1453 661 und selbiges aldorten under ein bäschelin
291 564 716 674 werch gethan.
324 614 1446 795 Ob es dann das kindt zu Ehren Ziechen
157 632 296 779 E
309 718 1342 849 und ihme raht zu schaffen begehrt.
333 805 1451 954 Ja wann das kindt ware lebendig gsin
222 793 308 935 2
281 861 1446 1010 so hätte es solches mit Ihme genommen,
274 959 1467 1094 habe es auch schon auff dem Barthuch ge¬
262 1032 435 1128 habt.
210 1094 1413 1248 Eit darumb es aber das Kindt an ein
270 1174 1455 1310 solch abohrt und nit auff den kirchoff be
274 1255 503 1341 graben
500 1263 552 1350 .
196 1334 1389 1452 B. Es habe das kindt morndrist wollen
258 1419 1458 1534 preichen und etwan auff einen kirchhoffen
266 1477 715 1578 graben laßen.
294 1575 1353 1690 Warumb es doch denen Leüthen in
217 1660 295 1725 .
278 1662 1401 1779 dem nechsten hauß, da es nohtwendig
260 1715 1421 1836 fürüber müßen, im zurungehen das in
1420 1723 1465 1826 .
254 1778 1454 1926 glück so ihmen begegnet, nit angezeigt.
204 1877 1413 2029 B. Es hätte freylich selbiges thun sollen, Es
267 1948 1404 2100 seye ihm aber leidt, daß es solches nit
271 2043 497 2132 gethan.
165 2112 1405 2265 Aus dann nun niemands gewußt hätte
273 2201 1392 2340 daß es ein kindt gebohren und selbiges
262 2274 1373 2381 nit alsobald wäre gefunden worden, ob
264 2346 1356 2480 es dann solches niemanden anzeigen
250 2417 461 2528 wollen
459 2415 506 2523 d
183 2487 1362 2641 R. Gott der Herr habe es gewußt, Es
243 2577 1422 2697 habe aber wie schon verdentet morndrist
239 2641 1364 2760 das kindt wider wollen reichen und je
253 2708 1357 2838 manden geben, der solches auf einen
232 2773 788 2885 kirchhooff vergraben.
149 2844 1402 3000 . Ob es nit auch noch selbigen abends
248 2951 1414 3080 nach der genist, da es eingezogen worden,
237 3021 1432 3153 und in hohrgrichtlichen banden sich befunden
226 3093 1422 3242 alles gelaugnet und seyn zeüg gewä
225 3159 434 3263 schen.
161 3212 1420 3389 Acta es seye wahr es habe noch gelaugnet
234 3317 1372 3442 und seine sich h. strumpf selbigen abends
229 3382 1437 3531 in der Chor grichtlichen gefangenschafft ge¬
210 3448 1151 3578 wäschen, aber das gewandt nit.
1136 3588 1275 3723 E
1511 949 1610 1088 .
1553 1159 1627 1307 a
1564 1328 1648 1458 .
1517 1609 1647 1769 E
1567 1870 1640 2000 d
1579 854 1656 979 a
2788 185 2919 273 147.
1575 280 2925 480 d ob es nit auch in dem absechen sein kindt
1674 357 2897 508 zu verderben und in muterleib umbs leben
1656 410 2884 596 zubringen große und schwähre wurden, es
1651 479 2922 644 seye holtz oder anders getragen, mithin auch
1659 548 2877 699 andere schwäre arbeit verrichtet eben zu
1648 600 2859 796 dem und damit das kindt ab der nahr
1654 688 2575 860 ung kommen und verderben solle.
1695 780 2862 937 solches habe es nicht können wüßen
1660 849 2932 990 Es habe seine nahrung zu gewunnen gearbei
1640 908 2878 1088 ret wie andere mahl, und keine gedancken
1639 1005 2875 1163 gehabt, seinem kindt dardurch zu schaden
1642 1103 2883 1246 Ob es nit noch in der wochen zuvor, da es
1650 1177 2937 1302 das kindt gebohren, das selbige gespührt habe
1668 1289 2883 1411 Ja am mittwochen darvor habe es das
1639 1360 2930 1494 kindt noch gespührt, da es zween körb voll
1637 1434 2911 1569 obß hinauß getragen, einen auff dem kopf
2531 1524 2583 1596 .
1642 1518 2518 1631 und den anderen vor an ihm
1662 1596 2894 1734 Ob es das kindt nit auch noch selbigen
1646 1694 2864 1817 tags da es zum thor hinauß gangen
1632 1760 2659 1889 bey ihme lebendig gespührt habe.
1652 1865 2889 1959 Nein selbigen tag habe es das kindt nit
1641 1934 2172 2046 lebendig gespührt.
1613 2020 2891 2136 Replic: das kindt seye doch so vollkommen
1638 2095 2906 2208 und mit allem erforderlichem wesen, also
1634 2160 2908 2273 versechen, befunden worden, daß es nit an¬
1619 2225 2903 2350 derst möglich seye, als daß es solches noch
1616 2302 2864 2398 an dem Tag der Geist müße lebendig
1609 2368 1930 2467 gsin seyn.
1617 2441 2808 2559 Antw: Es bätte umb gottes willen
1618 2520 2864 2648 ihme hierüber mit ferneren fragen zu
1630 2601 2901 2713 verschonen, Es habe alles angezeigt, waß
1622 2668 2137 2772 ihme in wüßen
2133 2672 2171 2740 .
1624 2756 2923 2895 Solchem nach wurde Ihme von Munfften era
1629 2826 2914 2956 minatoren nochmallen vorgehalten, Waß
1629 2895 2905 3022 maßen alle vmbstand so verdächtig wider
1607 2949 2857 3085 Ihns vorfielen, daß eine hoche oberkeit
1624 3038 2873 3170 an seiner Verantwortung sich nicht werde
1621 3114 2894 3229 ersettigen können, sonderen die wahrheit an
1602 3187 2822 3313 tag zu bringen, wohl sobald zu anderen
1601 3245 2418 3384 Mittlen schreiten müßen.
1605 3336 2879 3458 Worüber es geantwortet. Das Gott
1629 3416 2908 3529 über Ihns verordnet habe, wolle es gedultig
1623 3485 2912 3610 leiden. Bätte aber gott und eine hoche aber
1599 3563 2903 3667 keit umb gnad und Verzeichung, und wolle
1609 3623 2814 3730 mit der hilff gottes sein leben beßeren.
