3024 4032
299 269 1415 504 Hernach aber den Schrieber dittliger ange-
338 442 1445 608 sprochen, daß er ihme auf dises schultbriefen
355 528 1461 678 etlaas gelts entlehnen solle, So aber der Herrn
322 608 1410 761 Dittliger auf disere weiß nit thun, sondern
346 714 1467 884 lieber das Briesli Ihme gentzlichen abkauffen
328 808 1447 960 wollen, welches Er, Ihme auch entlichen gegeben
350 915 1480 1044 von dem empfangenen gelt dan, habe er diser
340 991 1399 1107 Mentschen, so sich auf sein anhalten darzu
347 1074 1447 1232 brauchen laßen, den halbigen theil überlaßen,
376 1171 1442 1361 Wittens habe er von einem schloßer an der
322 1310 1454 1454 Keßler gaßen wohnhafft ein hundert gulden
364 1431 1421 1560 entlehet, demselben darfur einen Gultbrieff
343 1502 1416 1650 aufrichten, vnd zu Vnderpfenderen gleichmäßig
312 1591 1337 1728 Wie hievor, seines Vatters sel gicht, vnd
318 1676 1409 1818 zwar Jedesmahl für frey, ledig vnd eygen,
337 1772 1422 1903 so aber niemahlen, das seine gsin, einsetzen laßen
343 1854 1394 2004 Und da diser betrug bekant worden, vnd deß
337 1957 1439 2094 Schloßers fr. hinauß in deß Irn Rachtsherrn
340 2052 1352 2207 von Bonstettens matter zu ihme kommen und
322 2153 1361 2291 solches ihme vorgehalten, habe er ihro in
323 2249 1403 2391 Sechs funstpfundler vnd einen halben Thaler
337 2352 1412 2496 gegeben, Vnd übrigens Sie mit guten worten
317 2446 1395 2586 wider abthädiget: Das von disem Gutt,
329 2521 1367 2675 brießen empfangene gelt dan, habe er zu
307 2633 1220 2774 bezahlung seiner schulden angewendt.
263 2716 1406 2876 Vnd nachdeme disere seine betrug an tag kommen,
286 2824 1363 2967 Zege Er sich in der nacht, auß deß Irn Rahts¬
295 2931 1363 3066 Herren von Bonstigens Matten, alles er hauß,
305 3021 1370 3151 man gsin fortgemacht und ins Buchenbergiche
247 3121 1396 3257 sich begeben, allwo er nunmehr in den Jahr lang
264 3220 554 3326 gewohnet.
259 3300 1414 3458 Viertens seye nunmehro bey einem Jahr ver¬
280 3415 1287 3542 flaßen, daß er haßlibacher sich zu dem
245 3507 1318 3647 Amman Kiener gahn hölligen verfüegt, und
2697 238 2810 345 90
1636 351 2839 496 Demselben vorgeben, daß der Ir Rahtsherr
1721 440 2796 588 von Bonstetten auf der Reiß von Solothurn
1714 553 2854 682 alhero begriffen, welcher underwegs ein oder
1695 640 2821 784 Zwey Roß gekauft, vnd mangle Ihme zu
1705 746 2815 890 Vollkommer auß bezahlung derselbigen noch
1715 850 2818 971 Sechs Cronen, deßwegen der Ir Rahtsherr
1698 935 2826 1082 Ihre Amman ersuchen laße, Ihme dises gelt
1701 1022 2812 1154 durch Ihne Haßlibacher geschland zu über¬
1681 1144 2857 1270 schiken, dan Er vermeine, daß der In Rahtsher
1698 1239 2826 1367 eblan zu Jegistorff seiner warten werde.
1684 1319 2847 1454 Worauff der Amman alsobald die Sechs Cronen
1690 1421 2834 1558 IIhme gegeben, Vnd gesagt er solle frey geschloid
1690 1514 2759 1644 darmit lauffen, damit der ir Rahtsherr nit
1676 1596 2215 1714 Lang warten müeße.
1681 1702 2846 1884 Vnd obgleich Ihne hierüberhin kreftigest zugesprochen
1673 1835 2824 1955 worden, daß Er Gott die ehre geben, vnd der
1650 1912 2779 2046 Oberkeit alle sein mußethaten gutwillig be¬
1687 1997 2795 2102 kennen solle. So hat er dennoch weiter nichts
1680 2087 2827 2221 bekennen wollen, Vnd in ansehen hievorgedachter
1693 2192 2817 2304 mißet haben die noht vnd der mangel, darinnen
1689 2270 2763 2386 Er mit seinem weib vnd Kleinen Vnerzogenn
1681 2359 2841 2489 Kinden steche, zu seiner entschuldigung vorgeschützet
1653 2450 2832 2594 Bittet übrigens Gott und eine hohe Oberhüt umb gnad
1681 2563 2084 2687 Vnd Verzeichung.
1702 2655 2797 2814 Vnd als solchemnach der Schulmeister von
1724 2779 2804 2905 Vatterkinden hievorgedachter Glaeter faltschen
1726 2867 2833 3005 Schrifften halb, so er geschriben zu red gestoßen
1707 2974 2818 3092 Vnd auch gegen dem Haßlibacher confrontiert
1684 3052 2818 3155 Worden, Ist die hergangen, Vnd Verlaßenheit
1695 3139 2799 3250 diser zlochen sachen heraußkommen auf leis
1686 3232 2796 3372 Vnd form, wie der Haßlibacher solches anfeng¬
1697 3323 2771 3444 klich bekent hat. Außert, daß der Schul¬
1690 3411 2777 3504 meister in ansehen deß heimahlscheins noch hin¬
1681 3494 2784 3626 zugesetzt, daß der Caßlibacher Ihme anbey
