3024 4032
352 282 1500 478 minatoren gutbefunden worden, disere bei
360 407 1500 564 gefangene persohnen, über einiche Vmbstend, annen
370 506 1482 642 ietlaas Verners zu examinieren. Allermahn
345 613 1431 750 darauß hin frytags den 27. januarii 1788.
318 708 1466 853 Das Verners nöhtig befundene examen vor die
334 809 1397 931 hand genommen, Vnd zwar erstlich gegen
288 899 1461 1041 Hans Gurtner dem vatter verrichtet worden,
318 1002 676 1110 Wie volget.
237 1153 1458 1311 A. Weilen Er bereits hievor bekent, daß
346 1264 1451 1403 am kein ob Stukis hauß er seine tochter
336 1351 1438 1481 entblößt habe, so solle er nun auch sagen vnd
319 1447 1440 1598 bekennen, ob nit auch er selbst damahls ent-
316 1534 729 1668 blößt gsin seye,
282 1672 1400 1813 R. Weilen er trunken gsin, so könne Er
325 1782 1422 1896 nit sagen, ob er damahls entblößt gsin seye
315 1857 553 1961 oder nit.
270 1972 1432 2158 E. Worumb er dan am Horgricht solches
323 2086 682 2202 bekent habe?
280 2172 1436 2338 R. Er laße zwar wohl, daß er am Gor¬
309 2275 1420 2414 gricht auf zusprechen, solches bekent habe, allein
303 2371 1421 2495 er könne es jetz einmahl nit für eine wahrheit
283 2451 475 2565 sagen.
259 2541 1417 2707 E. Ob Er nit auch auf seiner Tochter trahlet
211 2660 455 2794 seye,
260 2741 1057 2905 E. Ja, er seye deßen bekant.
244 2901 1429 3068 D. Ob seine Tochter damahls auf dem Ruggen
299 3012 985 3132 oder wie sie gelagen seye.
248 3096 818 3253 F. Er wüße es nit.
235 3247 1430 3391 2. Ob seine Tochter nit erst damahls geschrauwen,
248 3355 915 3467 Als sie den Nobs gesehen.
238 3438 900 3598 R. Er wüße das nit.
2725 313 2841 413 135
1669 401 2854 537 A ob nit auch bey einer Eychen im herren schlaunden,
1713 489 2832 640 Föltzli er seine tochter zu Boden ghan und ihre
1712 579 2314 689 eit mundschen gehenschen.
1654 711 2822 888 R. Er waße daselbst keine Eych, könne aber
1711 805 2855 940 saufft sein, daß er ihro ein mundschein geheüschen.
1662 933 2862 1098 D. Ob seine Tochter darauffhin Ihne das mundsch
1692 1048 1932 1159 gegeben.
1687 1123 2222 1283 f. Er lauße es nit.
1649 1283 2862 1433 E. Ob Er nit auch daselbsten seine tochter entblößt,
1672 1390 2823 1517 und den rot biß und er die armen aufgehebt habe.
1668 1492 2848 1627 R. Er habe gmeint dises seye beßer außen bym
1698 1569 2095 1729 Thüeli beschehen.
1662 1718 2804 1860 B. Ob bey dem th�rli bey der liederen er
1707 1806 2811 1927 seine tochter nit auch zu Boden ghan, und selbige
1690 1876 2611 2017 emen und ahnen zehrt und tröhlt habe.
1663 2003 2254 2149 ja, es seye wahr.
1648 2095 2802 2275 e. Ob er nit zu seiner tochter gesagt, wilt in
1668 2208 2707 2349 dite, Vnd worumb er solches gesagt habe.
1641 2323 2821 2481 R Ja, er habe disere Wort braucht, seye aber ein
1687 2435 2826 2585 spruchwort, so dahar komme, weilen vor disem ein
1645 2535 2818 2657 Dantz im holtz gsein, vnd sie damahls einanderen
1666 2625 2853 2743 gefragt, will in die Grotzen, Vnd disers spruch¬
1633 2695 2756 2825 Worts habe Er sich damahls erinneret, Er seye
1669 2779 2462 2919 aber doch mit der gättig einer
1606 2871 2826 3065 z ob Wahr, daß seine Tochter zum Vobs ge¬
1652 3021 2536 3157 sagt, er solle nur fürhin kommen.
1635 3137 2725 3296 e. Da er wüße wohl, daß es das gesagt.
1632 3241 2830 3436 d. Ob bey den Lindachmatten beym Hubeli er und
1642 3378 2405 3488 seine Tochter allein gsin seyen.
1638 3483 2837 3658 R: Ja, doch aber seye endtlich ein Mann kommen.
