3024 4032
154 264 285 389 182
379 404 1449 575 sachen gehandlet, er habe es ein rung gehabt,
433 533 1402 666 eher ers widergeben, Nach deß Schärers
429 628 1429 754 absterben habe sein frauw, solches sambt
427 725 1455 853 anderen sachen mehr den nideren apotekern
432 787 880 913 in thun verkauft.
268 899 1411 1069 2. Ob er nit vor etwelchen jahren under,
411 1007 1394 1149 schidliche neuwe funstpfundler gehabt,
454 1094 1052 1246 und zu wächßlen geben.
427 1200 1400 1386 Er habe nit mehr, als einen solchen neülen
244 1218 381 1404 .
454 1339 1427 1479 funst pfundler von ohngefahr vier jahren
457 1440 1441 1576 von Herren Johannes Schärer dem Gold
441 1522 1414 1663 schmid bekomen, solchen habe er zu erst
437 1611 1438 1744 bey der Frl: Lehnherrin Verloechßlen wollen
411 1710 1425 1811 Weilen er aber so glatt gsin, habe selbige
415 1788 1428 1902 Vermeint, daß er faltsch seye, Vnd deß wegen
405 1865 1426 1997 selbigen mit dem käßmäßer verhauben
405 1962 1395 2096 wollen, aber nit gekont, disem nach habe
413 2043 1432 2181 Er disen fundt pfundler grad gegen über
405 2120 1459 2280 bey einer Saltzbüttin zu verwachßlen angebotten
393 2224 1407 2337 Und da man ihn auch nit nemmen wollen, habe
396 2304 1441 2438 er solchen dem Gold Schmid schärer widergeben.
350 2426 1355 2561 Ob der herr Schärer Ihme nit angezeigt,
213 2412 321 2587 z.
392 2529 917 2652 daß er fallsch seÿe.
360 2636 1425 2752 kem, er habe ihme gar nichts gesagt, dan der
214 2618 352 2782 .
405 2710 1390 2837 olller zeiche am silber hübsch gsin in 10 weit
368 2776 1433 2910 daß der herren Schärer vermeint, als Ihm solchen
360 2867 1392 3010 widerbracht, er Pfenti solle darmit zum
373 2964 1117 3104 Ire schultheiß gahn klagen.
192 3062 1392 3253 2. Was Er der frauw Lehe herrn geantwortet
349 3170 1371 3314 als sie ihne gefragt, von Wein er disen
340 3255 751 3384 �ttler bekommen.
196 3335 1410 3528 . Er habe gesagt, Er seye Ihme vmb ein
387 3457 833 3614 Fuli worden.
2700 332 2821 449 33
1650 392 2838 592 . Worumb er ihro nit angezeigt, daß er solchen
1786 531 2513 665 vom hern schärer empfangen.
1662 609 2814 803 f man thue manches, daß man nit thun solte.
1633 759 2772 947 E., Ob er nicht auch deß Reichen Keßlers Sohn zu
1704 902 2779 1034 Langemal keine, wie er heiße, Vnd wo er Ihne
1698 970 2248 1108 zuerst gelehrt konnen.
1635 1088 2843 1280 R. Er heise Hans Furer Vnd habe Ihn zu Treu bym
1749 1206 2837 1348 Gold schmid gelehret keinen, zuvor habe er ihne
1753 1301 2842 1435 ein einziges mahl zu Grientz gesehen, daselbst aber
1707 1386 2832 1492 keine kundsame mit ihme gemacht, seithero seye
1724 1467 2761 1591 ermelter Furer einmahl mit ihme biß naher
1705 1579 2845 1678 Gastelen gangen, da sie bley ertz geholt und jeder
1713 1638 2816 1767 40 a 50 lb mit sich gebracht, das pfund habe
1731 1736 2760 1872 Sie einen halben batzen gekostet, hernach habe
1726 1827 2783 1965 Ein gelaußer frütiger nahmens Christen, ihnen
1729 1909 2833 2048 noch mehr Bleyertz gahn zun zum Bären gebracht
1704 2013 2789 2130 das l. a. 1. b. Wo nun der furer mit dem
1704 2091 2842 2199 Seinigen hinkommen, vnd Mann er es Verkaufft, lauße
1714 2174 2818 2332 er nit, er Pfenli aber habe seines gahn zern gen
1716 2283 2808 2405 vergget und denen Haffneren, das Pfund a 6 cr.
1678 2379 1947 2490 Verkaufft
1716 2469 2817 2628 Ob Er ins zu einem seiner Cameraden geredt, das
1607 2501 1706 2644 2.
1725 2583 2633 2711 Er sithero habe gelehret silber machen.
1605 2699 2393 2841 R. Nein, er wüße nichts darvon.
1605 2799 2824 2951 e. Ob er nit auch zu Linen Zürich, dasel und der
1736 2930 2018 3027 örter gsin.
1604 2978 2672 3132 R Ja, er seye zu Linern und Zürich gsin.
1593 3114 2425 3273 2. Was Er daselbsten gemacht.
1562 3240 2786 3397 R. Er habe hievor deß Goldschmid schärers fr in
1713 3342 2825 3475 Gun, ihrer mans sel grätz abkaufft, daßelbe
1693 3443 2782 3588 droben gewäschen, geleüteret, Vnd abgetriben, nach¬
1666 3523 2805 3670 Wehrts habe Er einen theil darvon zu Zürich Ver¬
1681 3632 1870 3732 kaufft
