3024 4032
246 1881 311 1985 s
359 339 1442 527 auch nit, wie wohl es gsin seye, glaube aber
330 456 1367 606 daß es bey 40 oder 50 octobr gelesen.
346 546 1389 703 Einmahl seye gelauß, daß die Porteren
370 651 1402 817 nit mehr den 15 ß ihme darvon gegeben.
361 753 1340 959 fur das andere, daß der Cristen Kun
1322 878 1409 982 e
365 904 1433 1054 von dem hievor bekenten zu Kersatz veraben
332 994 1406 1136 diebstahl ihme außert denen hievor ange-
365 1104 1393 1230 zeigten zweyen manns hembderen fundt
349 1190 1417 1313 ellen bleibten tuchs, und einer Kußziehen anoch
341 1282 1426 1431 gegeben habe zehen bazen in gelt, darunder
340 1369 1178 1502 einiche gantze batzen gsin seyen.
322 1474 1360 1641 Bars dritte dan, so seye er auch noch
346 1585 1348 1726 Bumplis in ein nit weit von der kirchen
331 1675 1388 1806 stehendes Baurenhauß deß Abendts, als Nie¬
346 1760 1407 1907 mand daheimb ware, zu den fersteren hineyn
328 1848 1349 2000 gestigen, Vnd habe darauß entloendt, Ein
298 1939 1413 2097 Datbeht, und eine ziehen daran, ein sat oder
300 2030 1375 2181 Weiße Ziehen, daryn es das darbeht ge¬
331 2121 1315 2267 than, sambt einer neulen Juppen dises
316 2243 1374 2362 Zeug habe es naher viel getragen, und da
287 2313 1404 2463 selbsten einem mentschen, so man das Eggiweil
294 2400 1359 2561 Bäbi heiße, umb zwoo Cronen verkaufft.
295 2521 1375 2694 Übrigens hab er von mehreren diebstählen
323 2617 1378 2796 Vnd Complicio, noch auch Zureyfähleren
328 2729 1344 2859 nichts wüßen, Vnd also weiter nichts be¬
325 2838 1389 2983 kennen wollen und gebätten, wan man schon
309 2915 1374 3065 seiner nicht schonen wolle, so solle man doch
305 3012 1303 3154 dem schonen, so es etwan vnderem hertzen
291 3106 1424 3242 haben möchte. Acten 6. septembris 1789.
233 3259 1400 3456 Als den 14. septembris 1709. disere
285 3389 1443 3501 letstere vergicht müghern den rähten abge
302 3463 1338 3628 läsen worden, habend selbige gantz
2639 291 2733 399 13
1647 367 2768 555 gnädigklich erkent, daß dises mentsch Chris
1661 507 2705 649 sina Stähli durch den Scharpffrichter
1677 599 2778 730 außgeschmeitzt, gezeichnet, und auf elig von
1671 696 2800 827 Ihr gner Statt und Landen, auch mit diser
1701 818 2790 926 betreüwung verleiden werden solle, daß wan
1698 885 2805 999 Sie sich nach weihrts wider darin Bliken lasen.
1707 951 2818 1109 Vnd erdappet wurde, man Ihre ohnfählbahr¬
1711 1068 2782 1215 lich den Kopff vor die fueß legen werden
1692 1147 2811 1319 so den 17. septembris 1709 exequiert worden.
1963 1435 2642 1623 Francois Maller
1990 1599 2138 1706 Von
1750 1671 2794 1841 So durch entwendung müllen sich
1776 1790 2831 1904 untreüw erwisen, ist von Megschen
1776 1876 2737 2003 dahin verfelt worden, daß
1782 1954 2772 2101 er mit dem holtzernen tragen
1789 2043 2722 2217 und gegen vom zuchthauß
1807 2129 2791 2284 über den platz die statt hin-
1783 2228 2767 2389 ab geführt, und von Statt und
1787 2320 2773 2462 und verwisen worden solle.
1768 2435 2719 2592 Act: 22. Maÿ 1700.
1720 2928 2839 3153 b E A
