3024 4032
150 162 220 259 18
258 196 1389 307 Rock den einten hinden nachkommenden Tisch¬
261 281 1334 436 macher gsellen (so ein Hagemaulder auß dem
272 385 1379 514 Elsaß, mit dem ellenbogen gestoßen, derowegen
257 436 1290 598 selbiger gefragt, darumb er ihn stoße
223 542 1340 689 Darauf so gleich der im Brannen kleid oder
246 636 1344 797 Rock ohne einiches Wort zusprechen, weder
207 733 1353 878 Zu einem noch dem anderen mit dem degen
234 810 1359 962 auf ihne gezeügen zum dritten mahl gestoßen
228 938 1389 1061 und wie er das letste mahl verspührt, daß er
217 1012 1370 1146 getroffen, hab er gefragt, darumb er ihn steche
206 1106 1357 1251 der abgeleibte Johannes aber solches hörend
204 1192 1368 1350 habe alsobald seinen mantel dem Hagemaulder geben,
213 1275 1354 1445 und auf Italienisch gefragt, was das sein solle
195 1367 1352 1525 zugleich nach sein Verwundten stecken gegriffen
183 1473 1401 1595 Ihne zu defendieren, da dann er gezeug mit
180 1544 1306 1698 seinen Augen gesehen, daß der im braunen
1304 1637 1349 1678 .
192 1649 1422 1811 Rock diesem seinem verstorbenen mit gsellen damahlen
196 1745 1377 1890 einen sich geben, vnd gleich darauf die Flucht
195 1829 1358 1966 genommen, der verstorbene aber mit ihme
211 1916 1425 2074 seponenten dem thäter durch den bach durch
212 2004 1398 2131 in welchen sie alle drey gefallen die Statt
206 2110 1376 2242 ab, und so weit nachgelauffen, biß er gezeug
216 2204 1365 2303 nider gefallen, und weilen er nicht weiters
228 2282 1374 2394 lauffen mögen, sich auf einen banck gesetzt, so
208 2364 1358 2505 zeüge er auch in grund der wahrheit, daß
214 2442 1340 2609 keiner von ihnen einichen wegen noch ander
210 2564 1376 2697 stehend gewehr bey sich getragen, dann ihrer
211 2657 1371 2771 drey habend stecken und der verstorbene einen
219 2745 1409 2860 mantel gehabt, so habe auch keiner kein meßer
201 2831 1373 2968 gebraucht, dann ußert dem verstorbenen seyend
187 2931 1066 3069 die nit so nach auf den thäter kommen.
178 3044 1322 3196 diesem nach ward vorgelaßen, vnd dem
146 3137 1420 3286 dauaranne vorgestellt, Michael Rinder
172 3241 1348 3384 der zweyte Fischmacher gesell gebürtig von
1061 3359 1355 3447 Damahls
163 3357 828 3486 Hogenauld außem Elsaß.
184 3443 1355 3572 bey mr Hellmer in arbeit, welcher sagte
1106 3561 1322 3673 daß
1630 239 2882 357 Daß er selbigen sontag abendts samt anderen
1678 324 2836 434 Tischmacher gefellen bey einem gsellen, Gott zu
1652 436 2854 554 zimmerleüthen sich befunden, da nach endigung
1670 513 2934 652 deßen abends gegen ihren jeder nach hauß gewolt
1682 642 2881 744 habe der abgeleibte ihne ersucht, mit ihme heimb
1664 713 2888 851 zugehen, weilen sein meister schon werde zu nacht
1664 796 2903 947 gespeißt haben, wolle er Ihme vnd übrigen beiden
1676 887 2904 1049 in seiner werckstatt einen trunck bezahlen, deßen
1679 989 2906 1121 ergezeüg zufriden gsin und mit ihm gangen, als
1675 1083 2871 1226 sie Ihn hingehen zu end der lauben bey der
1683 1177 2907 1304 Refi Vahren, seyend ihrer Zwen einer mit einem
1673 1257 2888 1381 Weißgraulen, vnd der ander in einem Dunckelen
1687 1356 2896 1509 Kleid, die Statt hin vnder gechend ihnen begegnet
1696 1472 2894 1613 da habe der im Weißgrauwen, Kleid im Vorbey¬
1692 1586 2944 1687 gehen ihne gezeug gestoßen, worauf er gefragt,
1692 1670 2954 1807 was das seyn solle, ob dann nit platz gnug seye, Jener
1714 1769 2939 1896 aber gesagt, es seye ihm leid er solle nichts zuruen
1702 1874 2902 1997 in dem seye der mit dem Dunckelen Rock zuruck
1695 1969 2873 2093 gangen, seinen wegen außgezogen, vnd auf dem
1702 2076 2954 2192 noch lebenden Verwundten zugestoßen, welcher dan
1702 2157 2928 2304 gleich gesagt, was stichst du mich. Auf das hin habe
1685 2272 2932 2386 der verstorbene alsobald seinen mantel abgethan
1670 2365 2874 2481 Ihme deponenten gesagt darzu sorg ze tragen
1693 2474 2938 2585 vnd deß verwunden stäcken genommen, ihme darmit
1684 2552 2941 2688 zuwehren, der Thäter aber seye bald darauff
1703 2658 2940 2805 Vber den bach geflochen, demme sie nachgeeiltte
1701 2758 2894 2901 habe der entleibte den stäcken, ob Ihm entzwey
1705 2848 2948 3001 geschlagen. Er gezeug seye ihm mit den vbrige
1702 2946 2934 3081 auch ein weil die Statt ab nachgeloffen, biß
1711 3072 2931 3193 er sie vnderwegs verlohren, und da er ver¬
1702 3173 2967 3298 nommen, daß sie durch Gäßlin, seye er auch hin¬
1690 3239 2930 3406 nein gangen, zu End deßelben seye Ihm der
1723 3358 2921 3495 winterthurer begegnet, mit welchem ersich
1728 3459 2943 3600 wider zuruck begeben und deß verstorbenen
2704 3598 2959 3710 Mantzel
