3024 4032
238 359 1443 560 E. Wie fehl diser fengli er droben in eben
382 490 696 595 Verkaufft.
235 612 1465 805 B. Dem Goldschmid Lanz ein zwey oder drey
418 734 1425 897 Vnd dem Apoteker Koch auch zloetz, so zimb
391 847 850 962 lich schwar gsin.
376 976 1446 1144 Wie lang es seye, daß Er solche Silbersteng
216 999 335 1143 2.
381 1078 754 1193 li verkaufft.
357 1208 1422 1350 Er wüße es nit zu sagen, er habe damahls der
185 1192 331 1352 R.
372 1304 1068 1426 ben zu Underseen gewohnt.
155 1406 1409 1573 2. Ob Er sich nit theilhafftig gemacht, daß Jenig
324 1516 1392 1666 gen kirchenraubs, so ao 1706 zu ledigen
334 1602 1154 1734 im fryburg gebiet vorgangen.
137 1697 1155 1866 f. Er seye niemahl zu Ludingen gsin.
142 1844 1030 2052 f. Ob er nit zu Baling gsein.
148 2013 974 2176 R. Er lauße nit, wo das seye.
132 2168 1381 2335 e. Ob er wohl laugnen dörffen, daß er im Fry
291 2256 1317 2397 burg gebet nit gestohlen, sintermahl man
273 2347 1318 2493 ihme würklich nachgesetzt und sein hauß im
276 2428 1318 2573 Güggisperg visitiert, da er weilen sein
293 2524 1397 2654 schlager ihne gewahrnet, sich darvon gemacht.
258 2620 1372 2799 Er könne einmahlen gar nit bekant sein, daß
109 2654 217 2788 f
268 2738 1391 2866 er im Fryburg gebiet jemanden etwas entwendt
265 2816 1361 2955 man uberthuge Ihme groblich, vnd werde solches
259 2900 1368 3043 auch kein mentsch von ihme sagen können, wahr
243 2977 1393 3107 sete, daß man Ihme einmahl da er nit daheim
246 3055 1384 3176 sonderen im Landgricht gsin, sein hauß im Guggen
260 3151 1373 3286 sperg durchsucht, allein er seye nit geflohen, son
267 3234 1348 3364 deren seinen geschafften wegen von hauß gangen
241 3316 1388 3444 Sa Vnderwegs auf der straß sein Schlager
253 3400 1372 3563 zu Ihme kommen, vnd Ihme solches angezeigt,
1576 2402 1607 2518 t
1656 399 2837 573 Die Vahl Silber er in dem gratz gefunden,
1562 416 1672 551 L
1709 480 2102 619 so erkaufft.
1561 599 2818 823 h. Er habe für 15 t. darauß gezogen, so er zu
1703 726 2149 871 Zürich verkauft.
1705 851 2829 994 Wohar er das Silbergenomen, so er dem Gold¬
1572 913 1673 1040 R.
1746 940 2774 1073 Schmid Cantzrein und Apoteler Koch in thun
1719 1031 2039 1124 verkaufft.
1742 1087 2782 1250 Er habe von den bauren im Oberland broches
1586 1125 1713 1262 B
1757 1175 2799 1298 Silber aufgekaufft vnd zwar Vnder ande¬
1780 1268 2612 1381 rein ein bächerli, so er geschmeltzt.
1725 1354 2792 1502 Wo und bey welchem Bauleren, er den Bächer
1554 1378 1673 1541 2
1728 1470 2747 1599 gekaufft, vnd wie Vihl derselbige gelogen
2746 1497 2804 1566 1
1728 1565 2809 1726 Dahrumb im Guggesperg bey seinem hauß habe
1579 1589 1713 1718 .
1742 1681 2825 1804 er von einem kärli der umbeinanderen gange
1740 1767 2762 1883 zu doctoren, er hauße nit, ob er ein zerner
1724 1833 2735 1968 oder Fryburger seye kauff einen bächer
1729 1921 2737 2065 von Zehen Lodten, das Lodt vmb 12 bz.
1687 2051 2828 2192 Hierauff wardt ihne ernsthafft zugesprochen
1720 2155 2810 2253 Vnd vorgehalten, es erfinde sich seiner eigenen
1728 2220 2809 2335 tag nach, daß er sehr wohl silber hinund wider
1722 2294 2784 2425 verkaufft, welches er in so kurtzer gar nit mit
1719 2382 2752 2520 seiner eignen gelt aufkauffen können, müeße
1726 2462 2731 2593 also nohtwendig zu Ludingen mit faltschen
1710 2550 2744 2690 schlußlen die kirchen größert, die kelchen
1713 2639 2784 2759 darauß entloendt, geschmeltzt vnd also ver¬
1729 2710 2102 2861 kaufft haben.
1695 2816 2836 2978 Worüber Er geantwort, daß er keine Kelchen
1721 2919 2815 3052 entloendt, und mit dem Silber sich nit anderst
1712 3007 2428 3142 Verhalte, als wie er gesagt.
1677 3105 2797 3242 Im übrigen beharrete er, so wohl deß zu
1704 3190 2767 3326 Plasteÿen dem Peter Firro entloendlen
1693 3273 2816 3405 Pferdts als anderer geklagten sachen halber
1696 3360 2536 3506 auf seiner hievorigen Bekantnuß.
1666 3475 2476 3621 Acten 20. aprilis 1709.
2839 1231 2912 1345 1
