3024 4032
150 245 308 365 164
399 284 1479 454 daselbsten in des hauß herren zum Magari
393 384 1467 524 gsin seye, und zwey Gallotz mit geldt aufs
381 439 1413 564 beigantin von Neüwenstatt ein schiffen
375 510 1428 631 gesechen, mit verneren verdeüten, daß
379 575 1449 682 diesere leüth so im underen Saal sich befin
372 633 1419 749 den Camisares seyen und vom Hertzen
372 702 1463 819 gen in Saffen guhte Commissionen Parthey
366 769 1395 862 zugehen auf sich haben, und wie anbey
369 829 1398 926 der exhaquet ihne umb hievorgedachte
367 893 1409 1002 seine Schiffleüth angesprochen, habe er
363 960 1421 1044 plancket selbige ihme überlaßen, und
357 1000 1458 1100 gesagdt, daß er selbs mit ihnen reden solle.
381 1060 1443 1180 Volglichen habind auch die Camisardt selbsten
373 1121 1450 1241 mit vorweisung ihrer Comissions patenten
349 1175 1416 1283 Ihme die Vrsach Ihrer Reiß und das Vor¬
354 1235 1425 1341 haben auff gedachtes Geldt entdecket, und
353 1318 1419 1390 Als er Blancket darüber verdeütet, daß
351 1355 1401 1456 Sie sich dardurch schröcklich exponieren
359 1417 1412 1510 werden, habe der Plottard ihme darauf
344 1493 1443 1597 geantwortet, daß sie guhte Harandhabind
361 1533 1420 1659 und er also deßwegen keine sorg tragen
342 1600 1411 1738 solle, Vnd Nachdemme den 17. gedachten
345 1668 1413 1793 monats der raub begangen worden und
351 1731 1418 1853 das schid mit dem raub beladen zuruck
333 1788 1418 1906 auff Luetken kommen, Er Blancket auch ge¬
332 1849 1409 1955 gen den Abend von Landanne zu Lutken
333 1930 1388 2021 angelangt habe der Klottard, welchen
1387 1960 1419 2002 .
326 1965 1440 2079 er alldorten angetroffen, ihme proponiert
316 2040 1386 2150 daß der Schaden den er von Franckreich
340 2104 1358 2207 wegen hinderhaltung seiner frauwen
319 2164 1316 2269 Mittlen empfangen, ihme in etwas
333 2219 1425 2319 ersetzt werden könte, wann er des Hertze
315 2287 1352 2381 gen Theill von diesem Raub hinder sich
334 2354 1404 2455 nemmen wolte. Und da nun das schiff bey
307 2397 1372 2520 sein Blanckets Gardten zu gedachtem
303 2466 1415 2581 Lusthei angelandet, habe Er selbst geholfen
314 2533 1413 2643 den raub auß dem Schiff in seinen Hartten
305 2598 1395 2707 außladen und der grad darauf daselbst
309 2655 1417 2777 gemachten Theillung bey gewohnt, Ja auch
306 2739 1412 2838 von diesem raub selbsten in etwas beken
315 2802 1381 2906 men, waß dann die Theillung selbsten
318 2860 1358 2946 ansicht diesers geraubeten Geldts, so in
309 2933 1403 3012 funfzig seck silber geldts bestanden
299 2990 1405 3110 deren jeder in thausend franen halten
288 3044 1398 3178 sollen, so seye selbige auff volgende weis
296 3110 1349 3206 beschechen, Namblichen habe mann
310 3183 1393 3300 vor allen dingen sechs und zwäntzig sack
297 3238 1401 3374 für des hertzogen portion voraußerhebt
291 3316 1383 3437 und ihme Blancket gegen einem dem
274 3372 1411 3515 ubert eingehändigten Recepisse zuge¬
1216 3502 1384 3587 stellt
2679 272 2779 384 65.
1714 306 2781 445 stellt volglichen von den übrigen sacken
1722 375 2842 502 mit silbergeldt, seye denen hievor vernante
1719 441 2809 566 deten Camisards, wie auch dem Echaquetend
1707 487 2856 630 Mathen und ihme Blancket, jedem zwee
1713 560 2814 667 sack zugetheilt und dann ein sack für die
1704 619 2799 729 Schiffleuth beyzeits gethan worden, welchen
1698 688 2826 817 er Blancket empfangen, und davon zweyen
2457 756 2633 818 weltscher genen
1713 742 2818 866 Schiffleüthen jedem Füestzig dem dritten
1701 811 2822 931 aber nur vier Thaler entrichtet, endtlichen
1705 870 2739 982 so seye ein Sack, der aber nit complet
1708 937 2801 1045 ware, noch übrig gsin und ihme auch über
1705 1003 2832 1102 laßen worden. Von dem Gold, so in einem
1683 1066 2812 1181 pacquet duplonen bestanden, und welches
1693 1144 2757 1249 der partis an aubert auch vertheilt
1690 1218 2781 1321 habe er in 72 duplonen bekommen, wie
1701 1278 2828 1379 auch einiche bont viller mit liqueurs, welche
1701 1341 2810 1435 aber alsobald getruncken worden; von den
1687 1407 2755 1526 Waaren dann habe er zwey parquets
1702 1475 2788 1588 silberne spitzen oder Galannen, und ein
1486 1512 1649 1587 versambt
1500 1553 1681 1616 einem e
1697 1541 2816 1658 pacquet Gold undt silber faden empfange
1495 1596 1699 1654 uet Craca
1704 1602 2792 1721 Es habe zwar diesere parthey ihme auch
1490 1633 1682 1703 ten von
1477 1705 2805 1782 mochtelin einen sack mit haaren überlaßen wolle.
1692 1748 2790 1851 Er Blancket aber sich deßen nit beladen
1683 1825 2773 1908 wollen. Weiters sagte er, daß der
1677 1869 2826 1968 Echequet, alß der anfängklich vermeint
1683 1950 2833 2056 hatte, daß alles lauter Gold seye, hernach
1688 2005 2798 2121 sehr übel zufriden gsin, und sehr vast ge¬
1695 2087 2688 2188 schwohren, daß er so wenig bekommen,
2704 2114 2739 2166 .
1671 2145 2752 2258 So habe auch diesere Parthey dem
1680 2219 2818 2336 Mathey anfangs mir einen Sack geben
1684 2289 2840 2385 wollen, und erst hernach auf des echaguets
1677 2383 2850 2456 instieren noch einen hinzugethan, und dieses
1677 2453 2816 2547 Geldt seye dem Matthey für das Loge¬
1681 2502 2843 2611 ment und arti, so diesere Parthey bey ihme
1679 2573 2828 2665 zu Ochi genommen, gegeben und grad noch
1673 2662 2843 2750 selbigen Abends, da die Theillung beschechen
1690 2725 2846 2825 durch den echaquet ihme nacher Ouchy
1679 2781 2279 2892 getragen worden.
2286 2785 2821 2886 obgedachten seinen
1683 2862 2821 2963 Antheill dann zusambt des hertzogen
1658 2924 2807 3040 portion von 26. Sacken, so Er hinder sich
1677 3019 2834 3100 genommen, habe er Blancket hernach als
1680 3090 2795 3190 diesere frömbden leüth forth waren,
1678 3145 2843 3257 durch die Schiffleüth in sein haußtragen
1667 3213 2830 3331 laßen, und daselbsten verborgen volglichen
1671 3283 2831 3385 auch die gwehr oder Mousquetons so die
1656 3370 2830 3464 Parthey bey verüebung des raubs bey sich
1664 3422 2800 3538 gehabt, in einem Cabinet im Gardten
2494 3511 2736 3606 unders.
