3024 4032
200 221 318 317 88.
409 271 1435 437 Seye jan als man es in gefangenschafft gesetzet.
294 306 377 433 2.
375 388 1392 514 erzucht und was es im sat gehabt, ihme genommen
334 449 1434 606 worden, war ihme dan diß mäßer gegeben.
288 578 1425 735 . Diß Maßerli habe es in der bosen Puppen
333 676 1426 818 gehabt, vnd solches anfengklich selbst nit gelouft
264 816 1407 998 Ob nit das Madleni Langolff diß mäßer in
304 931 1410 1085 einem Weisen sembli verstelt, Ihme zugebracht,
248 1073 336 1226 h
345 1078 1369 1218 Nein, seye gar mit anders, als ein Hombli und
309 1173 580 1316 Galler gsin.
224 1351 1410 1491 E. Wan es nit anders gethan, warumb es dan dem
275 1439 1397 1556 weibel, so es wider ergriffen, eine hand voll gelt
295 1521 1041 1652 anerbotten, daß er es ledig laße.
240 1621 1415 1788 hr. zu dem weibel habe es dergleichen nichts gesagt,
286 1749 1422 1878 aber wohl zu einem anderen zu Zitzweil und habe es
229 1828 1366 1985 darumb gethan, weil der jr landvogt ihme so vast
262 1946 513 2048 getreüwt.
226 2044 977 2201 d wohar es die gelt bekommen.
211 2179 1318 2328 R. habe es mit seinen geloumen, Vnd seye etwan
259 2270 1355 2409 in zwo fronen gsin, der weibel, so es ihme genommen,
248 2366 861 2471 Vnd gezelt, wüße es wohl
153 2460 1358 2619 E. Ob es dan gar keine andere Diebstahl mehr be¬
241 2589 428 2659 gangen.
184 2644 1334 2816 h. habe keinem mentschen zu Buren zum Hoff etwas
230 2776 1371 2912 gestohlen, als allein dem Nigli Meyer einen hut soll
210 2868 389 2980 biren.
151 2934 1378 3121 E. habe ja dem weibel zu Zuren zum hoff in seiner
207 3059 1042 3195 feurs brunst zwey beht entwendt.
149 3152 1276 3343 . Nein, die Becht habe er nit genommen, darffe er
177 3281 620 3408 fräfentlich sagen.
148 3389 1341 3536 Dn ob es nit auch garben und anders ab dem veld und
186 3493 848 3592 auch brottentloendt habe
2659 212 2787 328 89.
1643 258 2801 435 s Nein, habe keinem mentschen sein Lebenlang
1690 362 2818 506 kein garben und auch kein bißen brott entwende.
1595 511 2803 709 d habe auch mentschen und veych angriffen und
1591 647 1940 752 verderbt.
1603 728 2786 908 R. Nein, behuet ihns gott, dergleichen habe es nit
1657 857 1858 1002 gethan.
1578 992 2801 1179 Worumb dan dem Nigli Meyer der armen
1646 1060 2777 1224 geschlouben, als er Ihns wegen des Biren diebstahls
1628 1175 1934 1313 geschlagen.
1594 1235 2839 1405 R. könne sein oder nit sein, daß der Arm geschloullen
1629 1339 2766 1476 worden, darvon aber lauße es nüt und habe es
1647 1418 2108 1551 einmahl nit gethan.
1585 1525 2750 1675 e. habe, ja auch deß Nigli Meyers tochter mit seinen
1640 1620 2774 1718 armen vmbfaßet, Vnd so angristen, daß grad da¬
1635 1695 2419 1820 drauff ihro die brust geschwollen.
1583 1787 2827 1927 R. Ob es sie umbfaßet oder nit, wüße es nit mehr allein
1593 1864 2795 1995 Habe es keinen willen gehabt, ihro etlins böses zu
1627 1959 2820 2075 thun, und habe ihro auch nit böses gethan, wüße auch
1623 2011 2762 2156 nit, daß weder der Vatter noch die Tochter sich
1607 2096 1927 2216 deßen geklagt.
1565 2205 2773 2379 d habe dem Nagli Hubacher von Buren zum hoff
1604 2318 2761 2408 von liegen er es eines Birendiebstahls halber Ver¬
1599 2390 2788 2513 eklagt, das es geschlagen worden, hernach einen stier
1610 2475 2188 2601 angriffen Vnd Verderbt.
1558 2569 2541 2725 f. Nein habe den stier nit angriffen.
1538 2707 2754 2856 e. Worumb es deß Nigli Meyers sohn den got
1599 2805 2769 2923 weil er Ihme selbigen zu seyen geißen abgeschlagen.
1593 2876 2761 3010 angriffen und verderbt, daß er jammerlich druff gehen
1596 2950 1828 3051 müeßen.
1530 3048 2775 3189 E. Muße mit darumb, daß es Ihme den Bot ge¬
1556 3139 2689 3247 heüschen, habe vast gang einen bot gehabt, vnd seye
1582 3224 2719 3338 im herbst ein Jahr gsin, daß es selbigen dem hrn
1556 3302 2743 3449 landvogten geben, einmahl habe es den bot nit wer
1567 3406 1741 3496 herbt.
1497 3458 2785 3651 . Worumb es dem Nigli Meyer Vier Kalbfueß verlehrt
1587 3572 2777 3686 under die stahl thüren gethan und dardurch gemacht, daß
1560 3660 2619 3749 Bald darauff Ihme etliche haubt Vrich gefallen
