3024 4032
184 267 266 349 118.
272 320 1438 428 Weilen nun in der guete auß diesem
282 404 1460 503 Menschen nichts weiters hervorgebracht werden.
277 460 1467 570 den können, als hat muhe examinator
288 534 1448 643 es bey diesem Examen umb solches Ihr
284 582 1457 721 gnen zu dero hochweisen verneren erkandt
264 659 1409 768 nuß zu hinder bringen für dißmahl
257 723 1382 863 bewenden laßen. Actum 30ten obris
1097 800 1317 931 che.
212 909 1349 1097 Nachdeme nun disere Vergicht Mutheri
212 1021 1424 1155 Den rähten vorgetragen und abgeläsen worden,
241 1112 1379 1236 habend selbige darüberhin erkent, daß dises
209 1179 1448 1320 mentsch für zwey jahr lang ins Schallenwerk ge-
236 1274 1401 1401 schmidet werden, und zu einicher nachlaßung alle
183 1342 1427 1501 gnad versagt sein solle. Acten 3. januarii 1708.
462 1690 1215 1878 Catry Gärtner
236 1834 1450 1970 ab dem Schupperg, ist wegen auß Sie gefallenen Ver¬
230 1922 1405 2031 dachts mit ihrem vatter sich in Blutschand vertrabet zu
205 1988 1369 2114 haben durch meinen hochgeehrten herren zeimblicheren
165 2090 1438 2221 Augspurgeren als oberk darzu verordneten examina
218 2141 1358 2296 bonen, mit zu thun herren großweibel und deß
172 2233 1407 2406 Ghrichtschreibers droben in der gefangenschafft den 7.
206 2355 1373 2459 januarii 1708 ernstlörtlichen examiniert und durch
204 2401 1349 2544 Verführtes examen nachfolgende Vergicht auß Ihme
190 2501 626 2634 gebracht worden.
138 2583 1409 2759 E. Wie es heiße, wie alt, vnd von Wannen es seye.
164 2721 1452 2864 h. Catry Gärtner ab dem Schupberg und bey 18 jahren
148 2808 1421 2955 d ob sein vatter ihns nit offtmahls die heim be
239 2916 661 3030 Hauß gebußt habe.
111 3000 366 3159 h na
149 3108 1436 3280 . Was es darzu gesagt, vnd ob es sich nit gewehrt habe.
190 3243 1390 3367 E. Es habe sich frylich gewehrt, der Vatter aber habe
186 3313 1396 3455 darauß zu Ihme gesagt, es seye nunmen schimp
175 3405 1398 3553 E. Ob sein Vatter zu hauß mit anders mit Ihme Vor¬
190 3499 1351 3637 genommen, vnd noch andere Vngebührliche sachen mehr
211 3561 746 3659 Ihme zugemuhtet hiebe.
2773 205 2899 282 129
1610 260 2866 487 R: Nein, gar mit anders Vnd seye das Lußen auch
1611 367 2887 575 ugegenwahrt der Muter vnd Schloester geschehen,
1598 471 2872 648 Der vatter aber habe allzeit gesagt, es seye nummen
1618 587 1916 736 schimpf
1605 653 2898 858 Ob nit verschienen herbst die Haus Nobs thes
1612 746 2930 978 Vnd seinen Vatter obenhalb Stutis auß in der Bern
1606 825 2916 1052 straß bey einem thurn am boden ligend angetroffen.
1572 977 2250 1176 d das er seye wahr
1572 1057 2873 1265 E., ob es damahls nit entblößt gsin seige, Vnd der
1595 1158 2675 1341 Nobs ihns also entblößt gesehen habe.
1582 1306 1869 1446 Ja
1576 1324 2890 1573 d. Ob nit sein Vatter Ihns aufgedekt, auch an Vn¬
1604 1436 2831 1625 ehrbahren und heimblichen orten ganz unwüscher
1591 1540 2553 1682 Weiß betastet, vnd beschauldtt habe.
1578 1661 2195 1817 S. Ja es seye wahr
1583 1763 2925 1932 D. ob der Vatter bey solcher In tuscher vnd Mehr
1606 1860 2911 2014 fahrer beschauwung nit auch verüsche und unehr
1585 1932 2318 2086 bahre Wort geredt habe?
1576 2064 2339 2224 s solches seye auch wahr
1551 2191 2893 2350 E. ob nit auch der Vatter sich entblößt habe, vnd
1586 2291 2174 2422 auf Ihns gelagen seye.
1545 2409 2885 2556 B. der Vatter seye zwar auf Ihm trohlet, aber daß
1597 2519 2521 2645 Er entblößt gsin seye, weße es gar nit
1582 2638 2832 2776 ob der Nops, als Er Sie gesehen, sie nit bestrafft
1576 2729 2321 2861 Vnd von einanderen getront habe.
1551 2835 2885 3002 G. das erste mahl, da Sie beym Thurli bey einanderen
1581 2944 2524 3079 Ihm, habe der Nops mit zu Ihnen geredt.
1550 3064 2830 3200 2. Ob dan noch an mehr orten, Vnd wie manchmahl es vnd sein
1523 3159 2415 3300 vatter mit einanderen nidergelagen seyen.
1536 3262 2881 3433 F. Auff damahligem heimblag drü mahl, das einte bey dem eheri
1582 3365 2893 3504 das andere beym Herrenschwanden, holzli, und das dritte mahl
1588 3434 2109 3534 bey der Liedachmatten.
