3024 4032
367 382 1122 557 Christina Stalli
382 544 1227 690 Auß dem grund von Oberhaßli
553 637 951 740 in Wyßland.
324 821 1376 982 Nachdeme dises mentsch von diebstahlen
324 936 1393 1070 Wegen zu Laupen eingezogen, vnd examiniert
360 1043 1368 1156 volglich den 10. augusti 1789 mit seiner be-
360 1105 1396 1239 ekantnuß gewahr samblich alhar geführt worden
357 1203 1408 1357 den: Habend Megheen meinem hochge-
357 1285 1404 1462 ehrten herren heimblichern steigern aufgetragen
345 1404 1366 1546 gen mit zu thun mslohlen Groß weibel
359 1500 1302 1640 Bersets vnd deß Grichtschreibers disers
338 1597 1377 1733 Mentsch seiner mußethaten halber ernstlichen
363 1689 1402 1842 zu examinieren. Da zu volg deßen michtlich
355 1797 1384 1937 zummblicher, mit zu thun, er Gel. Dieneren
310 1877 1447 2033 sich den 21. augusti 1789 in die gefangenschafft
325 1979 1384 2123 begeben, Vnd über ernstlörtliches Vorstellen
324 2063 1333 2211 Vnd zusprechen nachfolgende bekantnuß
335 2177 1228 2334 Von Ihme erhalten. Namblichen vnd
288 2304 1414 2475 Zum Ersten, daß vor ohngefahr sechs Jahren
347 2411 1326 2534 es das erste mahl sie seinem heimahl zu
312 2498 1398 2657 Haßli seye eingezogen, gewahrsamblich alhar
339 2590 1414 2722 geschikt und für siben wuchen lang mit einem
349 2669 1430 2814 rung am halß ins schallenwerk gescheidet worden,
324 2768 1387 2898 Weilen es damahlen dem Hans am Acher vnd
321 2856 1413 3013 Peter Jaggi, jedem ein alte Juppen genommen
213 2993 1361 3128 2. Vnd als nach außgestandener Sibenlaufiger
334 3085 1410 3236 Schallenwerts strafft, es widerumb gahn Haßli
302 3184 1401 3298 kommen, habe es daselbsten einer Weibsper¬
300 3247 1420 3400 sohn, so bey einem stähli in seinem hauß loohnet,
340 3347 1401 3488 eine Juppen, sambt einem Willhembd ge¬
333 3453 525 3591 n�mmen.
1612 2856 1680 2961 7
1646 1590 1698 1666 6
2622 276 2756 400 99
1659 409 2778 594 3. Habe es dem Melcher zaun einen Thaler
1742 528 2347 659 Vnd etlias Kaß. Vnd
1650 526 1754 648 d.
1621 654 2717 841 4. Eine Frauwen in der kircheri Briefer
1715 769 2751 908 reisten, nuß schnitz und etwas an tuch ent-
1705 875 1931 977 Wendt
1742 936 2812 1110 Habe er zu Wichtrach mit hulff sines jungeren
1639 1020 1690 1086 5.
1745 1058 2794 1195 Bruders einer fr nahmens Catry genomen,
1740 1145 2788 1283 einen wöllen raulo ristiges tuch ab dem wäb-
1745 1228 2797 1358 stuhl, so zwüschen 50 under 60 ellen gehalten.
1739 1318 2734 1456 Item einen großen ehrenen haffen, Vnd ein
1707 1415 1965 1565 sulbecht.
2545 1493 2742 1580 zu rueften
1727 1519 2794 1695 Mit hulff Elßi Porteiners habe es entlandt,
1709 1660 2150 1794 zley beilachen.
1715 1740 2300 1893 Zwey Bahr strumpf
1718 1854 2119 1967 zwey hembder.
1719 1930 2019 2051 Ein Schurtz.
1717 1989 2257 2150 ein haubtkuß zehen.
1708 2067 2773 2224 ein Brustbuch. ein halßtuch, und ein leiniger
1743 2164 2782 2316 tüechli, welchen letsteren diebstahl aber
1710 2247 2821 2355 sie leucht, denen es zustendig gelarten im nachsetzen
1718 2337 2674 2472 zu Riederburg sambtlich leider bekomen.
1705 2417 2782 2598 Daraus seye es gefengklich alhargebracht
1731 2544 2835 2676 Vnd zum anderen mahl ins Schallenwerk geschmidet,
1711 2624 2757 2763 Bald darnach aber habe es den ring durch einen
1695 2703 2823 2860 Weltischen abfeilen laßen, vnd seye außgerißen.
1727 2813 2776 2963 habe es vor ohngefahr dreyen Jahren zu
1708 2921 2773 3047 Belx im Schulhauß einer frauwen, auß einem
1729 3003 2774 3152 schäfftlin bey ohngefahr funffzehen worden.
1720 3124 2107 3224 an gelt genommen.
1653 3187 2830 3348 Worauses abermahlen vnd Zwar zum dritten
1711 3291 2799 3412 mahl ins Schallenwert gesetzt worden, aber
1716 3378 2864 3517 nach etlichen tagen mit abfylung deß Rings leider
1706 3482 2049 3589 außgerißen.
