3024 4032
141 168 280 288 52
347 248 1454 408 habe erstlich ein refugierter namens
338 340 1477 488 fontana ihnen gesagtt, es lige zu gen
352 403 1436 534 eine große Summa Geldts wann nur
335 458 1471 608 jemands patenten hätte. Nach wahrte
342 516 1457 694 seye auch zum offteren ein spion dorthen
344 582 1396 726 zu ihnen kommen, der dem partis an
336 641 1440 812 aubert, so die Parthey commandiert, ange¬
335 715 1453 883 zeigt, es seyend zu ganz wohl bey 10000
334 787 1422 934 Louisdor abgeführt worden, von dannen
345 851 1392 966 habend sie sich auff Lusthey, alwo sie
343 930 1430 1051 ihre pferdt gelaßen und von dorth zu fuß
351 984 1426 1107 auff ouchn begeben, zu Lanhanne aber
350 1055 1430 1196 im wihrtsHauß bym Weisen treütz habe
345 1130 1375 1238 der partisan Anbert bedeütet, der
355 1198 1402 1336 nenner zu Lustern werde ihnen schiff
360 1266 1424 1386 und Schiffleüth geben, und seye ermelter
345 1342 1410 1465 Venner von Lusthog am Donnstag auch
357 1407 1403 1533 nach ouchg zu ihnen kommen und selbige
349 1467 1394 1599 nacht, wie auch die volgende bey ihnen
346 1537 1387 1663 im wihrtshauß zu suche übernacht
345 1611 1421 1740 gsin, seyend auch am freytag den gan
348 1683 1368 1794 tzen tag beysammen im wihrtshauß
359 1744 1351 1874 verbliben, ain sambstag darauf
340 1820 1392 1928 habend sie sich zwüschen ouch undt
346 1888 1393 1989 Austhey auff das Schiff begeben, so der
343 1950 1383 2069 penner ihnen verschaffet von dannen
345 2038 1411 2146 gefahren biß ohnweit Cullis, alwo sie sich
351 2099 1384 2206 kinder einer Mühli aufgehalten und
358 2156 1408 2277 wie sie gesechen das Brigantin, darauff
339 2222 1401 2339 das Geldt gewesen, von Culli, da es ein
351 2293 1384 2420 wenig geleütet, daher kommen, seyend
344 2365 1428 2459 Sie auß selbiges zugefahren, und praesen¬
343 2431 1367 2554 tierung ihrer in einem Mantel sack
333 2498 1421 2611 eingepackt gewester gewehren das bei
328 2558 1385 2665 gantin still halten gemacht und sie ge¬
341 2618 1386 2743 nöhtiget beßer auff die andere seithen
334 2682 1373 2812 des sees gegen s hingaria ze fahren
326 2768 1392 2886 allwo sie die baltet und wahren auß
321 2816 1343 2947 dem Brigantin in ihr Schiff geladen
328 2872 1377 3019 und darmit Vorth wider auß die hiesige
315 2926 1372 3070 seithen nacher Lusthey gefahren. Er da
297 2992 1412 3165 Sale aber habe zuvor von diesem vorhaben
315 3067 745 3178 nichts gewußt.
197 3132 1353 3325 G. An welchem ohrt sie ihre gewehr
311 3238 1359 3385 ins schiff gethan und wer sie darein ge
294 3283 513 3387 tragen.
223 3355 1387 3502 R. ihre gewehr so in einem Mantel sack
270 3434 1364 3573 eingepackt waren seyend schon zu suchen
288 3483 1417 3660 grad außem wihrtshauß ins s hist zutragen
1136 3617 1352 3727 worden
2722 191 2854 282 53
1715 274 2911 390 worden, wüße aber nit durch wen, habind auch
1697 334 2909 453 solche hernach imm ruckkehren ins banderets
1711 413 2200 525 gardten gelaßen
2656 485 2717 572 9
1716 475 2673 633 Wer ihnen solche gewehr geben.
1584 509 1710 650 d
1723 603 2909 719 seyend ihre eigene gwehr gsin, der Joseph
1622 657 1701 728 A.
1712 660 2818 803 habe solche von Bern auß mit geführt.
1641 700 1716 797 .
1711 780 2860 911 Wer der spion gsin so zum öffteren zu
1639 793 1702 938 E
1719 856 2570 983 causanne zu ihnen kommen.
1616 952 2448 1086 R. Er kenne Ihn auch nicht.
1724 1043 2875 1206 Vormahls habe er angezeigt, der kenner
1701 1144 2905 1278 zu Lustleg habe ihnen schiff und schiffleüte
1689 1220 2894 1338 geben, worbey er wüße, daß der seiner
1695 1284 2873 1407 solches gethan, und ob sie nit villmehr
1700 1358 2867 1477 die schiffleüth gezwungen, sie hinauß
1707 1436 2017 1547 zuführen.
1746 1529 2879 1646 der partis an Aubert wie bereits hie
1619 1536 1748 1663 d
1701 1588 2904 1701 vor bedeutet habe schon zu Causannes Ihne
1689 1658 2869 1778 angezeigt, der Renner zu Lusthey werde
1676 1729 2612 1843 ihnen ein schiff und leüth geben
1716 1811 2881 1958 Ob er nit wüße mit wein der partisan
1604 1794 1682 1946 E
1700 1896 2887 1983 diesen complot gemacht, und waß er jeder
1691 1966 2896 2060 Weilen mit dem Renner für Vnderredung
1693 2042 1975 2135 gehalten
1611 2114 2858 2263 F. Er wüße nichts vom Complet, dann die
1691 2218 2880 2310 partisanen machen dergleichen sachen vnd
1682 2267 2864 2376 halten es geheimbd, so habe Er auch nit ge¬
1681 2335 2869 2453 hördt noch sich informiert, Waß der Venner
1683 2407 2800 2509 und pactis an mit ein ander geredt.
1672 2518 1772 2606 6
1668 2527 2821 2667 Die Versich im Schiff über die Schiffleüth
1693 2619 2096 2717 erzohrnt habe,
1629 2689 1732 2814 R
1771 2705 2881 2826 der Partisan und der Mettras seÿend
1702 2801 2841 2902 Zoring über sie worden und gesagdt, der
1668 2857 2886 2977 Renner habe sie mit schlimmen Schiffleüthen
1701 2924 2005 3026 versechen.
1708 3014 2855 3150 Ob sie alle mit einander im Schiff nach
1599 3007 1709 3155 E
1716 3097 2476 3214 dem Brigantin gefahren.
1617 3165 2750 3303 R. Nur ihren Vier als der Aubert
1675 3263 2776 3388 Mettraz, Joseph, und er lasaten
1704 3353 2861 3480 Ob sie nit under ein ander zuvor abge¬
1590 3357 1690 3491 E.
1680 3435 2814 3533 redt, die leüth im Brigantin nider zu¬
1683 3501 2816 3618 machen, wann sich selbige zur währ jetzen
1689 3567 1897 3654 wolten.
2677 3611 2804 3733 R
