3024 4032
121 232 253 370 92
273 269 1441 480 gmeinem laus nach gemulchen habind, Vnd hiemit nacht
273 383 1380 558 wendig die kunst den kichnen die milch zu nemmen,
270 509 1398 658 Wußen mueße. Da hat es auch hiervon
301 588 1352 741 nichts wüßen wollen, mit bedeüten, wan schon
270 698 1383 848 Ichmahlen es in 3 kahlen milch gehabt hette, so
253 806 1385 927 seye es dahar kommen, daß es solche offtmahls zu
269 892 1394 1021 samen gespahrt, und noch darzu nur schillig oder
269 986 1388 1125 Krentzer, wärtige Kachelin gebraucht habe, Vern¬
293 1070 1360 1196 örigen jahrs dan, habe es gar kein milch gehabt,
284 1167 1379 1308 und seye den seiner durch nit hinder Fraulobrunnen
271 1259 824 1385 sondern zu diesbach gsin.
253 1337 1355 1500 So auch in ansehen deß punctens der huret, und
276 1451 1365 1596 Ehebruch, fahleren, daß es zwar mit Ulli Ryser
284 1532 1366 1666 einen Ehebruch, darumb es aber hinder Trachselwald
273 1641 1345 1747 abbüeßt und eben mit gleichem mann, als er ein
239 1710 1364 1816 wittlig wäre, einen hurey fahler begangen, wei¬
266 1775 1354 1889 ters aber mit niemandem zu thun gehabt habe.
244 1872 1317 1965 Vnd hat also stark vermeint, mit dem zu Arburg
243 1930 1300 2080 Verndrigen Jahrs hingerichteten Jost Christen
251 2017 1338 2152 Welcher Sie zwar zwengen wollen, sich Jehmach¬
243 2110 1353 2247 len in Ehebruch vergeßen ze haben, Sie seye damahls
235 2187 1339 2329 groß geschluken gsin, und ihme gar nicht zu willen
215 2293 408 2410 worden.
215 2344 1297 2510 Exclamierte endlich, daß es zwar eine große
215 2463 1336 2587 Sinderen, Vohl gesundiget, vnd nicht gefluchet vnd
214 2522 1306 2664 Geschworen, dergleichen sachen aber die man Ihre
212 2603 1342 2754 Zumuhle, gar nicht begangen habe, Gott laße es
225 2676 1350 2847 man möge mit ihre machen, was man locke, so könne
221 2778 1312 2929 es weiters nichts bekennen, wan es schon sterben
232 2890 386 2991 solte.
533 2945 1290 3150 Erkantnung Meglen der Closten
673 3075 1089 3178 Vom 12. junii 1706.
168 3161 1294 3350 Cachdem diser fluchte Examen Megschen
589 3268 710 3342 106.
457 3273 568 3332 Den 12. ju
172 3293 1333 3433 sen kasten, ablasend vorgetragen worden, und Meyer
143 3360 1307 3507 Darauß ersehen, daß dises Mentsch Jeniger Vnthaten
181 3452 1330 3571 deren es in Verdacht gefallen, gantz vnd gar nicht bekann
163 3543 1318 3691 sein wolle, sondern allein einen bereits abgebüeßten Ehe¬
2685 304 2822 371 93.
1647 326 2832 503 Ehebruchfahler und dan noch einen ledigen hureyfähler
1665 454 2742 583 neben einichen geringen diebstählen gestehen theige
1619 521 2837 686 habend selbige bey so gestalten sachen nicht gutfunden,
1613 620 2810 763 Parter und strenger an diß mentsch setzen ze laßen,
1619 697 2801 841 sonderen erkent, daß selbiges umb den ledigen
1627 773 2775 939 Hurepfähler nach außweisung gsatzes abgestrafft
1650 868 2790 1010 nachbahrts dan grunden zu Frau lobrunnen vor Gor
1641 939 2833 1084 gricht gestelt daselbsten Ihre Ihr Leblaasen, Vnd deßen
1627 1034 2809 1182 Sie verdächtig nachtrutlich vorgestelt und zu künfftigen
1648 1106 2818 1252 gem beßeren und ohnklagbahrem Verhalten angewisen,
1624 1196 2761 1327 Vnd daß auff erfolgende mehrere klegden, Sie mit
1645 1273 2788 1422 mehrerem ernst wurde angesehen werden, betreület
2121 1365 2707 1486 Allermaßen hierauff
1615 1370 1970 1492 werden solle.
1610 1452 2801 1584 Disere Catry gfeller auß alhiesiger gefangenschafft
1613 1522 2816 1657 loosgelaßen, und umb disere oberkent. Erkantnuß an ihro
1634 1601 2762 1720 eequieren ze können naher Frauwbrunnen verschikt,
1853 1717 1907 1786 .
1605 1703 1857 1811 wworden
1776 1940 2746 2109 Aini Stähli von Oberhali.
1630 2071 2788 2234 Eines deß Stahlens sehr beruchtigtes Mentsch ist wider
1624 2176 2788 2314 mahlen strafft oberter erkantnuß vom 22. junii 1706.
1617 2255 2672 2396 in alhiesiges Schallenwerk geschmidet worden.
1600 2516 2683 2696 Jacob Haußaman von Radelfingen
1565 2645 2771 2835 Seiner handtwerts Ein stelt, so sich alhier in der Statt
1598 2778 2776 2914 aufgehalten. Ist vermach Oberter Erkantnuß vom
1600 2860 2762 2991 26. Juny 1706. wegen Vngebührlichen Verhaltens gegen
1588 2955 2778 3060 seinem Weib, vnd sonst eint vnd anderen orts verueb¬
1586 3028 2774 3126 ter untreul halber mit einem glübd auß der statt
1594 3120 2776 3239 und Burgeren zihlen in sein heimahl nach radelfingen
1587 3205 2774 3313 verlasen worden, bey poen der Schallenwerts, straff
1582 3270 2765 3401 fahls er sich hierüber weiters in der statt oder Burgen
1587 3351 2682 3477 ren zihl bliben laßen wurde. Da zugleich sein
1555 3433 2776 3560 Weib und kind mit zuschiken und dortiger gmeind zur
1561 3521 2733 3657 Versorgung zu überlaßen, befohlen worden.
