3024 4032
113 169 234 252 42.
232 322 1435 461 werden, gegenwertige zween Vbelthäter
253 392 1455 520 Namens Heinrich Wirth von Rohrbis seines
246 471 1380 587 atters imm lesten und Heinrich Guntz von
375 511 620 569 im 23ten jahr
237 538 1408 660 Walden seines alters beyd außem enrich
228 585 1426 720 gebieth, Welche nachdemme Sie ohne einiche
234 651 1438 768 erkandtnuß gottes und seines heil worts
234 739 1411 854 die zeit ihrer Jugend in müsigang und
227 791 1444 899 uppigen Lebwesen zugebracht, letst verwiche
235 842 1356 974 nen Mertzen von verübten diebstählen
222 914 1440 1060 wegen, drunden zu Sollothurn gefängklich
221 987 1389 1084 eingesetzt, daselbsten examiniert und so
216 1049 1421 1173 wohl durch als ohne marter, underschidelichen
226 1133 1407 1235 Namhafften, bey alhiesiger Hauptstatt her
219 1186 1416 1295 umb begangenen diebstählen bekanndtlich
223 1238 1395 1368 worden, derowegen auf ihr herren begehren
207 1307 1381 1440 von Lobl stand sollothurn remittiert und
216 1359 1404 1501 darauff geefahrsamlich allhar gebracht, Vol¬
211 1445 1445 1580 gends durch Michhen rahtsherr Willading und
213 1514 1383 1636 Herren Großweibel Berßet in der Oberen
209 1596 1382 1679 gefangenschafft examiniert, da sie dann
282 1638 317 1672 e
326 1643 376 1688 15
207 1646 1373 1749 vor und nach der Marter bekannt worden,
238 1709 1355 1838 daß sie mit hülff und zu thun des Bartli
204 1785 1406 1897 und Jacob Kästli von Appenzell ihrer Mit
215 1855 1372 1988 dieben an Siben vnderschidelichen ohrten
216 1924 638 2022 als zu Weill
327 1991 663 2089 Brimbstein
323 2068 643 2152 Buhlig kofen
306 2126 982 2230 Kilchlindach zweymahl
314 2191 605 2255 worb und
324 2241 687 2338 Wohrlauffen
202 2309 1363 2407 nächtlicher weis in die Haußer gebrochen, und
188 2365 1374 2451 daselbsten die hievor specificierte viel und
190 2427 1381 2519 namhafte mobilien an silber zum ehrigen
186 2494 1385 2565 häfen, betthgwand, umbhang, Kleider Lein
174 2556 1372 2652 wardt und andere sachen dergleichen sachen
181 2607 1373 2722 entwendt. Vber das noch zu ertruen vnd
183 2688 1387 2801 Sinnringen ein brechen wollen, so Ihnen aber
168 2744 1424 2855 Mißlungen, auch andere geringe diebstühl mehr
1170 2796 1433 2872 begangen
161 2811 1394 2923 Vber welche so fräßene boßhaffte verbrechen
155 2916 1336 3009 Meyll und oberen rächt und Burger zur
165 2955 1422 3074 gemeiner Sicherheit und anderem dergleichen
133 3017 1383 3135 diebsgsind zum exempel bey ihrem eydt
156 3079 1420 3212 zu recht erkennt und gesprochen, daß sie beyde
152 3141 1403 3272 Maleficanten Heinrich Wurth und Heinrich
254 3244 284 3281 e
151 3216 1342 3345 Luntz neben empfehlung ihrer seelen
150 3275 1343 3408 Gott dem herren, welcher Ihnen vmb des
150 3348 1412 3490 theüwren Verdiensts Jesu Christi willen alle
138 3441 1390 3570 Ihre sunden gnädiglich verzeichen wollen
1167 3523 1385 3635 em etc.
2744 259 2857 354 45
1695 330 2886 465 dem scharpfrichter übergeben werden, der sie dann
1607 420 2891 506 undenbuß auff die gewöhnliche richtstatt führen, daselbst
1680 462 2890 560 mit dem strangen vom leben zum todt, nach dieser
1667 542 2765 649 lobl standts gern Freyheiten hinrichten solle.
1664 595 2870 712 Actum 20ten aprilis arob und exequirt gleichen
1834 692 1865 735 .
1670 678 1813 778 tags
1587 680 2876 846 durch ein gantz einhäliges mehr sind obige zwo malefitz
1656 783 2700 910 persohnen zu disem todt verurtheilt worden
1669 915 1877 1036 el
2581 1257 2614 1322 e
1685 1410 2633 1570 Madler Otz von St. Gallen.
1632 1621 2780 1821 in berüchtige dirnen, ist dato auß 3 lb befelche
1628 1774 2876 1906 von statt und land verwisen worden, mit betreüwen
1649 1862 2789 2001 Das wann sy mehr in den land werde antroffen
2747 1965 2791 2021 .
1646 1956 2748 2100 werden, sy mit richten werde außgestrichen werden,
1612 2035 2862 2174 Actum 6 t junii 1705. NB. Weilen sy obigem
1629 2118 2762 2242 widerhandlet, als ist sy den 2. tag mertzen 1706 mit der
1631 2193 2802 2319 ruchten durch die schopffrichter außgeschmeitzt worden.
1680 2280 2707 2414 Leter Biltbrunner ein kühier
1748 2380 2468 2495 sonsten sehr vater genandt
1819 2463 2528 2599 undt Margret Sichhan
1599 2644 2883 2812 Wylen der Haltbrunner überwisen mit der Seefanin
1685 2786 2880 2920 leibsgemeinschafft gepflogen zu haben, er nunmehro
1668 2889 2861 3016 wegen ein anderen ehebruchs mit dem eyd von
1962 2949 2218 3052 laut gsetzes
1647 2989 2611 3128 statt und land verwisen werden sollen
2283 3091 2376 3166 er
1641 3123 2903 3272 betreffend dann die Margreth Steffar, so anfencken
1664 3221 2915 3347 lich einen faltschen vatter ihres nun mehro abgestorbnen
1629 3318 2920 3470 kunds angegeben, als ist selbige zu wohl verdienter straff
1617 3429 2698 3571 zwo stund lang aus halb kysen gestelt worden,
2236 3516 2364 3623 d
2499 3515 2531 3624 1
2651 3532 2757 3628 l
1626 3514 2155 3651 Den 30. maii 1705
