3024 4032
226 1476 290 1550 .
205 1740 286 1831 2
211 1943 290 2028 3.
249 2664 315 2786 4.
232 2819 308 2946 5.
471 252 1433 446 In dem Bischost, daßlichen gebürt
307 378 1415 565 Habe er Großenbacher mit und neben dem
367 497 1379 646 Jacob Ingold von Hertzogenbuchher, dem
382 579 1433 741 Abraham Nicolet à lafennienes im Ergue
376 673 1430 824 Ein pferdt auß dem Stall getloendt, und solc
370 772 1427 907 ches nächst bey Basel mit einem postition gegen
383 868 1372 974 einem anderen vertauschet und deßwegen
349 942 1353 1052 seye er, Großenbacher zu Prunkraut
361 1038 865 1145 eingesetzt worden.
459 1135 1431 1323 In dem Neüwenburgischen Gebett
312 1276 1423 1397 Hat Er über die von daselbsten alhargeschikte
358 1376 1381 1499 klegden, bekent, entlendt zu haben.
288 1450 1387 1601 Dem justicier Jonas Manidor von Fenin
295 1552 1416 1663 das erstere mahl drey Cronen, vnd das zweyte
325 1630 787 1735 mahl drey Thaler.
289 1722 1395 1852 Dem Quaquillon, oder Jean Jagues perte
350 1802 1237 1942 de la Chaud dem fond, sechsthaler.
314 1918 1345 2058 Dem Abraham Manidos von Flein
343 2004 1415 2117 Sechs Silberne Loßel, vnd Silberne Knöpf
334 2089 1310 2199 Wüße aber nit wie mancher, auch einiche
341 2156 1400 2279 Nauldenburger Verbätzler, wüße aber nit
330 2234 1384 2345 Wie wihl, vnd bey disem diebstahl seye
340 2313 1342 2426 auch gsin Hamel Scharbeli von Nevali
353 2385 1369 2495 bey Grandson: dises Silber dan habe Er
328 2468 1393 2588 zu Basel einem goldschmid, nechst bym Stor-
333 2538 722 2655 chen verkaufft.
327 2612 1402 2767 Dem Abraham Suilleme Cabaretier auf
352 2704 1417 2850 hants henderis funst und zwanzig thaler
308 2814 1348 2974 Der Jhabenn Berret der Wihrtin aus
330 2918 1410 3058 logen, etwan in sechs cronen zloltz baren
325 3008 1396 3122 und zwey Creützer, gleichwohlen aber waße
315 3082 1405 3228 er eigentlich nit mehr, wie vill es gsin seye
302 3190 1378 3353 Die gehalt dan darauß er obige sachen
319 3292 1262 3411 entloendt, habe er mit einem dopelten
283 3378 1393 3504 schlüßel aufgethan, welchen Jonas Manidor
298 3459 1408 3591 bruders sohn, so hernach in glandren gangen
271 3554 1412 3672 Ihme gegeben, habe aber denselben, wie berichts
273 3632 1334 3760 hievor bedeütet, hernach in neulenburger see
266 3713 701 3824 geworffen.
2661 309 2768 416 231.
1618 379 2750 543 Was das pistolet betrifft, so er allzeit
1715 478 2713 603 bey ihm haben soll. So habe er gar
1706 560 2740 692 niemahlen dergleichen bey Ihme getragen
1690 647 2784 772 als erst letstlichen von Basel auß biß an das
1665 725 2649 844 ort, da er gefangen genommen worden.
1652 848 2698 995 Redlichen, so ist er auch über das Baßlische
1702 966 2748 1064 Schreiben, wegen deß an Christen haußman
1692 1038 2722 1144 dem huttschmid von Holsten verschinenen
1702 1136 2779 1242 brühling begangenen mordts nit allein ernst
1696 1185 2735 1319 wörtlichen, sondern auch mit expresser an¬
1698 1290 2802 1413 wendung der fahren marter examiniert worden,
1709 1363 2762 1481 Es hat aber diser Großenbacher deßhalben
1704 1457 2716 1574 ein mehrers nit bekennen wollen, als da er
1704 1516 2745 1623 Vergangenen Früeling von Basel kommen und
1702 1614 2713 1728 zu Grättelm durch gangen, habe der
1711 1677 2769 1821 Krentzwihrt vnd sein fraulo Ihne gefragt
1711 1756 2790 1905 ob er mit neüwes wüße, und als er geantwor
1709 1834 2735 1974 tet nein, haben der wihrt gesagt, aber
1717 1930 2717 2042 er wohl und ihme verdeütet, daß man
1708 2001 2751 2136 den hußscheid todt auf einem heuloscherli
1692 2091 2747 2221 gefunden, disen hundschmid aber habe Er
1695 2186 2127 2294 gar nüt gekent.
1687 2266 2799 2423 Bittet übrigens gott vnd eine gnädige
1682 2377 2775 2509 Oberkeit vmb Verzeichung, vnd daß man
1668 2458 2797 2589 doch nit nach der stringe mit Ihme verfahren
1681 2547 1885 2659 Wolle.
1652 2659 2794 2850 Als disere obige Vergicht Meylin den
1694 2760 2812 2895 Rähten vorgetragen worden; abend selbige Ihre
1688 2837 2832 2967 Urteil dahin außgefelt, daß in dem ambt Man¬
1700 2895 2809 3029 gen, alles das große delictum begangen worden,
1713 2954 2824 3103 nach bißhariger gewohnheit, das landgricht versamblet
1695 3037 2795 3197 der Großenbacher alda vorgestellet, vnd wan die
1721 3115 2766 3248 Urteil gesprochen, dahin vollstreket werden solle,
1714 3180 2782 3344 daß er dem scharpffrichter übergeben, auf die ge-
1706 3252 2835 3393 wohnte richtstatt geführt, daselbsten mit dem schwert
1706 3335 2731 3461 Vom Leben zum todt hingerichtet, vnd am Ver¬
1697 3410 2758 3558 schmächten ort verscharret werden solle. Die
2090 3504 2399 3606 July 1710.
1702 3518 2076 3626 decrete, den
1643 3535 2821 3718 NB. Sambstags den julii 1710 ist diser Großenbacher
1749 3612 2834 3732 von hier naher Mangen geführt, vnd am Zinstag darnach
1739 3703 2717 3822 daselbsten mit dem schliert hingerichtet worden.
