3024 4032
550 460 1411 597 ans Haßlibacher
376 618 1406 753 Gebürtig von Sumißwald, so sich aber
412 716 1454 850 einiche Jahr daher im Zihegberg auß einem
378 791 1407 930 Guht hander Lußligen, so einem herren von
391 876 1446 1022 Solothurn zustendig aufgehalten, Vnd letst¬
412 972 1461 1093 verstrichener tagen frunden zu Frau lobrunnen
397 1057 1427 1191 Wegen mit einem faltschen Zedeli vorgehabten
408 1141 1445 1269 betrugs in verhafft gezogen, Vnd darauffhin
395 1235 1389 1374 gefengklich allhar gebracht worden. Ist
392 1323 1388 1463 frytags den 22. hornung 1709 über
408 1403 1390 1555 empfangenen oberthun befelch durch er
345 1493 1431 1648 Enl: Dieneren herren Großweibel der
360 1606 1424 1745 Ist und den grichtschreibern ernstloortig
385 1694 1415 1803 examiniert, vnd dardurch nachfolgende Be¬
394 1752 1214 1914 kantnuß an tag gebracht worden,
340 1871 1406 2037 Vnd Flaar Erstlichen in ansehen der Vnder¬
361 1970 1415 2099 standenen außbrechung auß der Gefangen,
364 2054 1369 2180 schafft zu Franlobrūnnen, da Er die
330 2154 1395 2273 Ketten am arm und fuß- zerbrochen und
351 2234 1382 2359 Ein hoch in die maur der gefangenschafft ge¬
357 2317 1393 2459 macht haben soll. Hat Er auf ernst,
349 2391 1412 2539 liches zusprechen, disere sach nachfolgender
307 2492 1412 2628 gestalten erzellet, daß er mit einem kiselstein
296 2585 1374 2727 rnden an den Kloben, daran die Ketti anges
330 2681 1376 2791 macht ware einiche streich gethan, vnd da¬
341 2767 1406 2890 raußhin seye der Kloben, weilen alles hart
327 2853 1415 2966 gefroren ware, grad alsobald außgesprun¬
306 2934 1351 3078 gen, Vnd weilen in einem Eggen in der
310 3024 1342 3155 mauren ein großer spalt gsin, dardurch
277 3109 1384 3249 Der wind vast hineinkommen, habe er das
282 3196 1349 3344 Pflaster Meggemacht und hernach strohl
290 3303 1378 3424 in den spalt geschoppet, damit der Mied
297 3385 1330 3529 nit mehr so vast hineinkommen mögen.
2735 230 2867 347 168
1639 352 2848 559 War den faltschen Zedel damit Er dem
1672 487 2864 647 Hrn landtvogten zu Frau lobrennen gelt ab
1711 565 2896 715 forderen wollen anlangt: So hat er deßhalben
1725 648 2906 799 nachfolgende Bekantnuß gethan, Namblichen Er
1703 746 2890 891 seye von hernacht anfengklichen in dem sum weggange
1688 842 2878 978 daß er sich naher Herrn begeben, und daselbsten
1694 935 2839 1078 seinen gfatterleichten etwas zum guten jahr
1679 1018 2828 1169 heüschen wolle. Als er aber naher vatter
1700 1107 2847 1230 kinden kommen und er im wihrtshauß daselbsten
1702 1201 2881 1317 etwas Zueßen geforderet, man Ihme aber loci¬
1685 1294 2880 1419 len er kein gelt gehabt nichts geben wollen, seye
1698 1373 2846 1520 ihme die sach mit dem zedeli in zum kommen, also
1701 1472 2783 1593 daß er sich grad alsobald zum schulmeister
1701 1569 2879 1664 daselbsten verfueget, vnd demselben vorgeben, daß
1671 1659 2847 1795 der jr rahtsherr von Sonstiften zu Solothurn seye
1684 1747 2814 1892 und daselbsten zwey gutschen pferdt gekaufft
1689 1838 2842 1977 zu bezahlung derselben aber in funszehen thaler
1694 1930 2857 2072 zu wenig gelt und ihne zu dem end hinauff
1686 2015 2862 2139 geschikt habe, Ihne Schulmeisters anzusprechen, daß
1695 2087 2825 2229 Er seinen zedel an den jr landtvogten zu Fraulo-
1694 2185 2774 2327 Brunnen schreiben solle, daß der jr landtvogt
1675 2266 2830 2406 Ihme hablibacher dise fundtzehen thaler einhendigen
1683 2381 2845 2494 thue, Vnd wie der Schulmeister darüberhey Ihne
1677 2460 2850 2593 gefragt, warumb der Ir Rahtshr nit selbsten
1668 2556 2858 2686 Ihme einen Zedel gegeben, Er aber Ihme daruff
1654 2639 2831 2761 geantwortet, es fahle dem drn rahtshrn etwas
1658 2719 2836 2850 an der Hand, er könne nit schreiben, vnd habe Ihne
1648 2803 2834 2946 zu Ihme geschikt, daß er den Zedel machen solle
1619 2901 2855 3056 Der jr rahtsherr werde im heimbfahren zu Frau
1629 3008 2781 3150 brunnen übernachten, vnd alsdan im Vorbey reißen
1621 3093 2824 3248 Ihre befridigen, habe daruffhin der Schul¬
1647 3205 2817 3333 meister den Zedel Vnder deß Irn Rahtsherren
1641 3291 2833 3444 nahmen an den jr landvogten zu Braubbrunnen ge
1623 3398 2754 3521 schriben, vnd er haßlibacher denselben naher
1644 3487 2841 3626 Fraulobrunnen getragen, der jr landvogt
