3024 4032
165 272 255 363 82
329 279 1430 450 thun soll darauf der König gesagte ihr anderen
326 386 1418 539 Gellen wollet, bald mehr seyn, alß die meister
324 477 1407 612 demme der kohr widerumb geantwortet und
315 580 1422 734 Ihr anderen gsellen, auf dieses hin habe der
308 658 1410 808 Köng dem sohn einen streich geben und ihne
305 753 1408 889 hinden bym zwar genommen und neben den
305 843 1388 994 banck nider geworffen der kohr haben
292 932 1402 1083 grad das blutterli im kalb wollen auß
291 1042 1411 1207 hauwen, da der lang ihne angegriffen, bald
288 1137 1413 1303 darauf habe der Rang angefangen zu
276 1237 1412 1396 schreyen Ilsadmen auch und wie er
297 1332 1404 1502 neben dem banck durch geloffen, habe er noch
285 1435 1404 1585 einmahl und volgends auf dem weil da
290 1517 1410 1687 er sich zur schaal auß begeben zum dritten
280 1646 1367 1774 mahl geschrauwen Illus mein bauchen.
245 1725 1419 1871 Wesswegen der mstr Abraham Martin einem
247 1801 1405 1984 metzger knecht befohlen dem Köng nach zu
264 1900 1373 2064 lauffen. Er genedict aber habe zum
258 1987 1369 2165 Rohr, welcher noch am boden gelegen gesagt
245 2076 1389 2246 stahnd auf Hannß was hast gemacht, wel
254 2160 1352 2340 icher zur antwort geben, er habe dem
218 2265 1373 2433 König nichts gethan wonderen der Köng habe ihn
237 2361 1407 2522 geschlagen, er benedict darauf den mohr ge
234 2463 1380 2624 heißen sich beyseitsmachen und heimbgechen.
239 2548 1355 2730 Im übrigen habe er den kohr gar keinem
236 2642 1377 2805 sich sechten thun und wüße darvon nit zu
215 2750 1346 2899 gangen. Der kehr habe damahls einem
226 2838 1372 3017 kirch gehabt und der hang seye grad von
200 2941 1333 3103 Nachteßen kommen und lästig gen, habe doch
228 3022 1139 3203 keinen kund an ihm vermerckt.
161 3157 1379 3369 Dieses seye also das jenige was ihnen aller.
194 3280 1368 3435 gzeits in wüßen. Enderen darmit ihre
159 3359 1176 3549 Ausßaagen. Actum vorstaht.
2737 182 2859 254 83.
1654 239 2741 479 Es Collegii Inculari judicium
1634 380 2810 545 Uber den entleibten mstr Abrahamen
1739 480 2467 665 Köng den metzger.
1618 615 2873 804 Vber die von ihre zur befehler visitation
1631 742 2878 907 deß entleibten Abraham kauff deß metz
1637 834 2859 999 gers habend mirchen von deß Collegii Insiani
1645 940 2893 1090 befunden, daß deßen wunden  zwerden.
2275 1027 2414 1082 neben den
1622 1028 2854 1194 pfinger ohngefehr und räbel ungen
1611 1124 2881 1287 gerzeits von ußen anzutreffen gewesen.
1626 1229 2882 1402 ernach nach genanter Anatomischer under
1622 1331 2866 1478 pfachung und eröffnung deß leibs seye ver
1613 1425 2864 1576 sführt worden, daß weilen dieser stund seiden,
1632 1522 2848 1676 das ketze, so auch anfänglich vor dem heil
1625 1610 2840 1779 hinauß gelegen, hindurch- und so weit einge
1606 1717 2822 1868 trungen, daß auch davon der große darin
1614 1840 2857 1967 Colon genent underem Magen an 2 ohrten
1621 1915 2812 2028 und sinder diesem das Mesenterium oder
1599 1993 2827 2126 Kroß verwundt ferner widrumb die
1618 2085 2864 2247 hinder demselben dem Ruggrad nach hinunder
1633 2187 2830 2319 gehende große Fulß aderen dorta genant
1622 2278 2839 2431 alß in der grösten blut gefaßen, deß menschi
1603 2371 2822 2533 lichen leibs durchstachen sich erzeigt. Alß
1605 2483 2835 2624 habe von deßwegen nohtwendig ein ungemein
1608 2560 2804 2725 große blutstürtzung in den anderen hohlen
1603 2657 2799 2822 leib wie der augenschein auch mit geben und
2793 2732 2834 2782 .
1620 2751 2861 2912 volglich darauf unsermeidenlich und ohn seine
1614 2837 2826 3002 mierlich, der so geschwinde tod, deß verwunden
1609 2933 2800 3101 ervolgen müßen. Mit angehencktem
1599 3041 2829 3187 einfahligem schluß, daß hiemit die funden
1615 3147 2799 3303 in alleren rethal und unsermeidenlich
1617 3217 2798 3412 todtlich gen seÿe etc. Actum 9. May 1787.
1641 3406 2810 3612 Nachmit Vnsere gegenbortige Information
1594 3550 2053 3693 Megklen den Rahten
2211 3574 2811 3690 den aug 1707. durch dero
