3024 4032
79 44 182 149 98.
101 1716 262 1859 2.
273 174 1433 440 Hans Schnyders hoffstatt stehenden großen
323 325 1396 505 Zahmfirßbaren zu steigen, und mit einem
324 420 1395 598 maßer Est abzuhaulben, weilen er selbige
314 502 1444 677 sonst nit abbrächen können. Da seye, allein
324 588 1402 753 er auf dem baum geloesen, gedachter Hans
328 694 1363 834 Schneider, als deme der baum zugehörte
339 773 1403 918 auß dem hauß heraußkommen, und habe mit
327 848 1390 999 steinen nach Ihme geworffen, vnd da er vom
331 961 1438 1114 baum hinunderkommen, ihne mit einem enzigen
323 1035 1407 1191 stäken auf den lingken arm geschlagen und
335 1106 1421 1280 bey den haarm genommen, Worauff hin er
307 1246 1416 1359 Großenbacher mit dem maßer, so er noch in
335 1318 1394 1466 der hand gehalten den Hans Schnyder ge-
310 1416 1434 1561 stochen, daß er auf dem blatz bleiben müeßen,
316 1506 1390 1647 Wüße aber nit, wie sihl seichen er ihme
308 1607 595 1717 gegeben.
327 1712 1395 1846 Der diebstahlen halb aber deren er sich ver-
304 1809 1350 1941 dächtig gemacht, hat er bekent, nach folgende
301 1907 894 2001 begangen ze haben, als
445 1997 1409 2139 In meiner gnädigen herren gebiet.
318 2115 1401 2268 4. Daß Er Großenbacher Vnd der Wihrt
304 2216 1393 2338 zu Meyenriedt im sommer 1709 dem Bauren
317 2277 1408 2424 zu Heinsmals ambts Burg dorff ein pferdt
306 2368 1414 2481 ab der weyd entloendt und er Großenbacher
293 2426 1409 2566 solches pferdt hernach zu Muri im Lucernerge
277 2511 1435 2637 biet gegen einem anderen pferdt vertauscht habe.
259 2605 1311 2770 2. Daß Er Großenbacher Eintzig vnd allein
287 2702 1379 2864 dem Ullen laderman zu Madis weil sein pferdt
282 2781 1378 2933 entloendt, solches über die aaren, vnd volglich
286 2860 1396 3032 naher Loche ins Neulenburger lebiet geführt
249 2966 1407 3113 daselbsten einem Man, so emannel heiße, zuge¬
255 3050 1378 3193 stelt, vnd vier oder fundt Cronen darauff ein¬
245 3136 1340 3289 pfangen habe. Wer aber solches von dorten
233 3215 1363 3355 wider ab der weyd gestohlen, wüße er nit
241 3300 1380 3467 Einmahl habe er solches nit gethan, weilen er da
255 3386 1369 3510 mahls nit dort, sondern zu Murten gsin seye,
209 3468 1388 3583 Wie solches ein Seey, son Bibler heiße, vnd Rudl
225 3544 1102 3683 moder werdend zeügen können.
1518 509 1663 607 Stühli
2681 300 2765 381 279.
1720 350 2730 487 2. Daß er mit zweyen weibs persohnen
1702 478 2779 594 darin die einte seini, die andere aber Marey
1721 544 2770 660 von Lentzburg sich nambst bald von anfang
1707 622 2799 744 letst verstrichenen Maymonats im wihrtshauß
1696 700 2779 844 bey der Langer und Zollbrugk nechst bey den
1702 799 2822 935 eingekehrt, daselbsten mit einem faltschen schlußel
1719 876 2823 980 ein schäfftlein aufgethan und das darin geleßen
1706 954 2762 1068 ne gelt entloendt disen schlüßel aber hernach
1714 1032 2653 1152 in Neulenburger, der geschmeist habe.
1687 1131 2809 1301 4. Was aber jenige wey pferdt anlangt
1724 1218 2753 1358 so dem wihrten zu Schmidigen entlordt, hernach
1721 1316 2702 1450 aber bey subigen wider gefunden worden,
1704 1401 2821 1533 Derenthalb hat er nichts bekennen wollen und hefftig
1725 1480 2811 1601 geschrauwen, daß man doch deßwegen Zeugsame
1749 1580 2800 1673 von Ried als daselbsten er sich damahls, co
1728 1634 2776 1746 disere pferd gestohlen worden, aufgehalten
1727 1726 2275 1842 abholen laßen solle.
1729 1830 2780 1961 5. In ansehen Jeniger diebstählen dan, so
1729 1911 2791 2025 während der zeit als er sich mit und neben
1737 1976 2768 2099 Claus Leuldenberger, vnd Wigten Georgs
1739 2045 2815 2173 sohn, in deß wasenmeisters hauß zu Ranflue
1738 2119 2754 2256 aufgehalten, begangen worden. Hat er
1717 2210 2801 2350 Großenbacher anders nichts bekennen wollen
1738 2281 2778 2406 als daß er mit deß wigten Georgs sohn in
1725 2365 2795 2468 seines Schlager Kurrs Käller gsin seye vnd
1740 2421 2767 2559 ein Jeder mehr nit dan ein bitzen von dort
1739 2488 2780 2649 angetroffenem brot, kaß und anken genommen,
1727 2585 2795 2711 allweil Er aber annoch in disem Käller ware
1694 2672 2800 2808 habe deß wigken Georgs Sohn auß einem
1697 2740 2567 2865 anderen hauß ein schaafft entloendt.
1719 2836 2854 2997 6. Habe er sich nechtlicher weil mit dem Loulor
1717 2914 2821 3093 Berger von Rorbach, zu Oberspach einbefunden
1744 3011 2824 3155 in dem zum aldorten etwas zustahlen, vnd seye
1713 3110 2811 3228 der Leuldenberger auch schon in dem stall gsin
1720 3197 2779 3317 Er aber seye in der gaßen gestanden, vnd wie
1712 3273 2808 3403 zloren andere Gsellen Ihnen nachkommen, vnd mit
1712 3353 2857 3481 stäten auf sie geschlagen, habe er Großenbacher
1708 3464 2389 3576 hernach auch zugeschlagen.
