3024 4032
322 344 1441 540 Vnd wie hierüberhin Ihme ernstlich vor¬
424 483 1449 618 gehalten worden, daß dises sein vorgeben
418 558 1455 702 gantz bewahrhafft, sintenmahl er bey der
388 669 1468 824 Jgfrl Stählin bey der Saltz bätte einem ban
412 768 1439 895 ret verloechßlen wollen, eher er den ersteren
400 861 1433 1011 von der Lehnherren widergehabt, dan er ja noch
379 966 1436 1119 bey der Saltz butti gestanden, als die Lenherri
382 1058 1388 1188 sambt ihrem man ihne wegen deß etliche
387 1160 1421 1303 tag zuvor ihro gegebnen faltschen funst
370 1257 1403 1377 Pfundlers angeredt, vnd den sie damahlen
387 1350 1434 1487 noch gehabt, Vnd solle derohalben Gott die
400 1443 1337 1584 Ehre geben, Vnd der hohen Oberkeit die
368 1538 844 1640 Wahrheit bekennen.
344 1641 1379 1795 Ist er hierüber eine zeit lang in gedanken
364 1748 1322 1872 gestanden, endlichen aber sagte er wolle
331 1818 1378 1963 die wahrheit bekennen, nemblichen, er habe
332 1917 1415 2070 groben zu thun bey einem alten Käßgrempler
346 2013 1418 2155 deßen nahmen ihme nit bekänt, ein Käßli kauffen
341 2107 1379 2249 Wollen, dem habe er einen funftpfundler zu ver¬
339 2190 1387 2331 Mechßlen geben, der seye darmit bloß über die
315 2285 1341 2421 brugk zur Sallbutti gangen, und habe ihne
338 2381 1376 2519 Verwachßlen wollen, allein solches seye geschehen
337 2479 1348 2628 eher er darmit zur Lehnherrin kommen.
246 2595 1394 2746 Auff Verdenken, daß solches abermahlen die
333 2719 1372 2817 Vnwahrheit seye, weilen er schon in vorigen
329 2788 1372 2904 examen vnd auch allererst dißmahlen bekent,
321 2855 1351 2993 Vnd gestanden, daß er einen funff pfundler
301 2944 1412 3073 bey der Saltzbüttin zu verloechßlen angebotte,
322 3035 1380 3142 hiemit nohtwendig er selbsten und nit der kaf
309 3107 1391 3260 grempler den Öttler der jgfr Stählen geben
246 3222 1402 3374 Hat er nach einem stillschweigen, geantwortet
305 3319 1386 3462 Er habe einmahl nur den eintzigen gehabt und
301 3416 1409 3533 seye alles nur einer gsin, welches er bey seinem
277 3485 1390 3624 guten gewüßen sagen könne, retractierte
2688 302 2839 429 189
1644 397 2859 588 Darneben seine Vorige Bekantnuß, daß er gemahlen
1678 493 2813 635 einen ettler der jgfr stählin bey der saltz
1649 582 2651 749 hutti gezeigt und zu loechßlen angebotten.
1582 687 2854 889 d. Ob er dan ganz und gar nit gestehen wolle, daß
1667 823 2836 973 die tochter bey der Saltzbütte ihme einen Edler
1664 929 1927 1057 abgenommen.
1598 1005 2824 1181 d. Sie habe denselben dem Käßman nit bechßlen
1693 1131 1916 1262 wollen.
1559 1249 2806 1428 e. Ob er nit verliehenen sammer zu thun in der
1683 1353 2794 1489 Lehe herrin hauß gsin alda brott gekaufft und
1680 1432 2673 1593 ihro ein stüklin gelt zu wechßlen geben.
1576 1564 2844 1736 f. Ja er seye underschidliche mahl mit schiffleühten
1709 1657 2801 1766 dorten gsin und habe alda mit denselben geßen
1722 1740 2744 1885 Vnd trunken, auch habe er Ihre letstlich einen
1696 1827 2515 1962 halben gulden zu wechßlen geben.
1581 1942 2851 2087 R. Ob jemands darbey gsein, als sie ihme gebrechst
1672 2035 2815 2189 let und ob seit hernach ein wenig hinaußgangen.
1599 2166 2834 2332 F. Er seye niemand anders darbey gsin, als er
1737 2250 2824 2399 Aonne auch wohl sein, vnd vermeine ja, sie zeige
1724 2352 2297 2487 hinauß in Käller gangen.
1591 2452 2831 2608 e. Ob er nit damahlen der Lehn herri gelt entlendt.
1613 2573 2785 2747 2. Man habe ihne schon hievor, als er wider
1749 2697 2828 2805 auß dem Oberland kommen, deßentlegen ange¬
1716 2774 2771 2907 stochen, allein er könne bey seinem guhlen ge¬
1723 2866 2828 2979 wüßen sagen, daß er damahlen kein ander gelt
1720 2941 2832 3095 gehabt, als was sie ihme an dem halben gulden
1686 3028 2051 3168 hinaußgeben.
1588 3131 2827 3282 d. Ob er nit silberstengli, die er bey mstren luscher
1720 3243 2763 3354 dem schloßern wollen gescheidig machen, zu thun
1725 3306 2321 3430 in der Hand feil getragen
1723 3378 2834 3517 Er habe zwar Silberstengli, darunder metall gelesen,
1587 3391 1701 3540 f
1713 3452 2826 3588 bey insern teüschern wollen geschmidig machen, allein er
1679 3536 2817 3653 habe keine nie in der hand feil getragen, der Juscher
1720 3607 2117 3720 vberthue Ihm
