3024 4032
345 339 1410 506 Oberherren gschuldiget, der ihnen auch ein
353 450 1409 595 abend brott geben laßen, seye der Wald
340 552 1436 688 Amman streit umb mittags zeit ins Galgut
343 624 1427 784 kommen, Vnd habe dem liechti nachgefragt
358 739 1482 882 Da Er aber denselben nit funden, vnd etliche stund
359 826 1439 981 auf Ihne gelarteten, seye er über die aaren
351 918 1432 1053 gefahren, Willens naher Oberhinigen zugehen
368 1017 1463 1178 und den liechli zu suchen, aber gegen abend ohne
376 1123 1427 1279 denselben wider zuruk kommen. Wie es ein
372 1224 1430 1356 Zimblich nacht gelassen, seye auch der liechti
387 1314 1449 1453 und zwar schon gantz beruscht ins thahlguht
396 1396 1372 1537 kommen und habe sich mit dem Wald amman
376 1501 1389 1649 seinem Bruder und sohn an einen Tisch gesetzt
394 1599 1397 1738 Vnd getrunken, auch darauff alsobald ange¬
378 1681 1434 1831 fangen fluchen vnd schwehren, welches Er sachen
373 1805 1426 1930 Ihme abgelehrt, mit verdenten, wan er solches
379 1888 1403 2012 nit werde, Vnderlaßen, daß er es anzeigen
363 1975 1432 2116 werde, und wie nun er liechli den bösen grist
359 2050 1384 2200 zu underschidlichen mahlen im mund geführt
339 2137 1408 2315 habe der Wald amman gesagt, gehüt unß
354 2221 1443 2370 Gott, Worauff der liechti geredt, der teüffel
358 2317 1375 2471 solle die wort nemmen, darauff nun habe
361 2400 1429 2561 er sachen die wort alsobald aufgeschriben und
354 2521 1403 2658 auß der Nebendstuben drey Chorrichter ge¬
352 2602 1437 2772 reicht, in deren gegenwahrt er dem liechti dise
330 2706 1358 2840 wort wider vorgehalten, welcher auch deren
359 2768 1380 2968 bekant und gestendig gsein, und gesagt, Er
346 2876 1367 3040 Wolle sie hinlegen laßen, darbey seye
363 2965 991 3126 es damahls verbliben.
1874 1313 2487 1493 Catry Christeler
1860 1456 2314 1596 von Haßli.
1681 1552 2831 1751 Ist wegen begangenen Ehebrucht, Vnd zweyen
1727 1706 2849 1859 redigen fähleren in die gsetzmäßige Landti¬
1732 1798 2768 1933 Verweisung verfelt worden. Acte
1725 1917 2344 2035 12. Aprilis 1708.
1899 2097 2434 2282 Nane Fonas
1658 2204 2831 2400 Ein Refugienter zu Viris Wohnhafft, so har
1696 2355 2835 2499 bitte Hambulin, eine Elende persohn verführt,
1690 2439 2786 2565 Vnd andere Vnterschheiten mehr begangen,
1699 2537 2828 2677 ist deßwegen in die landsverleidung
1693 2629 2805 2750 verfelt worden. Acten 21. aprilis.
2528 2746 2727 2830 1708.
1793 2771 2524 2961 Joseph Baurs einer Landts¬
1818 2909 2630 3035 frömbden Schnyders Frl: Vnd Kind
1618 2997 2848 3143 Sind weilen durch disen heuricht die fel. Ihr Landrecht Vermanet
1667 3092 2850 3205 Vnd der Mann dan, wegen begangenen schlimmen stüblinen sich fort¬
1657 3164 2831 3249 gemacht, durch die Profosen auf die grentzen geführt, vnd
1675 3218 2819 3313 betreület worden, daß wan sie sich hinkünfftig mehr
1677 3275 2819 3402 in mahlen landen wurdind sehen laßen, sie alsdan
1672 3347 2814 3486 mit scharpfterer straff werdend angesehen werden
1653 3416 2282 3539 act. 24. aprilis 1708.
