3024 4032
147 189 302 346 102.
239 550 289 727 b
296 288 1377 478 geführte, Vnd daselbsten gegen dem Verleundten co
1377 416 1429 497 1
295 409 696 541 frontiert worden.
309 503 1420 649 Da dan der Verbundte auff vorhalten deß thaten
289 612 1428 757 nit gestehen wollen, daß er getriebet, in fahl das meiten
288 696 1407 820 beharren wurde, daß der Thater Ihme übels nachgere¬
279 775 1410 920 ost, er ihme den tagen durch den leib stoßen wölle, und
271 882 1367 1004 gesagt, Er mueße deß thäters laben, oder Er das
265 969 1356 1108 Seine haben, sondern Er habe allein geredt, Wan
285 1065 1346 1204 es nit wahr seye, daß er Ihme übel nachgeredet,
241 1162 1377 1302 so solle er darin meitli eine täschen geben, im übrigen
335 1254 382 1320 e
377 1249 670 1328 anfengklichen
250 1280 1328 1406 blibe, ein Jeder bey obgedachter seiner Außag
235 1346 1371 1500 Außert, daß der Verbundte hinzugesetzet, es seye
226 1464 1338 1590 Wahr daß, als er den thäteren anfangs gesehen,
993 1531 1362 1608 aber ist der verbundte
244 1551 1301 1691 er ihme mit der hand gelaunken und entlichen, auch
222 1660 1328 1780 gestanden, daß nach gehabtem Wortwächßel er
223 1738 1309 1872 Zum thäteren gesagt, allons done, de te ferari
220 1836 983 1957 voir, sitate moquera des moti.
187 1919 1325 2094 Also auf Oberk befelch verrichtet, den 20.
180 2031 633 2182 septembris 1706.
172 2391 1339 2570 Hieberg ist zu besßen, daß obgedachter mauerinn
202 2509 1313 2655 nachdeme der herr Graf von Metterricht sich er¬
205 2587 1330 2729 klärt, daß Er disers seines diuers sich nicht annemmen,
170 2684 1286 2805 sondern solchen ledigklich der justin überlaßen wolle,
183 2797 1272 2909 Darüberhin in alhiesige Incul in ein Gatterstublic
166 2854 1340 2972 logiert und daselbsten an seiner munden tractiert
160 2927 1270 3048 worden. Weilen aber die so genante Schnaggen,
176 3008 1318 3133 Muter in der Insull allein über anhörung eines von
154 3087 1365 3225 hrn doctoren und Chypunge, so disen verloundten tractiert
178 3158 1256 3285 diser einschließung halber gefuhrten discours, vnd also
142 3241 1290 3374 Wider sonst empfangenen Befelch, das gemach oder
161 3308 1348 3442 Stübli nicht recht verschloßen, sondern allein den Rigel
176 3410 1333 3538 furgethan, Als hat diser Verlaundte einiche tagen
136 3470 1311 3597 hernach Sich bey nacht auß forcht bevorstehender
2692 247 2837 346 103
1649 291 2667 447 straff fort, und auß dem Land gemacht:
1620 406 2812 546 Worbey Meghlen die Racht über die diser
1644 507 2804 621 Evasion halb durch herren Großweibel vnd ein
1601 561 2784 723 den grichtschreibern abgestattete relation
1648 678 2557 833 infaltig dahin gestelt sein laßen
2623 703 2654 766 .
1631 824 2838 979 In ansehen aber deß in der gefangenschafft
1612 949 2827 1098 senthaltenen Vaters antoines suan habend
1610 1041 2818 1178 Megklen die raht nach anhörung hievorstehender
1631 1137 2838 1260 Information, und ablesung deß gesatzes vnd großen
1619 1222 2801 1349 Meyen mandats befunden, weilen diser casus auß
1629 1314 2827 1446 Pihlen Müller vmbstenden nit an den todt gehet, daß
1609 1411 2743 1535 deßen beurteilung Ihnen Meghern den Rahten
1611 1498 2817 1629 zustehe, gestalten meyhlen die nacht zu abstraffung
1584 1594 2794 1731 seines geschoßenen fählers erkent, daß gedeüter
1606 1701 2737 1824 Auani in betrachtung er bereits eine geraume zeit in
1611 1808 2772 1941 der gefangenschafft alhier enthalten gewesen, mit dem
1606 1906 2826 2029 Endt von Mehlen Statt vnd dero Landen Verweisen
1612 2005 2825 2136 Vnd so Er die kösten Vermag, selbige abtragen solle.
1592 2095 2438 2207 Acten den 8ten novembris 1707.
1710 2405 2500 2570 Caspar Kamerer
1833 2536 2327 2686 Von Langnauw.
1572 2584 2751 2775 Ist, von wegen Er gestehen mueßen, nit nur diebs,
1565 2738 2745 2835 Schlußel in anden ze haben, sondern auch schaaff
1585 2804 2806 2926 Vnd dauben entloendet ze haben, zu wohl verdienter
1590 2894 2768 3043 straff für im jahr lang mit ketten an den füeßen
1596 2989 2733 3131 ins schallenwerk erkent worden. Acten: 25
1569 3074 1985 3203 januarii 1707.
1834 3174 2326 3328 Mi Stuker
1894 3305 2051 3402 von.
2263 3313 2507 3412 auß dem
1906 3371 2421 3472 Ambt Trachselwald.
1551 3378 2726 3545 Ist, als ein Vnnutzer Gesell, Vnd der Vnlengst seiner
1552 3522 2732 3618 gmeind einen bastard aufgesaltzen, in das Schallen,
1537 3565 2778 3701 werk erkent worden. Acten 12. martii 1707.
2594 3732 2669 3892 d
