3024 4032
142 225 284 321 100.
213 824 301 946 C
305 240 1457 464 Extertation anfengklich Jeder absonderlich vornenn
315 415 1456 573 nachwerts auch, weilen Sie in etwelchen vmbstenden Ihren
273 468 1412 670 Außagen Vnderscheiden, gegen einanderen Confron
304 593 1400 738 tiert worden. Da dan der Verwundts, dieser
291 711 1221 835 Volgender gestalten erzellet. Namblichen
289 794 1359 940 Verlichen Sontag Abendts habe Er den Thateren
291 889 1397 1039 auf der gaßen angetroffen, vnd demselben vorgehalten
256 989 1410 1132 daß Er Ihme dem Verwundten übel nachgeredet, welcher
253 1087 1407 1212 Der thater Vermeinet, Er aber sonsteniert, vnd begehrt
275 1173 1410 1302 daß er die worte wider zurüknemmen solle, Woruff
254 1252 1314 1394 dder thäter den kopff geschettelt und gesagt,
258 1359 1354 1488 Do me moques de ca, Er der Verkundte aber repli¬
271 1437 1379 1585 dert, et maii sei me moque destor, Worüber der tha¬
260 1521 1363 1666 ter gesagt, allons done, Er der Verleundte Zingen Ver¬
250 1622 1362 1744 sett, der bien, und seyen darmit zlonschen 5 und
258 1711 1360 1835 6. Uhren zum Gristofel Thor hinauß gegen Holtz
240 1812 1319 1935 zugangen, da beym eingang deß Holtzes im ertag
240 1909 1326 2031 Sie die Rot vnd Vertes außgezogen, die tagen ent¬
244 1985 1370 2110 Elsßt vnd auff einanderen loosgangen, Er verlaun,
244 2084 1344 2200 te aber wüße wegen gehabten Zorns, sich so eigent,
226 2179 1352 2296 lich nit zuversinnen, welcher von Ihnen zuerst den
222 2243 1357 2386 Rot vnd Tagen außgezogen, Vermeine aber es seye
230 2337 958 2474 von beyden zugleich beschehen.
973 2352 1354 2476 Im übrigen bätte
220 2436 1323 2562 er eine hohe oberkeit umb Jesu Christi, gottes und
223 2520 1342 2658 deß Jungsten gerichts willen dem thätern solches zu¬
217 2617 1352 2737 verziehen, vnd begehren nit, daß von deßentwegen Er
213 2716 948 2835 eicher maßen gestrafft werde.
147 2820 1313 2986 Anteine Aucan der Pater gelihenig von Paris
192 2938 1307 3055 seiner vocation ein schloßer erzelte die hergan¬
178 3013 1304 3130 genheit der sach, wie volget, namblichen
192 3094 1273 3207 Er befinde sich erst sicht 5 oder 6. tagen hier in
167 3164 1328 3318 Hern seye von Basel auß alhargeschikt worden
156 3268 1258 3422 bey herren Herr zu arbeiten, habe vor disem in
132 3352 1308 3503 Berlin, vnd anderen Stetten Teutschlandts ge¬
159 3451 1322 3616 arbeitet vnd der orten mit dem verlauten bekant,
2701 232 2831 344 101
1597 294 2866 486 Schafft gemacht, seyen auch jederzeit in Vertrauwlicher
1634 428 2849 545 frundschafft mit einanderen gestanden, biß verleichenen
1645 492 2834 651 Sontag abendts, da Er Maar ohngefahr vmb fundt
1645 604 2786 721 Vhren, mit einichen Schloßergesellen zum thor hineyn,
1641 671 2764 814 kommend beym Barm graben die statt abgangen.
1628 751 2824 904 habe der Verwundte, so hinder dem baren, graben
1625 853 2829 1008 bey den Linden gestanden, Ihne gesehen, vnd mit der
1622 937 2849 1087 hand gewunden, worauff er deponent seine geselschafft
2265 1027 2297 1089 l
2142 1021 2245 1094 disha
1633 1037 2843 1171 Verlaßen, Vnd sich zum Verwundten begeben, welcher
1629 1125 2780 1265 Ihme alsobald Verlaußlich vorgehalten, daß Er bey
1635 1205 2824 1360 einem meitli alhier ihmm übels nachgeredt haben solle mit
1619 1296 2800 1406 disen worten, quil angit gegnen damal labas und
1608 1364 2848 1494 Wie Er thäter solches vernemet, habe der Verleundte
1594 1460 2806 1601 darauß gesagt, er könne sich darmit nit vernüegen
1623 1554 2781 1702 mit hinzusetzen, wan das meitli darauß beharre
1616 1670 2823 1787 daß er disere wort geredt, so wolle er ihme den
1620 1738 2786 1863 tagen durch den leib stoßen, Vnd Er mueße deß
1615 1821 2753 1949 thäters Laben, oder Er thäter das seine haben,
1615 1927 2824 2013 Vnd als Er thäter daruber repliciert es seye noch nit
1603 2005 2836 2132 darumb ze thun, habe der Verleundte Ihne heißen vor
1594 2096 2820 2211 das thor hinaußkommen, da sie nun mit einanderen
1573 2195 2810 2304 hinauß biß zu einem holtz gangen, habe der Verleundte
1611 2271 2822 2401 gesagt, Cest in, Vnd darauff zuerst den Rot auß¬
1587 2358 2763 2486 gezogen, vnd die Tagen scheyde beyseihts geworffen
1558 2462 2795 2584 Weßentliegen Er gethäter auch ein gleiches gethan, vnd
1578 2531 2807 2655 seyend darüber auß einanderen loosgangen, volgends
1576 2601 2814 2752 aber, als der Verleundte den stich empfangen, habe Er
1588 2696 2813 2851 ihre nit so hulffloos wollen ligen laßen, sondern ihme
1567 2787 2809 2912 den rot und tagen wider angelegt, und in die Statt
1577 2876 2247 3012 zu seinem Losament geführt.
1899 3000 2321 3178 Confrontatio
1542 3156 2771 3326 Als in disere deß Vaters Außag in Vnder
1561 3261 2736 3381 schidlichen nahmhafften vmbstenden von deß Ver¬
1503 3343 2765 3484 Wundten Außag Vnderscheiden befunden worden,
1555 3422 2774 3566 Ist darauß in der gethater durch die Profosen
1567 3528 2771 3661 auß der Gefangenschafft zum hinderen halten
