3024 4032
321 327 1448 498 E. Es habe solches gelaugnet, weilen es liechtsinig
394 425 1396 561 ghin es erkenne aber, daß es nit recht ger
402 510 666 627 than habe,
250 646 1400 792 2. Warumb es aber die matten abflichen
416 756 1362 865 wollen, wan es das kind nit vmbs lieben
424 834 839 937 gebracht hette.
245 917 1334 1055 R. seye durch die gaßen gangen, Vnd habe
379 1012 841 1134 auf heimb zu wollen.
406 1183 1357 1319 Und als ihme mit leidermahliger vor-
181 1202 345 1311 E
339 1226 406 1320 d
359 1269 1429 1404 haltung aller verdächtigen vmbstenden, krefftig
367 1361 1300 1478 zugesprochen worden, daß es doch die
370 1460 1356 1571 Wahrheit nit verbergen, sondern selbige
382 1522 1379 1666 gutwillig bekennen solle, damit lädrigen
361 1603 1416 1746 fahls man nit zu anderen und scharpfferen
381 1709 1025 1848 mitlen schreiben müeße.
339 1812 1384 1951 So ist es dennoch, deßen alleßen ohnge¬
181 1825 309 1961 R.
367 1909 1381 2026 acht bestendig darin verbliben, daß es
357 1993 1412 2119 gar nit im zinen und auch keinen vorhalt ge-
332 2076 1411 2191 habt habe das kind umbs leben zu bringen,
352 2139 1388 2293 und dorffe vor seinem gott beziegen, daß
358 2242 1362 2371 es die wahrheit geredt habe, und könne
340 2359 1375 2460 auch anderst nit reden, es möge Ihm gahn
323 2398 1370 2542 Wie es wolle, bätte aber gott und
336 2489 1415 2607 der gnädige oberkeit umb gnad, und umb
319 2574 654 2722 Verzeichung.
334 2681 1395 2823 Dißes ist nun das Jenige Was durch disen
332 2771 1335 2893 examen an tag gebracht werden mögen
323 2840 1054 2979 Act 9. Marty 172
259 3241 589 3419 E
787 3232 1267 3437 E
2629 316 2741 416 237.
1745 364 2170 558 Weyter
2201 372 2579 542 xamen
1851 529 2580 717 Den 11. martii viii verführt
1874 655 2581 792 mit vorgedachter Margrecht
2115 739 2489 861 rängen
1603 865 2751 1045 Als zu vollstrekung deß oberkeiten befelchs
1642 977 2755 1135 durch Meinen hochgeehrten herren examinatoren
1700 1073 2758 1210 mit zu thun Er Ihel. Dienern herren Groß lau-
1672 1166 2744 1268 Bel Wurstenbergers vnd deß Grichtschreibers
1664 1254 2683 1373 das droben in der gefangenschafft enthaltene
1665 1332 2729 1458 Margrecht Krangen, und zwar nit allein ernst,
1669 1438 2748 1549 Wörtlichen, sondern auch mit Betreulo, Vnd zeigung
1718 1533 2764 1669 der Marter examiniert, vnd Ihm krefftig Vor¬
1708 1623 2777 1745 gehalten worden, daß auß verschloeigung und
1732 1724 2780 1847 verlaugnung seiner schwangerschafft und auß
1710 1808 2737 1911 der prostur, in welcheren es das kind auf die
1725 1890 2784 1992 Welt gebracht, wie auch, daß es die nabelschnur
1745 1979 2727 2079 abgehauwen, Vnd das kind vnder das Kriß
1752 2067 2797 2180 Verborgen, nohtwendig zuschließen seye, daß
1741 2147 2761 2272 es das vnd nit mir vmbs Leben zubringen
1739 2223 2762 2350 im sum gehabt, sondern auch würklichen umbs
1707 2317 2298 2436 Leben gebracht habe etc.
1698 2402 2811 2564 So ist dises Mentsch dennoch immerhin vnd hiemit
1737 2490 2746 2619 auch droben bey der strebi bestendig auf
1737 2569 2775 2707 seiner vorigen Erkantnuß vnd Vergicht Ver¬
1731 2641 2786 2764 bliben, sonderlich aber daruff stris Ver¬
1717 2722 2771 2839 harret, daß es gar niemahlen einichen bosen
2747 2840 2798 2881 n
1698 2799 2746 2929 Vorsatz noch zum weniger einichen bösen
1697 2903 2793 3015 Millen, dises Kind vmbs Leben vmbs leben
1710 2987 2394 3104 zubringen nit gehabt habe.
1709 3052 2801 3224 Es habe zwar am Montag, da es auf Ma¬
1722 3153 2809 3289 beren zugangen, das vnnd ein wenig gespurt
1703 3227 2761 3377 Dennoch aber seye es nit Vnruldig gsin, die
1703 3316 2805 3466 darauff erfolgte nacht aber wie auch den
1728 3411 2816 3536 darauff erfolgten Tag, vnd weder in der ge¬
1728 3494 2787 3623 nißt, noch hernach, da es die nabelscheur
