3024 4032
175 164 318 256 108.
487 270 1278 437 allbrecht schnell
604 395 896 491 von Bern
300 490 1421 646 Ist legen gethanen Einbruchs in herren Landervogt
292 603 1431 744 Ernhardts hauß vnd entlandung einichen Kleinen stekenn
1273 709 1384 784 sslich
298 704 1411 847 Gelts für ein jahr lang von Statt und land banni,
304 792 1309 935 siert worden, Acten 29. septembris 1107.
514 1074 1094 1251 Caspar Holtzuanti
474 1193 1060 1332 Der Flachmahler von hier
272 1325 1366 1470 So einiche diebstahl begangen, ist deßwegen auß
280 1440 1411 1551 gnad hin von Statt und land eydlich bannisiert worden.
268 1527 758 1631 Acten 29. septembris 1687.
481 1738 1369 1922 Antoine Jacquet, von Refert.
845 1880 904 1930 und
508 1871 1360 2040 Friderich Marck von Schlingen
244 1989 1388 2150 So, als verdächtige Bettelschnyder eingesetzt word,
251 2092 1316 2226 ernach aber weder durch ernstliches zusprechen, noch
257 2170 1363 2290 durch antreuli und zeigung der Marter zu Kemer
243 2258 1285 2364 bekantnus gebracht werden mögen, sind nach inhalt
243 2323 1291 2451 oberk erkantnus von Megheen statt und landen,
231 2404 1268 2535 Der Mart erblich, der Jaggelt aber ohne erd
252 2481 1354 2613 Verwisen, vnd durch die Profosen auff die grentzen
245 2570 1313 2688 geführt worden. Acten. Den 13. octobris 1707.
343 2809 1011 2990 Hinrich Fuchslin
403 2909 1095 3047 alt sternenwihrt von Brugk.
189 3023 1317 3181 Ist, als ein unzahlbahrer an deme man in seinem
196 3130 1325 3262 Geltstag verlurstig worden, und der seinen hie vor
193 3221 1271 3335 prostierten bannisations Eydt übertretten, so
205 3302 1360 3410 auch während seiner bannisation mit schmähen und trauben
191 3373 1257 3490 sehr übel, nicht einicher von der statt trugk
166 3460 1276 3588 engelangter schreiben, verhalten, anfängklichen
171 3536 1290 3647 zur bamuisation und übergebung in wiegsdienst
163 3614 1078 3743 4 wegen begangenen zweyben ehebruchsen
2632 260 2765 359 109
1652 354 2800 561 Verfelt, hernach aber und weilen keine gelagen,
1637 468 2741 602 heit ihre in kriegsdienst zu verschiken sich eringen
2443 573 2555 622 uidemahle
2393 562 2429 623 .
1614 548 2782 695 Wollen, von Meghlen statt und Landen eydtlich verweisen
1642 633 2707 770 Vnd durch die Profosen auff die grentzen gegen
1642 704 2732 848 Basel verführt worden, mit der insinuation, daß
1633 794 2755 935 fahls er sich ohne obertl bewilligung widerumb im
1622 881 2731 1033 land sehen laßen und ergriffen wurde, von ein an
1638 964 2748 1105 erkent vnd geschloßen seye, daß er denzmahlen
1654 1054 2761 1191 mit ruchten außgeschmeyßt, ja gar mit anderer
1629 1148 2723 1268 schlaaren leibsstraff angezehen werden solle, Also
1627 1234 2764 1374 erkent den 28. octobris und exequiert den 31.
1621 1334 1982 1439 octobris 1707.
1801 1500 2398 1691 Niclaus sagen
1866 1658 2344 1776 von Niderheinigen.
1611 1758 2767 1887 So dem Teusterthumb ergeben, vnd keine Vnderbeisung
1639 1861 2747 1979 annemmen wollen, ist, weilen er den eyd würklich zu
1630 1938 2812 2067 schlageren sich verweigeret, mit vorlasung deß
1635 2014 2781 2140 bannisation, Eÿdts, vnd betreuwung, wan er hierüber
1621 2093 2767 2207 widerumb im land sich sehen laßen wurde, er als dan
2075 2154 2160 2214 werden.
1633 2153 2774 2283 als ein meyneydiger angesehen und abgestrafft werden,
1613 2233 2777 2372 durch die grosen auff die grentzen geführt worden.
1624 2322 2607 2444 also exequiert den 20. novembris 1787.
1844 2485 2313 2619 Rudolff Peter
1792 2595 2368 2699 Von Rusenten zurich gebirets.
1605 2676 2785 2790 So drunden zu Fraulobrunnen einen ehrenen haffen etlendet,
1627 2755 2785 2841 und sonsten im land hin und widerrodiert, auch bereits hierben
1602 2828 2788 2920 seine Religion abgeenderet haben soll, ist zu seiner abstraffung
1612 2901 2781 3015 für ihnen monat lang ins schallenwerk erkent, und nach deren
1596 2994 2789 3086 Verfließung zur eydlichen bannisation erkent vnd verfelt
1584 3072 2457 3188 worden. Acten 19. novembris 1707.
1594 3148 2598 3270 Ist den 22. ins Schallenwerk übergeben worden.
2758 1405 2828 1496 s
2777 705 2824 810 n
2788 838 2832 909 7
2792 954 2834 1002 e
