3024 4032
162 1559 275 1659 1706
195 238 311 344 34
416 254 1137 474 Heinrich Wirth
675 384 801 473 und
460 428 1183 592 Heinrich Quonitz
551 533 1177 657 ansen Zürich gebieth
276 610 1406 761 Nachdeme Heinrich Wirth
298 704 1431 826 von Rohrbis bey 27 und Heinrich Quantz
275 769 1392 894 von Walden bey 28 jahren alt beyde
284 831 1437 955 ansem Zürich gebieth wegen begangenen
269 912 1454 1019 vielen diebstählen auff gethane anstalt, drun¬
271 978 1414 1111 den zu Sollothurn in verkauffung etwelcher
280 1042 1377 1163 entwendten sachen ergriffen, in verhafft
270 1109 1417 1228 gezogen Volgends aber auff Ihr Gerl. be¬
278 1175 1388 1297 gehren von Lobl standt Sollothurn, Craff
270 1242 1396 1371 habenden vertragen, auff abtrag der costen
272 1315 1381 1431 temittiert und darauff gewahrsamblich
273 1394 1426 1501 alhar in die gefangenschafft gebracht worden.
280 1461 1367 1572 sindt selbige den an und 8ten aprilis.
299 1534 1431 1660 durch Mühle Rahts herr Willadung als von
273 1626 1409 1714 ihr geel verordneten herr examinatoren
277 1673 1420 1778 mit zuthun dero dieneren hern großwei
256 1746 1379 1860 Fel Berßets und des grichtschreibers über
247 1808 1386 1915 Die bereits hievor zu Sollothurn bekennte
264 1880 1367 1967 und andere begangene diebstahl die sie
252 1937 1385 2031 mit und neben ihren zwey übrigen diebs
241 2004 1340 2119 gspahnen Barthli und Jacob Kästli von
243 2073 1382 2188 Appenzell, umb allhiesige Hauptstatt ver¬
262 2147 1319 2256 nebt sowohl guet-ernstlich als mit
235 2202 1421 2328 Anwendung einfacher Marter krafft habenden
234 2295 1314 2402 befelchs examiniert, da dann selbige
243 2364 1403 2500 bekandtlich worden, daß sie bereits erh
238 2426 1335 2560 etliche jahr auß ihren heimathen wegen
230 2493 1398 2614 jeder absonderlich hin und wider dem bättel
257 2568 1363 2686 nachgezogen, und ohnangesechen sie keine
228 2639 1356 2758 handtwerck erlehrnet, dennoch für handt
252 2716 1336 2836 wercks kerle sich offtmahls außgeben und
224 2761 1320 2901 auff solche weis das allmusen geforderet
1320 2843 1356 2878 .
194 2877 1368 3045 ohngefehrt umb letst verwichene neüws
246 2980 1335 3095 jahrszeit habend sie ein anderen nit
219 3044 1367 3196 weit von Guttweil angetroffen und nach
210 3119 1313 3231 gemachter Bekandtschafft, auff angeben
220 3184 1375 3318 des Barthli Kästlins sich verglichen in denen
213 3259 1375 3405 herumbligenden sommerhaußeren einzu
212 3336 1312 3450 brechen, wie dann ohnlangst alle Vier
198 3416 1359 3524 zugleich nächtlicher weiß mit hulff einer
189 3468 1332 3606 leiteren, so sie bey einem bauwren hauß
1165 3579 1279 3699 zu
2833 85 2963 192 35
1637 255 2874 482 zu eüßerst im dorff Buchser genommen, in
1673 318 2967 511 einem großen hauß zu Weil ein gebrochen vnd
1665 435 2313 593 daselbsten entwendt.
1654 505 2457 667 5. Dotzet zinerne Fäller
1654 589 2406 747 d. Dotzet große blatten
1671 639 2580 804 N. Dotzet noch größere Blatten
1664 733 2509 855 1. dotzet kleinere Blatten.
1667 801 2276 928 3. assietes Creuses
1677 843 2657 1007 1. andere Blatten mit waapen.
1757 943 2243 1081 zin Gießfaß.
1662 1003 1756 1079 1.
2149 1053 2202 1124 .
1649 1041 2149 1157 1. Thee Kämlin
1648 1110 2091 1227 2. Kertzen stöck
1652 1144 2621 1306 d. halb meßige Zimme kandten.
1643 1258 2222 1380 8. Silberne Löfel
1655 1337 2249 1460 8. Silberne gablen
1652 1411 2484 1531 1. Silbernes Saltzbüchslin
1752 1522 1957 1614 Canne
1656 1516 1713 1604 1.
2177 1615 2207 1653 .
1646 1586 2173 1696 1. Weydmeßer
1640 1648 2945 1774 1. Jahr mannens ohne mit silbernen Ringgen
1640 1746 2424 1874 2. Deckenen von indienne
1726 1824 2774 1958 Betth Vmbschlag sambt 6 flüglen.
1639 1865 1695 1960 1.
1635 1928 2612 2049 2. Dischtücher von obigem zeug
1641 2022 2446 2135 6. handt zwechelen, und
1614 2117 2663 2238 einen großen spiegel zerschlagen.
1614 2225 2902 2313 Alle diese sachen habend sie anfangs ins
1616 2283 2889 2396 grauw holtz getragen und ein theill darvon
1633 2362 2865 2470 nit weit von der Ziegel hutten bey einichen
1590 2425 2880 2554 Scheiterbeygen und er einen stock in die erde
1616 2499 2856 2614 Vergraben mit dem Zimmen gschier aber
1620 2579 2852 2673 seyend zween von ihnen nach sollothurn
1606 2639 2864 2756 und zween nach Burgdorff gangen und da
1596 2715 2831 2808 selbst den kandten gießeren Verkaufft
1592 2804 2891 2886 dem zu sollothurn habend sie 64 lb 15 lb.
1626 2852 2849 2969 Dem zu Burgdorff den überresten von 30
1589 2924 2594 3037 8ß 37 lb a 4 bz das ob hingeben
1647 3001 2776 3115 er kandten gießer zu Sollothurn habe
1563 3012 1628 3107 C
1591 3077 2822 3186 Ihnen 12 lb und 20 bz darfur versprochen
1592 3147 2753 3257 aber nichts geben, dem zu Burgdorff
1584 3215 2834 3330 habend sie 8 blatten gantz, vnd der Resten
1582 3284 2795 3397 zusammen geschlagen zugebracht, worfür er
1582 3363 2298 3479 ihnen 4 thren bezahlt.
1825 3468 1892 3547 e
2247 3456 2737 3601 Weiters, und
2306 3547 2779 3645 zum anderen
2860 2678 2899 2727 .
