<?xml version="1.0" encoding="UTF-8" standalone="yes"?>
<PcGts xmlns="http://schema.primaresearch.org/PAGE/gts/pagecontent/2013-07-15" xmlns:xsi="http://www.w3.org/2001/XMLSchema-instance" xsi:schemaLocation="http://schema.primaresearch.org/PAGE/gts/pagecontent/2013-07-15 http://schema.primaresearch.org/PAGE/gts/pagecontent/2013-07-15/pagecontent.xsd">
    <Metadata>
        <Creator>prov=University of Rostock/Institute of Mathematics/CITlab|PLANET AI GmbH/Gundram Leifert/gundram.leifert@planet-ai.de:name=German_Kurrent_XVI-XVIII_M1(htr_id=19584)::::v=2.6.7
prov=University of Rostock/Institute of Mathematics/CITlab|PLANET AI GmbH/Tobias Gruening/tobias.gruening@planet-ai.de:name=de.uros.citlab.module.baseline2polygon.B2PSeamMultiOriented:v=2.6.7
prov=University of Rostock/Institute of Mathematics/CITlab|PLANET AI GmbH/Tobias Gruening/tobias.gruening@planet-ai.de:name=/net_tf/LA73_249_0mod360.pb:de.uros.citlab.segmentation.CITlab_LA_ML:v=2.6.6
Transkribus</Creator>
        <Created>2020-11-29T22:51:14.641+01:00</Created>
        <LastChange>2022-09-09T14:41:19.492+02:00</LastChange>
        <TranskribusMetadata docId="1334841" pageId="52362303" pageNr="115" tsid="114644107" status="IN_PROGRESS" userId="9570" imgUrl="https://files.transkribus.eu/Get?id=MXNCXGDZOOZDYZHHFBOCZBVI&amp;fileType=view" xmlUrl="https://files.transkribus.eu/Get?id=FILNUBMDJYLBWQOMUTVELIFM" imageId="17821871"/>
    </Metadata>
    <Page imageFilename="IMG_4987.jpg" imageWidth="3024" imageHeight="4032">
        <ReadingOrder>
            <OrderedGroup id="ro_1687513679841" caption="Regions reading order">
                <RegionRefIndexed index="0" regionRef="r1"/>
                <RegionRefIndexed index="1" regionRef="r2"/>
                <RegionRefIndexed index="2" regionRef="r3"/>
            </OrderedGroup>
        </ReadingOrder>
        <TextRegion orientation="0.0" id="r1" custom="readingOrder {index:0;}">
            <Coords points="138,206 138,362 195,362 195,206"/>
            <TextLine id="r1l1" custom="readingOrder {index:0;}">
                <Coords points="131,323 141,323 145,318 173,324 186,313 203,312 196,243 183,243 168,255 159,251 146,256 141,253 135,260 125,261"/>
                <Baseline points="138,312 166,309 195,306"/>
                <TextEquiv>
                    <Unicode>20</Unicode>
                </TextEquiv>
            </TextLine>
            <TextEquiv>
                <Unicode>20</Unicode>
            </TextEquiv>
        </TextRegion>
        <TextRegion orientation="0.0" id="r2" custom="readingOrder {index:1;}">
            <Coords points="263,440 263,3595 1409,3595 1409,440"/>
            <TextLine id="r2l1" custom="readingOrder {index:0;} person {offset:0; length:12;}">
                <Coords points="419,544 463,559 510,515 576,499 727,498 864,552 939,500 1036,494 1033,432 981,423 940,448 844,394 753,443 677,437 623,389 517,465 465,431 415,446"/>
                <Baseline points="425,524 455,518 485,511 515,507 545,503 575,501 605,498 636,497 666,497 696,495 726,495 756,495 786,495 816,495 847,495 877,495 907,493 937,492 967,489 997,485 1028,480"/>
                <TextEquiv>
                    <Unicode>Salomi Meyer.</Unicode>
                </TextEquiv>
            </TextLine>
            <TextLine id="r2l2" custom="readingOrder {index:1;}">
                <Coords points="760,644 776,644 786,652 810,650 800,531 790,532 769,551 752,557"/>
                <Baseline points="762,594 798,591"/>
                <TextEquiv>
                    <Unicode>.</Unicode>
                </TextEquiv>
            </TextLine>
            <TextLine id="r2l3" custom="readingOrder {index:2;} place {offset:4; length:3;}">
                <Coords points="497,624 559,613 661,626 694,616 706,624 753,603 752,546 727,541 711,553 663,533 614,536 597,551 564,528 523,548 495,543"/>
                <Baseline points="504,600 530,599 557,599 584,597 611,596 638,595 665,594 692,594 719,593 746,593"/>
                <TextEquiv>
                    <Unicode>Von Bur</Unicode>
                </TextEquiv>
            </TextLine>
            <TextLine id="r2l4" custom="readingOrder {index:3;} place {offset:29; length:6;}">
                <Coords points="309,773 796,725 883,775 1011,727 1162,777 1211,739 1393,760 1392,699 1344,681 1286,699 1181,646 1111,680 988,627 626,686 471,649 308,671"/>
                <Baseline points="315,741 368,741 422,740 475,737 529,736 582,734 636,732 689,731 743,728 796,727 850,726 904,725 957,724 1011,723 1064,725 1118,725 1171,726 1225,728 1278,731 1332,735 1386,738"/>
                <TextEquiv>
                    <Unicode>Welche im Octob. Letsthin zu Arburg außge¬</Unicode>
                </TextEquiv>
            </TextLine>
            <TextLine id="r2l5" custom="readingOrder {index:4;}">
                <Coords points="330,866 389,832 1018,806 1070,841 1270,820 1335,775 1266,747 884,776 814,741 736,775 327,764"/>
                <Baseline points="336,828 385,827 435,825 484,824 534,823 584,822 633,820 683,818 732,816 782,813 832,810 881,809 931,807 980,804 1030,803 1080,801 1129,800 1179,799 1228,798 1278,798 1328,798"/>
                <TextEquiv>
                    <Unicode>schmeitzt und deß landts verwisen worden,</Unicode>
                </TextEquiv>
            </TextLine>
            <TextLine id="r2l6" custom="readingOrder {index:5;}">
                <Coords points="314,956 388,921 509,963 820,894 895,947 1005,892 1148,931 1277,884 1398,938 1415,838 1242,816 1042,857 853,824 676,830 567,885 371,842 311,872"/>
                <Baseline points="320,917 374,917 428,915 483,912 537,910 592,908 646,903 701,899 755,896 810,893 864,890 918,887 973,884 1027,882 1082,881 1136,881 1191,881 1245,882 1300,886 1354,890 1409,896"/>
                <TextEquiv>
                    <Unicode>Ist wegen wider betrettung mrghern gottmäsin</Unicode>
                </TextEquiv>
            </TextLine>
            <TextLine id="r2l7" custom="readingOrder {index:6;}">
                <Coords points="344,1053 355,1051 376,1033 387,1036 408,1014 412,1017 420,1012 429,1018 450,1002 462,1000 459,951 424,952 393,924 380,932 349,969 338,971"/>
                <Baseline points="347,1010 374,1007 401,1006 428,1004 455,1001"/>
                <TextEquiv>
                    <Unicode>heit</Unicode>
                </TextEquiv>
            </TextLine>
            <TextLine id="r2l8" custom="readingOrder {index:7;} person {offset:0; length:23;}">
                <Coords points="392,1446 1199,1433 1213,1340 1127,1355 1031,1327 988,1360 926,1328 900,1356 765,1333 736,1354 585,1318 388,1344"/>
                <Baseline points="398,1424 438,1422 479,1421 519,1419 560,1416 600,1415 641,1413 681,1412 722,1410 762,1409 803,1406 843,1405 884,1403 924,1403 965,1401 1005,1400 1046,1398 1086,1397 1127,1397 1167,1395 1208,1394"/>
                <TextEquiv>
                    <Unicode>Ali Stoll von Nohtacher, und </Unicode>
                </TextEquiv>
            </TextLine>
            <TextLine id="r2l9" custom="readingOrder {index:8;} person {offset:0; length:16;} place {offset:26; length:10;}">
                <Coords points="416,1551 1088,1529 1301,1571 1365,1545 1364,1485 1300,1438 1157,1490 1054,1446 791,1473 692,1448 415,1511"/>
                <Baseline points="422,1533 468,1533 515,1533 562,1532 609,1532 656,1532 702,1530 749,1529 796,1529 843,1527 890,1527 936,1526 983,1525 1030,1524 1077,1524 1124,1523 1170,1523 1217,1523 1264,1523 1311,1523 1358,1523"/>
                <TextEquiv>
                    <Unicode>Christen Beyeler, auß dem Auggisperg,</Unicode>
                </TextEquiv>
            </TextLine>
            <TextLine id="r2l10" custom="readingOrder {index:9;} place {offset:13; length:14;}">
                <Coords points="457,1642 508,1654 626,1614 808,1649 1015,1629 1157,1671 1243,1616 1276,1625 1275,1564 1197,1544 1119,1573 1082,1542 1034,1571 777,1552 657,1587 560,1542 457,1575"/>
                <Baseline points="464,1617 504,1617 544,1616 584,1616 624,1616 665,1616 705,1614 745,1614 785,1614 825,1614 866,1614 906,1614 946,1614 986,1614 1026,1614 1067,1613 1107,1613 1147,1613 1187,1613 1227,1613 1268,1611"/>
                <TextEquiv>
                    <Unicode>beydes ambts Schwartzenburg.</Unicode>
                </TextEquiv>
            </TextLine>
            <TextLine id="r2l11" custom="readingOrder {index:10;}">
                <Coords points="282,1793 366,1758 786,1782 891,1751 1362,1790 1363,1724 1276,1686 1144,1718 1012,1660 896,1669 819,1722 688,1681 579,1728 492,1687 427,1710 285,1630"/>
                <Baseline points="290,1746 343,1746 396,1746 449,1747 503,1748 556,1748 609,1748 662,1749 716,1749 769,1751 822,1751 875,1752 929,1754 982,1755 1035,1756 1088,1757 1142,1759 1195,1761 1248,1763 1301,1766 1355,1767"/>
                <TextEquiv>
                    <Unicode>Sins wegen auf Sie gefallenen Verdachts, Jeni¬</Unicode>
                </TextEquiv>
            </TextLine>
            <TextLine id="r2l12" custom="readingOrder {index:11;} place {offset:7; length:15;}">
                <Coords points="304,1841 466,1819 757,1872 890,1840 1304,1867 1405,1856 1406,1805 1160,1776 1052,1821 935,1773 861,1812 649,1762 305,1790"/>
                <Baseline points="311,1821 365,1823 419,1824 474,1826 528,1827 582,1829 637,1830 691,1830 745,1832 800,1833 854,1833 908,1835 963,1836 1017,1836 1071,1838 1126,1839 1180,1840 1234,1842 1289,1843 1343,1845 1398,1847"/>
                <TextEquiv>
                    <Unicode>gen im schloß Rümligen den 22. aprilis letsthin</Unicode>
                </TextEquiv>
            </TextLine>
            <TextLine id="r2l13" custom="readingOrder {index:12;}">
                <Coords points="299,1940 911,1922 1019,1973 1102,1924 1318,1924 1276,1875 1071,1894 928,1848 800,1897 493,1840 403,1866 370,1840 300,1883"/>
                <Baseline points="306,1911 356,1912 406,1913 456,1913 507,1913 557,1914 607,1914 657,1914 708,1914 758,1914 808,1916 858,1916 909,1916 959,1917 1009,1917 1059,1919 1110,1919 1160,1920 1210,1921 1260,1922 1311,1923"/>
                <TextEquiv>
                    <Unicode>durch nächtlichen einbruch verüebten diebstahl</Unicode>
                </TextEquiv>
            </TextLine>
            <TextLine id="r2l14" custom="readingOrder {index:13;}">
                <Coords points="300,2042 408,2003 662,2010 697,2043 827,2002 999,2053 1150,2015 1263,2049 1368,2022 1369,1954 981,1982 846,1928 757,1980 704,1945 570,1933 513,1973 378,1931 301,1964"/>
                <Baseline points="308,1997 360,1997 413,1997 466,1997 518,1997 571,1998 624,1998 676,2000 729,2000 782,2001 835,2001 887,2003 940,2003 993,2004 1045,2004 1098,2004 1151,2006 1203,2006 1256,2006 1309,2004 1362,2004"/>
                <TextEquiv>
                    <Unicode>begangen ze haben, durch meinen mohlgeehr</Unicode>
                </TextEquiv>
            </TextLine>
            <TextLine id="r2l15" custom="readingOrder {index:14;} person {offset:22; length:13;}">
                <Coords points="320,2090 502,2136 632,2098 924,2135 1366,2092 1366,2059 1196,2040 1151,2071 1118,2036 1082,2062 960,2023 896,2057 782,2024 561,2070 477,2023 320,2045"/>
                <Baseline points="327,2082 378,2084 430,2085 481,2088 533,2090 584,2091 636,2093 687,2094 739,2096 790,2097 842,2099 894,2100 945,2100 997,2100 1048,2100 1100,2099 1151,2098 1203,2096 1254,2094 1306,2091 1358,2088"/>
                <TextEquiv>
                    <Unicode>ten herren Großweibel Würstenberger</Unicode>
                </TextEquiv>
            </TextLine>
            <TextLine id="r2l16" custom="readingOrder {index:15;}">
                <Coords points="317,2186 526,2229 584,2196 858,2228 1252,2186 1400,2222 1400,2144 1326,2115 1142,2150 1055,2122 912,2167 739,2108 541,2155 485,2118 317,2115"/>
                <Baseline points="324,2180 377,2181 430,2183 484,2184 537,2186 591,2186 644,2187 697,2187 751,2189 804,2189 858,2189 911,2189 964,2189 1018,2189 1071,2189 1125,2187 1178,2187 1231,2186 1285,2184 1338,2184 1392,2181"/>
                <TextEquiv>
                    <Unicode>und den grichtschreibern gantz ernstlörtlichen</Unicode>
                </TextEquiv>
            </TextLine>
            <TextLine id="r2l17" custom="readingOrder {index:16;}">
                <Coords points="317,2325 579,2263 633,2297 691,2272 746,2316 856,2270 987,2326 1203,2318 1204,2239 1171,2218 915,2218 856,2253 755,2201 645,2230 581,2203 528,2233 319,2225"/>
                <Baseline points="326,2268 369,2266 413,2264 456,2262 500,2262 543,2261 587,2262 630,2262 674,2264 717,2265 761,2265 804,2267 848,2270 891,2271 935,2273 978,2274 1022,2276 1065,2279 1109,2279 1152,2280 1196,2282"/>
                <TextEquiv>
                    <Unicode>examiniert worden, und hat</Unicode>
                </TextEquiv>
            </TextLine>
            <TextLine id="r2l18" custom="readingOrder {index:17;} person {offset:23; length:9;}">
                <Coords points="322,2426 367,2392 468,2435 667,2381 800,2427 855,2377 973,2406 1326,2373 1325,2330 1190,2347 1137,2314 972,2354 756,2315 610,2348 531,2308 409,2359 320,2338"/>
                <Baseline points="329,2391 378,2387 428,2384 477,2382 527,2381 576,2379 626,2379 675,2378 725,2378 774,2376 824,2376 873,2376 923,2376 972,2375 1022,2375 1071,2373 1121,2373 1170,2370 1220,2369 1269,2366 1319,2363"/>
                <TextEquiv>
                    <Unicode>Der erstere nemblichen Uli Stoll anders</Unicode>
                </TextEquiv>
            </TextLine>
            <TextLine id="r2l19" custom="readingOrder {index:18;}">
                <Coords points="275,2419 284,2419 289,2412 292,2415 305,2401 310,2399 322,2401 319,2371 309,2371 303,2365 298,2372 295,2370 292,2372 285,2371 279,2372 278,2374 271,2374"/>
                <Baseline points="281,2402 314,2399"/>
                <TextEquiv>
                    <Unicode>e</Unicode>
                </TextEquiv>
            </TextLine>
            <TextLine id="r2l20" custom="readingOrder {index:19;}">
                <Coords points="281,2494 461,2437 611,2485 802,2436 903,2492 1062,2437 1214,2476 1274,2432 1398,2441 1396,2370 1282,2407 1213,2371 1061,2412 923,2380 752,2423 643,2383 515,2423 436,2385 279,2422"/>
                <Baseline points="287,2459 342,2454 397,2450 452,2447 507,2444 563,2442 618,2441 673,2439 728,2439 783,2439 839,2438 894,2438 949,2438 1004,2438 1059,2436 1115,2435 1170,2433 1225,2432 1280,2428 1335,2425 1391,2420"/>
                <TextEquiv>
                    <Unicode>nichts bekantlich sein wollen, als daß am letst</Unicode>
                </TextEquiv>
            </TextLine>
            <TextLine id="r2l21" custom="readingOrder {index:20;}">
                <Coords points="323,2549 539,2563 585,2526 687,2563 908,2512 1393,2503 1391,2462 1311,2434 1210,2482 1110,2443 906,2496 797,2438 616,2503 515,2450 320,2481"/>
                <Baseline points="329,2525 381,2525 434,2525 487,2523 540,2523 593,2522 645,2520 698,2519 751,2516 804,2515 857,2513 909,2510 962,2508 1015,2507 1068,2504 1121,2501 1173,2499 1226,2497 1279,2494 1332,2491 1385,2489"/>
                <TextEquiv>
                    <Unicode>Verstrichenen Oster zinstag, so da laare der 22</Unicode>
                </TextEquiv>
            </TextLine>
            <TextLine id="r2l22" custom="readingOrder {index:21;} person {offset:30; length:7;}">
                <Coords points="297,2662 378,2609 723,2658 805,2595 968,2636 1062,2581 1400,2592 1396,2507 1366,2505 293,2571"/>
                <Baseline points="302,2615 356,2612 410,2610 465,2606 519,2604 574,2601 628,2598 683,2597 737,2594 792,2591 846,2589 900,2586 955,2583 1009,2581 1064,2579 1118,2575 1173,2573 1227,2570 1282,2567 1336,2562 1391,2559"/>
                <TextEquiv>
                    <Unicode>Aprilis verstehen, Er vnd der Beyeler, in dem Vor¬</Unicode>
                </TextEquiv>
            </TextLine>
            <TextLine id="r2l23" custom="readingOrder {index:22;}">
                <Coords points="316,2709 432,2733 475,2693 635,2693 806,2739 1022,2664 1376,2685 1372,2600 1312,2580 868,2659 655,2631 608,2659 566,2629 537,2657 423,2614 314,2647"/>
                <Baseline points="323,2694 375,2693 427,2690 479,2688 531,2685 584,2684 636,2681 688,2679 740,2678 792,2676 845,2675 897,2673 949,2670 1001,2669 1053,2666 1106,2664 1158,2661 1210,2658 1262,2655 1314,2652 1367,2648"/>
                <TextEquiv>
                    <Unicode>haben erlan bey einem kücher dienst zu finden,</Unicode>
                </TextEquiv>
            </TextLine>
            <TextLine id="r2l24" custom="readingOrder {index:23;} place {offset:40; length:6;}">
                <Coords points="297,2818 555,2772 606,2804 667,2768 855,2801 941,2765 1373,2759 1411,2750 1409,2683 1098,2712 1021,2665 810,2740 493,2690 294,2748"/>
                <Baseline points="302,2780 357,2778 412,2774 467,2772 522,2769 577,2767 632,2765 687,2763 742,2761 797,2759 852,2757 907,2756 962,2754 1017,2753 1072,2750 1127,2748 1182,2747 1237,2744 1292,2742 1347,2738 1403,2735"/>
                <TextEquiv>
                    <Unicode>sich von gedachtem seinem heimahl naher Murten</Unicode>
                </TextEquiv>
            </TextLine>
            <TextLine id="r2l25" custom="readingOrder {index:24;} person {offset:19; length:8;}">
                <Coords points="304,2894 621,2857 674,2882 723,2851 974,2881 1226,2829 1276,2857 1336,2846 1333,2768 859,2801 779,2768 710,2812 656,2780 530,2830 474,2802 301,2819"/>
                <Baseline points="311,2867 361,2865 412,2862 463,2861 514,2859 565,2858 616,2856 666,2854 717,2852 768,2850 819,2849 870,2846 921,2846 972,2843 1022,2840 1073,2838 1124,2835 1175,2833 1226,2829 1277,2826 1328,2822"/>
                <TextEquiv>
                    <Unicode>Vnd von dort naher Belmundt, alles Sie bey</Unicode>
                </TextEquiv>
            </TextLine>
            <TextLine id="r2l26" custom="readingOrder {index:25;}">
                <Coords points="300,2983 411,2939 518,2995 592,2939 1222,2952 1372,2923 1369,2841 1132,2843 1042,2887 839,2856 713,2900 501,2866 411,2914 297,2906"/>
                <Baseline points="306,2943 358,2941 411,2937 464,2936 517,2933 570,2931 623,2929 676,2927 729,2925 782,2924 835,2922 887,2919 940,2918 993,2916 1046,2915 1099,2913 1152,2910 1205,2909 1258,2906 1311,2904 1364,2900"/>
                <TextEquiv>
                    <Unicode>einem Bauren übernachtet, begeben habend, Mit-</Unicode>
                </TextEquiv>
            </TextLine>
            <TextLine id="r2l27" custom="readingOrder {index:26;} person {offset:29; length:7;}">
                <Coords points="260,3090 385,3091 535,3022 650,3054 945,3009 1194,3021 1364,2996 1362,2944 1304,2915 1215,2961 967,2937 892,2978 728,2945 573,2998 394,2964 255,2992"/>
                <Baseline points="264,3038 318,3034 373,3030 427,3027 482,3024 537,3021 591,3018 646,3016 700,3014 755,3011 810,3008 864,3006 919,3004 973,3002 1028,2999 1083,2996 1137,2994 1192,2991 1246,2987 1301,2984 1356,2981"/>
                <TextEquiv>
                    <Unicode>Wuchen morgens seÿen Sie auf Nidaulo, von dar</Unicode>
                </TextEquiv>
            </TextLine>
            <TextLine id="r2l28" custom="readingOrder {index:27;}">
                <Coords points="274,3156 576,3122 649,3154 761,3102 900,3151 1008,3102 1234,3120 1355,3084 1350,2997 1210,3039 1035,3017 973,3062 925,3029 835,3060 440,3042 389,3089 270,3092"/>
                <Baseline points="279,3134 332,3129 385,3124 439,3120 492,3116 546,3111 599,3107 652,3104 706,3100 759,3096 813,3094 866,3090 919,3087 973,3085 1026,3083 1080,3080 1133,3077 1186,3074 1240,3071 1293,3069 1347,3066"/>
                <TextEquiv>
                    <Unicode>auf Fel Vnd von daselbsten durchs Bischoff</Unicode>
                </TextEquiv>
            </TextLine>
            <TextLine id="r2l29" custom="readingOrder {index:28;} place {offset:12; length:9;}">
                <Coords points="285,3250 711,3196 873,3253 937,3194 1018,3228 1111,3174 1336,3189 1381,3124 1099,3115 986,3153 751,3123 499,3170 395,3131 282,3196"/>
                <Baseline points="290,3221 344,3218 398,3213 452,3211 507,3209 561,3206 615,3203 670,3200 724,3198 778,3195 833,3192 887,3189 941,3186 995,3183 1050,3181 1104,3177 1158,3174 1213,3170 1267,3167 1321,3162 1376,3158"/>
                <TextEquiv>
                    <Unicode>gebit naher Solothurn zugangen, alles sie deß</Unicode>
                </TextEquiv>
            </TextLine>
            <TextLine id="r2l30" custom="readingOrder {index:29;}">
                <Coords points="281,3324 380,3309 464,3348 700,3283 789,3309 1002,3267 1089,3308 1138,3267 1384,3273 1380,3195 1192,3235 1113,3175 1015,3229 937,3195 875,3256 713,3197 279,3272"/>
                <Baseline points="287,3302 341,3299 395,3296 450,3292 504,3290 559,3287 613,3285 668,3282 722,3280 777,3278 831,3275 885,3273 940,3271 994,3269 1049,3266 1103,3263 1158,3260 1212,3255 1267,3251 1321,3247 1376,3242"/>
                <TextEquiv>
                    <Unicode>Abendts ohngefahr vmb funst uhren angelangt,</Unicode>
                </TextEquiv>
            </TextLine>
            <TextLine id="r2l31" custom="readingOrder {index:30;} place {offset:18; length:14;}">
                <Coords points="288,3405 485,3427 630,3391 716,3429 1048,3374 1096,3405 1176,3355 1347,3368 1374,3315 1231,3273 1045,3329 957,3295 870,3333 654,3296 463,3349 285,3324"/>
                <Baseline points="294,3384 347,3380 401,3378 454,3374 508,3372 562,3369 615,3367 669,3365 723,3363 776,3362 830,3360 884,3358 937,3357 991,3354 1045,3352 1098,3350 1152,3348 1206,3345 1259,3342 1313,3339 1367,3335"/>
                <TextEquiv>
                    <Unicode>Vnd im wihrtshauß zum Schwartzen Adler eine</Unicode>
                </TextEquiv>
            </TextLine>
            <TextLine id="r2l32" custom="readingOrder {index:31;}">
                <Coords points="256,3513 470,3464 642,3505 728,3462 834,3495 1371,3464 1370,3423 1207,3373 1076,3425 1015,3387 718,3436 642,3394 255,3435"/>
                <Baseline points="263,3476 318,3473 373,3470 428,3468 483,3465 538,3463 593,3461 648,3459 703,3457 758,3456 813,3455 868,3454 923,3453 978,3453 1033,3453 1088,3453 1143,3453 1198,3455 1253,3455 1308,3456 1364,3458"/>
                <TextEquiv>
                    <Unicode>halbe mans Wein und einen bitzen brott ge-</Unicode>
                </TextEquiv>
            </TextLine>
            <TextLine id="r2l33" custom="readingOrder {index:32;}">
                <Coords points="263,3606 574,3560 1182,3584 1314,3552 1312,3476 1013,3522 519,3486 429,3526 356,3481 260,3522"/>
                <Baseline points="269,3575 320,3573 372,3570 424,3568 476,3566 528,3564 580,3562 632,3560 684,3558 736,3557 788,3555 839,3554 891,3552 943,3551 995,3549 1047,3549 1099,3548 1151,3546 1203,3545 1255,3545 1307,3543"/>
                <TextEquiv>
                    <Unicode>fordertt, Vnd weilen man daselbsten</Unicode>
                </TextEquiv>
            </TextLine>
            <TextEquiv>
                <Unicode>Salomi Meyer.
.
Von Bur
Welche im Octob. Letsthin zu Arburg außge¬
schmeitzt und deß landts verwisen worden,
Ist wegen wider betrettung mrghern gottmäsin
heit
Ali Stoll von Nohtacher, und 
Christen Beyeler, auß dem Auggisperg,
beydes ambts Schwartzenburg.
Sins wegen auf Sie gefallenen Verdachts, Jeni¬
gen im schloß Rümligen den 22. aprilis letsthin
durch nächtlichen einbruch verüebten diebstahl
begangen ze haben, durch meinen mohlgeehr
ten herren Großweibel Würstenberger
und den grichtschreibern gantz ernstlörtlichen
examiniert worden, und hat
Der erstere nemblichen Uli Stoll anders
e
nichts bekantlich sein wollen, als daß am letst
Verstrichenen Oster zinstag, so da laare der 22
Aprilis verstehen, Er vnd der Beyeler, in dem Vor¬
haben erlan bey einem kücher dienst zu finden,
sich von gedachtem seinem heimahl naher Murten
Vnd von dort naher Belmundt, alles Sie bey
einem Bauren übernachtet, begeben habend, Mit-
Wuchen morgens seÿen Sie auf Nidaulo, von dar
auf Fel Vnd von daselbsten durchs Bischoff
gebit naher Solothurn zugangen, alles sie deß
Abendts ohngefahr vmb funst uhren angelangt,
Vnd im wihrtshauß zum Schwartzen Adler eine
halbe mans Wein und einen bitzen brott ge-
fordertt, Vnd weilen man daselbsten</Unicode>
            </TextEquiv>
        </TextRegion>
        <TextRegion orientation="0.0" id="r3" custom="readingOrder {index:2;}">
            <Coords points="1677,252 1677,3587 2864,3587 2864,252"/>
            <TextLine id="r3l1" custom="readingOrder {index:0;}">
                <Coords points="2616,321 2629,323 2643,317 2671,327 2692,319 2723,326 2729,333 2744,333 2752,264 2733,269 2729,265 2711,276 2702,265 2678,253 2649,252 2624,258"/>
                <Baseline points="2627,294 2655,298 2683,302 2711,305 2739,308"/>
                <TextEquiv>
                    <Unicode>22</Unicode>
                </TextEquiv>
            </TextLine>
            <TextLine id="r3l2" custom="readingOrder {index:1;}">
                <Coords points="1670,479 2250,502 2311,476 2554,520 2758,497 2759,436 2700,406 2525,440 2360,398 2263,430 2170,393 2010,411 1877,330 1671,418"/>
                <Baseline points="1677,476 1730,471 1784,467 1838,465 1891,463 1945,462 1999,461 2052,462 2106,462 2160,464 2214,466 2267,468 2321,470 2375,473 2428,475 2482,478 2536,481 2589,483 2643,485 2697,488 2751,488"/>
                <TextEquiv>
                    <Unicode>Soldaten geworben, so habend sie auf Langer</Unicode>
                </TextEquiv>
            </TextLine>
            <TextLine id="r3l3" custom="readingOrder {index:2;}">
                <Coords points="1731,591 1859,542 1985,585 2064,567 2137,610 2345,568 2705,581 2756,541 2652,497 2555,525 2455,487 2233,511 2120,476 1733,510"/>
                <Baseline points="1740,548 1790,543 1840,542 1891,539 1941,539 1992,537 2042,537 2092,539 2143,539 2193,540 2244,542 2294,544 2344,546 2395,549 2445,551 2496,553 2546,555 2596,558 2647,560 2697,563 2748,564"/>
                <TextEquiv>
                    <Unicode>anhalten sich entlichen auch aufdingen laßen,</Unicode>
                </TextEquiv>
            </TextLine>
            <TextLine id="r3l4" custom="readingOrder {index:3;}">
                <Coords points="1751,650 1999,624 2683,674 2758,635 2568,584 2469,623 2353,568 2171,613 2059,577 1753,588"/>
                <Baseline points="1758,633 1807,629 1857,624 1906,623 1956,621 2006,622 2055,623 2105,625 2155,629 2204,632 2254,634 2304,638 2353,641 2403,645 2453,648 2502,651 2552,653 2602,654 2651,654 2701,653 2751,651"/>
                <TextEquiv>
                    <Unicode>Vnd Jeder einen neulen thaler, sambt einer</Unicode>
                </TextEquiv>
            </TextLine>
            <TextLine id="r3l5" custom="readingOrder {index:4;}">
                <Coords points="1742,763 1810,725 2147,718 2304,739 2365,788 2444,738 2509,789 2597,748 2661,789 2738,771 2740,723 2650,665 2290,680 2165,646 1979,694 1835,627 1746,658"/>
                <Baseline points="1751,731 1800,724 1849,719 1898,715 1947,713 1996,711 2045,711 2094,711 2143,713 2192,715 2241,718 2290,721 2339,724 2388,727 2437,732 2486,734 2535,738 2584,741 2633,743 2682,746 2732,747"/>
                <TextEquiv>
                    <Unicode>Enderen und riband auf den hut empfangen.</Unicode>
                </TextEquiv>
            </TextLine>
            <TextLine id="r3l6" custom="readingOrder {index:5;}">
                <Coords points="1727,836 1919,809 2022,848 2092,810 2221,845 2341,813 2434,859 2539,863 2603,823 2760,857 2780,766 2511,795 2458,754 2360,788 2319,753 2002,724 1850,797 1728,783"/>
                <Baseline points="1734,824 1785,818 1837,814 1889,810 1941,807 1993,806 2045,804 2097,804 2149,804 2201,806 2253,807 2304,809 2356,812 2408,813 2460,816 2512,818 2564,822 2616,824 2668,827 2720,828 2772,830"/>
                <TextEquiv>
                    <Unicode>Am donstag daruff als den 24. aprilis ha</Unicode>
                </TextEquiv>
            </TextLine>
            <TextLine id="r3l7" custom="readingOrder {index:6;}">
                <Coords points="1748,931 1923,961 2036,901 2249,951 2340,904 2533,943 2784,911 2784,877 2715,847 2434,860 2313,821 2188,853 2074,822 2014,853 1939,820 1873,855 1749,846"/>
                <Baseline points="1755,909 1806,903 1857,899 1908,896 1959,894 2010,893 2061,891 2112,891 2163,893 2214,894 2266,894 2317,896 2368,897 2419,899 2470,900 2521,902 2572,902 2623,902 2674,902 2725,900 2777,897"/>
                <TextEquiv>
                    <Unicode>bend sie sich wider fortgemacht, Vnd seÿend</Unicode>
                </TextEquiv>
            </TextLine>
            <TextLine id="r3l8" custom="readingOrder {index:7;}">
                <Coords points="2174,975 2188,975 2192,970 2203,970 2203,925 2193,926 2185,919 2174,919"/>
                <Baseline points="2180,963 2196,963"/>
                <TextEquiv>
                    <Unicode>2</Unicode>
                </TextEquiv>
            </TextLine>
            <TextLine id="r3l9" custom="readingOrder {index:8;} place {offset:20; length:7;}">
                <Coords points="1723,1018 1781,1001 1827,1038 2018,989 2132,1024 2201,1000 2262,1053 2414,997 2806,1029 2806,948 2762,932 2531,959 2335,915 2221,973 2051,915 1945,970 1723,947"/>
                <Baseline points="1730,1001 1783,996 1836,992 1890,990 1943,987 1997,986 2050,986 2103,986 2157,986 2210,986 2264,987 2317,987 2370,989 2424,990 2477,990 2531,992 2584,992 2637,992 2691,992 2744,992 2798,990"/>
                <TextEquiv>
                    <Unicode>selbigen abendts zu eimpach übernacht gelägen.</Unicode>
                </TextEquiv>
            </TextLine>
            <TextLine id="r3l10" custom="readingOrder {index:9;}">
                <Coords points="1738,1121 1797,1140 1959,1098 2024,1148 2088,1091 2213,1146 2297,1089 2381,1119 2582,1086 2740,1108 2738,1035 2649,1018 2390,1047 2324,1020 2262,1050 2204,1013 2143,1044 2072,1011 2013,1046 1736,1012"/>
                <Baseline points="1745,1106 1794,1101 1843,1097 1893,1093 1942,1091 1991,1088 2041,1086 2090,1085 2139,1085 2189,1083 2238,1083 2287,1083 2337,1083 2386,1083 2435,1082 2485,1082 2534,1082 2583,1082 2633,1082 2682,1080 2732,1080"/>
                <TextEquiv>
                    <Unicode>Frytags den 25. do habend sie sich durch</Unicode>
                </TextEquiv>
            </TextLine>
            <TextLine id="r3l11" custom="readingOrder {index:10;} place {offset:0; length:10;} person {offset:12; length:12;}">
                <Coords points="1731,1236 2003,1222 2140,1251 2267,1189 2335,1232 2467,1188 2605,1227 2724,1187 2723,1131 2335,1129 2224,1169 2093,1096 2022,1149 1908,1116 1728,1151"/>
                <Baseline points="1737,1205 1786,1202 1835,1200 1884,1199 1933,1197 1982,1195 2031,1193 2080,1192 2129,1191 2178,1190 2227,1188 2276,1187 2325,1187 2374,1185 2423,1184 2472,1182 2521,1182 2570,1181 2619,1181 2668,1179 2717,1178"/>
                <TextEquiv>
                    <Unicode>Jegistorff, Artenen Muri, allwo sie sich ein</Unicode>
                </TextEquiv>
            </TextLine>
            <TextLine id="r3l12" custom="readingOrder {index:11;}">
                <Coords points="1731,1318 1800,1347 2050,1287 2163,1314 2535,1284 2592,1323 2775,1291 2774,1248 2689,1217 2624,1259 2496,1209 2449,1240 2221,1222 2085,1262 2002,1221 1730,1243"/>
                <Baseline points="1737,1295 1788,1292 1840,1289 1891,1287 1943,1286 1994,1284 2046,1283 2097,1281 2149,1281 2200,1280 2252,1280 2304,1280 2355,1280 2407,1280 2458,1280 2510,1281 2561,1281 2613,1283 2664,1283 2716,1284 2768,1286"/>
                <TextEquiv>
                    <Unicode>Wenig beßer obenthalb über die gar führen</Unicode>
                </TextEquiv>
            </TextLine>
            <TextLine id="r3l13" custom="readingOrder {index:12;} place {offset:34; length:9;}">
                <Coords points="1784,1416 2184,1393 2224,1429 2524,1378 2722,1437 2776,1412 2774,1338 2708,1321 1783,1346"/>
                <Baseline points="1790,1395 1838,1391 1887,1388 1936,1385 1985,1383 2034,1382 2083,1380 2132,1379 2181,1378 2230,1377 2279,1377 2327,1377 2376,1376 2425,1376 2474,1376 2523,1376 2572,1376 2621,1376 2670,1376 2719,1376 2768,1374"/>
                <TextEquiv>
                    <Unicode>Vnd daselbsten einen von deren zu Solothurn</Unicode>
                </TextEquiv>
            </TextLine>
            <TextLine id="r3l14" custom="readingOrder {index:13;}">
                <Coords points="1768,1509 1844,1492 1902,1534 1978,1483 2177,1473 2405,1525 2445,1491 2654,1480 2746,1524 2805,1498 2806,1432 2624,1440 2505,1391 2315,1438 2186,1394 1983,1435 1909,1396 1768,1438"/>
                <Baseline points="1776,1478 1827,1475 1878,1472 1929,1469 1980,1467 2031,1466 2082,1464 2134,1464 2185,1463 2236,1463 2287,1463 2338,1464 2389,1464 2440,1466 2492,1466 2543,1468 2594,1470 2645,1470 2696,1473 2747,1475 2799,1476"/>
                <TextEquiv>
                    <Unicode>auf die hand bekommenen neüwen thaleren wächßlen</Unicode>
                </TextEquiv>
            </TextLine>
            <TextLine id="r3l15" custom="readingOrder {index:14;} place {offset:11; length:4;}">
                <Coords points="1754,1586 2037,1607 2117,1566 2481,1594 2573,1557 2770,1570 2770,1525 2620,1501 2290,1524 2200,1482 2117,1525 2037,1485 1917,1539 1841,1493 1754,1517"/>
                <Baseline points="1761,1572 1811,1569 1861,1567 1911,1564 1961,1562 2011,1560 2061,1559 2111,1557 2161,1556 2211,1556 2262,1556 2312,1554 2362,1554 2412,1554 2462,1554 2512,1554 2562,1556 2612,1556 2662,1556 2712,1556 2763,1557"/>
                <TextEquiv>
                    <Unicode>Laßen, auf Belx begeben, vnd von dar biß zu</Unicode>
                </TextEquiv>
            </TextLine>
            <TextLine id="r3l16" custom="readingOrder {index:15;} person {offset:0; length:17;}">
                <Coords points="1749,1682 1800,1668 1887,1712 1933,1673 2072,1660 2733,1664 2773,1659 2771,1588 2683,1579 2627,1615 2552,1578 2460,1617 2233,1582 2168,1626 2123,1600 2068,1629 1747,1612"/>
                <Baseline points="1755,1668 1805,1665 1856,1661 1906,1659 1957,1656 2007,1655 2058,1652 2108,1650 2159,1649 2209,1647 2260,1646 2311,1644 2361,1644 2412,1643 2462,1643 2513,1641 2563,1641 2614,1641 2664,1641 2715,1641 2766,1641"/>
                <TextEquiv>
                    <Unicode>Christen mäßerlis hauß in der Weÿd, alda sie</Unicode>
                </TextEquiv>
            </TextLine>
            <TextLine id="r3l17" custom="readingOrder {index:16;}">
                <Coords points="1745,1757 1969,1748 2045,1779 2305,1735 2517,1775 2622,1722 2790,1722 2789,1681 2296,1675 2222,1717 2111,1672 1925,1718 1743,1709"/>
                <Baseline points="1752,1740 1803,1739 1855,1739 1906,1737 1958,1737 2009,1736 2061,1736 2112,1734 2164,1733 2215,1733 2267,1731 2319,1730 2370,1728 2422,1727 2473,1725 2525,1724 2576,1721 2628,1719 2679,1716 2731,1713 2783,1710"/>
                <TextEquiv>
                    <Unicode>übernacht gelagen: Am Sambstag morgens</Unicode>
                </TextEquiv>
            </TextLine>
            <TextLine id="r3l18" custom="readingOrder {index:17;}">
                <Coords points="1715,1866 2736,1819 2735,1750 2672,1745 2572,1790 2322,1747 2117,1785 1714,1780"/>
                <Baseline points="1721,1818 1771,1818 1821,1818 1872,1818 1922,1818 1973,1818 2023,1818 2073,1817 2124,1817 2174,1816 2225,1815 2275,1815 2325,1814 2376,1812 2426,1812 2477,1811 2527,1809 2577,1809 2628,1808 2678,1806 2729,1805"/>
                <TextEquiv>
                    <Unicode>seyend, Sie beßer hinauff biß ins Grand holtz</Unicode>
                </TextEquiv>
            </TextLine>
            <TextLine id="r3l19" custom="readingOrder {index:18;}">
                <Coords points="1732,1928 2068,1948 2242,1909 2312,1954 2371,1905 2552,1938 2783,1912 2791,1861 2744,1881 2625,1831 2412,1867 2324,1835 2246,1872 2114,1841 1911,1878 1731,1861"/>
                <Baseline points="1739,1901 1791,1902 1843,1902 1895,1904 1948,1904 2000,1904 2052,1904 2104,1904 2157,1903 2209,1902 2261,1902 2313,1901 2366,1901 2418,1899 2470,1898 2522,1898 2575,1898 2627,1896 2679,1896 2731,1896 2784,1896"/>
                <TextEquiv>
                    <Unicode>gangen, alles zwey meitli, alß deß Peter und</Unicode>
                </TextEquiv>
            </TextLine>
            <TextLine id="r3l20" custom="readingOrder {index:19;} person {offset:0; length:17;} person {offset:40; length:5; continued:true;}">
                <Coords points="1732,2022 1867,2052 2262,2005 2337,2050 2455,2009 2760,2005 2759,1941 2704,1925 2479,1969 2398,1928 2297,1970 2192,1919 2077,1968 2012,1935 1732,1951"/>
                <Baseline points="1739,1998 1789,1998 1840,2000 1891,2000 1941,2000 1992,2000 2043,2000 2093,2000 2144,2000 2195,2000 2246,2000 2296,2000 2347,2000 2398,2000 2448,2000 2499,2000 2550,1998 2600,1998 2651,1997 2702,1995 2753,1994"/>
                <TextEquiv>
                    <Unicode>Christen mäßerlis tochteren zusambt deß Peter</Unicode>
                </TextEquiv>
            </TextLine>
            <TextLine id="r3l21" custom="readingOrder {index:20;} person {offset:0; length:8; continued:true;}">
                <Coords points="1735,2109 1998,2093 2107,2137 2338,2092 2776,2114 2799,2043 2501,2049 2407,2017 2311,2069 2219,2017 1917,2066 1811,2027 1735,2045"/>
                <Baseline points="1742,2094 1794,2093 1847,2091 1899,2090 1952,2090 2004,2088 2057,2088 2109,2088 2162,2088 2214,2088 2267,2088 2319,2088 2372,2088 2424,2090 2477,2090 2529,2090 2582,2090 2634,2088 2687,2088 2739,2088 2792,2087"/>
                <TextEquiv>
                    <Unicode>Mäßerlis bub zu Ihnen kommen, Vnd habend sie</Unicode>
                </TextEquiv>
            </TextLine>
            <TextLine id="r3l22" custom="readingOrder {index:21;}">
                <Coords points="1726,2200 2825,2187 2825,2154 2716,2113 2635,2161 2595,2126 2544,2160 2460,2127 2395,2148 2331,2099 2208,2151 1812,2109 1727,2142"/>
                <Baseline points="1733,2180 1787,2178 1841,2177 1895,2177 1949,2175 2004,2175 2058,2175 2112,2175 2166,2177 2220,2177 2275,2177 2329,2178 2383,2178 2437,2180 2491,2180 2546,2180 2600,2181 2654,2181 2708,2181 2762,2181 2817,2181"/>
                <TextEquiv>
                    <Unicode>daselbsten gedachtem buben den anderen Thaler</Unicode>
                </TextEquiv>
            </TextLine>
            <TextLine id="r3l23" custom="readingOrder {index:22;} place {offset:10; length:9;}">
                <Coords points="1739,2284 2530,2293 2766,2274 2794,2235 2652,2207 2456,2232 2347,2186 2177,2233 1938,2194 1738,2213"/>
                <Baseline points="1745,2261 1797,2261 1849,2261 1901,2259 1953,2259 2005,2258 2057,2258 2109,2257 2161,2256 2213,2256 2266,2255 2318,2255 2370,2255 2422,2255 2474,2255 2526,2255 2578,2256 2630,2256 2682,2258 2734,2259 2787,2261"/>
                <TextEquiv>
                    <Unicode>so sie zu Solothurn empfangen geben, daß er</Unicode>
                </TextEquiv>
            </TextLine>
            <TextLine id="r3l24" custom="readingOrder {index:23;}">
                <Coords points="1756,2388 1952,2355 2093,2382 2190,2350 2241,2381 2319,2351 2792,2347 2792,2294 2752,2279 2579,2312 2498,2285 2396,2323 2294,2279 2153,2323 2026,2273 1930,2309 1756,2289"/>
                <Baseline points="1763,2342 1814,2342 1865,2342 1916,2342 1967,2342 2018,2342 2069,2343 2120,2343 2171,2343 2222,2343 2273,2345 2324,2345 2375,2345 2426,2345 2477,2345 2528,2345 2579,2345 2630,2345 2681,2343 2732,2343 2784,2342"/>
                <TextEquiv>
                    <Unicode>selbigen wächßlen und zwomas wein und brott</Unicode>
                </TextEquiv>
            </TextLine>
            <TextLine id="r3l25" custom="readingOrder {index:24;}">
                <Coords points="1752,2497 1962,2441 2091,2486 2407,2428 2533,2465 2630,2422 2806,2423 2804,2357 2669,2390 2603,2358 2526,2396 2462,2355 2368,2408 2191,2352 2128,2400 1963,2360 1750,2403"/>
                <Baseline points="1757,2435 1809,2436 1861,2436 1913,2436 1965,2436 2017,2436 2069,2436 2121,2435 2173,2435 2225,2433 2277,2432 2329,2431 2381,2429 2433,2428 2485,2426 2537,2424 2589,2422 2641,2420 2693,2418 2745,2415 2798,2412"/>
                <TextEquiv>
                    <Unicode>reichen Vnd Ihnen zubringen solle, auf den abend</Unicode>
                </TextEquiv>
            </TextLine>
            <TextLine id="r3l26" custom="readingOrder {index:25;}">
                <Coords points="1733,2584 1853,2535 1961,2532 2038,2579 2166,2528 2790,2513 2722,2450 2658,2487 2487,2484 2418,2439 2348,2484 2193,2458 2114,2494 1987,2441 1856,2498 1821,2472 1731,2499"/>
                <Baseline points="1739,2526 1791,2526 1843,2525 1895,2524 1947,2523 2000,2522 2052,2520 2104,2519 2156,2519 2208,2517 2261,2516 2313,2514 2365,2513 2417,2511 2469,2510 2522,2508 2574,2507 2626,2504 2678,2502 2730,2501 2783,2499"/>
                <TextEquiv>
                    <Unicode>seyen dise meitli sambt dem buben wider naher</Unicode>
                </TextEquiv>
            </TextLine>
            <TextLine id="r3l27" custom="readingOrder {index:26;} person {offset:20; length:7;}">
                <Coords points="1733,2644 2801,2617 2798,2535 2625,2523 2458,2556 2281,2527 2027,2580 1839,2540 1731,2586"/>
                <Baseline points="1739,2618 1791,2616 1844,2615 1896,2612 1949,2610 2002,2607 2054,2606 2107,2604 2160,2603 2212,2600 2265,2598 2318,2597 2370,2595 2423,2594 2476,2592 2528,2591 2581,2589 2634,2588 2686,2588 2739,2586 2792,2585"/>
                <TextEquiv>
                    <Unicode>Hauß gangen, Er vnd Begeler aber habend sich</Unicode>
                </TextEquiv>
            </TextLine>
            <TextLine id="r3l28" custom="readingOrder {index:27;} person {offset:7; length:17;}">
                <Coords points="1744,2710 2607,2720 2746,2693 2745,2646 2652,2625 2555,2659 2418,2624 2250,2656 2194,2626 2021,2660 1938,2630 1796,2688 1743,2669"/>
                <Baseline points="1751,2705 1800,2704 1849,2703 1899,2702 1948,2700 1998,2699 2047,2699 2096,2697 2146,2696 2195,2694 2245,2693 2294,2692 2343,2691 2393,2690 2442,2688 2492,2687 2541,2687 2590,2685 2640,2685 2689,2684 2739,2684"/>
                <TextEquiv>
                    <Unicode>in daß Christen Maßerlis hauß begeben, Vnd</Unicode>
                </TextEquiv>
            </TextLine>
            <TextLine id="r3l29" custom="readingOrder {index:28;}">
                <Coords points="1721,2842 1871,2793 2824,2786 2823,2733 1719,2730"/>
                <Baseline points="1727,2792 1781,2792 1835,2792 1890,2790 1944,2790 1999,2789 2053,2787 2108,2786 2162,2784 2217,2781 2271,2780 2325,2778 2380,2777 2434,2775 2489,2774 2543,2772 2598,2772 2652,2771 2707,2771 2761,2771 2816,2771"/>
                <TextEquiv>
                    <Unicode>seyend daselbsten in selbiger nacht gefangen ge¬</Unicode>
                </TextEquiv>
            </TextLine>
            <TextLine id="r3l30" custom="readingOrder {index:29;}">
                <Coords points="1720,2895 2047,2916 2184,2881 2325,2933 2433,2876 2828,2872 2827,2796 2591,2831 1895,2804 1810,2862 1719,2856"/>
                <Baseline points="1727,2882 1781,2882 1836,2882 1891,2881 1946,2880 2000,2879 2055,2879 2110,2877 2165,2876 2219,2874 2274,2873 2329,2871 2384,2870 2438,2868 2493,2867 2548,2865 2603,2863 2657,2861 2712,2859 2767,2858 2822,2856"/>
                <TextEquiv>
                    <Unicode>nommen und naher Rümligen ins schloß geführt</Unicode>
                </TextEquiv>
            </TextLine>
            <TextLine id="r3l31" custom="readingOrder {index:30;}">
                <Coords points="1721,2995 1747,2999 1777,2980 1798,2984 1805,2977 1855,3002 1913,2975 1909,2921 1878,2932 1850,2909 1835,2918 1814,2906 1793,2915 1773,2908 1745,2918 1735,2910 1715,2913"/>
                <Baseline points="1727,2978 1752,2975 1777,2973 1803,2969 1828,2967 1854,2966 1879,2966 1905,2967"/>
                <TextEquiv>
                    <Unicode>worden.</Unicode>
                </TextEquiv>
            </TextLine>
            <TextLine id="r3l32" custom="readingOrder {index:31;}">
                <Coords points="1703,3112 1866,3067 2022,3118 2278,3044 2418,3100 2468,3051 2617,3030 2852,3070 2821,2937 2632,3006 2485,2951 2291,3010 1993,2975 1700,3033"/>
                <Baseline points="1709,3072 1765,3071 1822,3071 1879,3069 1935,3067 1992,3065 2049,3063 2105,3060 2162,3057 2219,3054 2276,3051 2332,3048 2389,3046 2446,3043 2502,3040 2559,3038 2616,3036 2672,3035 2729,3033 2786,3032 2843,3032"/>
                <TextEquiv>
                    <Unicode>Weiters hat Er vorgeben, daß Glouschen dem Pole</Unicode>
                </TextEquiv>
            </TextLine>
            <TextLine id="r3l33" custom="readingOrder {index:32;}">
                <Coords points="1721,3175 1780,3156 1845,3191 1937,3150 2082,3206 2383,3142 2491,3194 2581,3142 2649,3164 2733,3135 2760,3087 2646,3037 2561,3095 2295,3075 2222,3123 2168,3079 2021,3117 1878,3069 1718,3089"/>
                <Baseline points="1727,3153 1778,3152 1829,3150 1880,3149 1932,3147 1983,3146 2034,3145 2086,3144 2137,3143 2188,3141 2240,3140 2291,3139 2342,3137 2393,3135 2445,3134 2496,3132 2547,3129 2599,3125 2650,3123 2701,3119 2753,3114"/>
                <TextEquiv>
                    <Unicode>Sontag und Ostertag bey seiner alten fr im</Unicode>
                </TextEquiv>
            </TextLine>
            <TextLine id="r3l34" custom="readingOrder {index:33;}">
                <Coords points="1713,3294 1826,3241 2108,3289 2224,3227 2363,3251 2427,3218 2481,3253 2583,3214 2734,3223 2804,3169 2614,3136 2488,3193 2332,3164 2079,3207 1881,3163 1710,3211"/>
                <Baseline points="1718,3243 1772,3241 1826,3239 1880,3236 1934,3234 1988,3231 2042,3230 2096,3227 2150,3225 2204,3223 2258,3221 2312,3219 2366,3216 2420,3215 2474,3211 2528,3209 2582,3207 2636,3204 2690,3201 2744,3198 2798,3194"/>
                <TextEquiv>
                    <Unicode>Graben nechst bey obgemeltem seinem heimahl er</Unicode>
                </TextEquiv>
            </TextLine>
            <TextLine id="r3l35" custom="readingOrder {index:34;}">
                <Coords points="1740,3356 2129,3323 2250,3361 2395,3303 2526,3343 2629,3297 2802,3303 2800,3248 2632,3231 2580,3273 2333,3234 2092,3299 1906,3241 1737,3299"/>
                <Baseline points="1745,3330 1797,3329 1850,3327 1902,3326 1955,3324 2007,3323 2060,3320 2112,3318 2165,3317 2217,3314 2270,3311 2322,3309 2375,3306 2427,3303 2480,3300 2532,3298 2585,3294 2637,3291 2690,3288 2742,3285 2795,3282"/>
                <TextEquiv>
                    <Unicode>gearbeitet: Will auch mit laußen, daß er</Unicode>
                </TextEquiv>
            </TextLine>
            <TextLine id="r3l36" custom="readingOrder {index:35;} place {offset:15; length:7;}">
                <Coords points="1741,3426 2348,3432 2504,3390 2719,3414 2842,3386 2840,3342 2704,3317 2588,3363 2329,3322 2214,3376 2085,3330 2015,3380 1891,3341 1739,3367"/>
                <Baseline points="1748,3411 1802,3410 1856,3408 1910,3407 1965,3404 2019,3402 2073,3400 2128,3398 2182,3395 2236,3393 2291,3390 2345,3388 2399,3386 2453,3383 2508,3381 2562,3378 2616,3376 2671,3374 2725,3372 2779,3371 2834,3369"/>
                <TextEquiv>
                    <Unicode>Von dem man zu Gelmund vmb seinen nahmen ge¬</Unicode>
                </TextEquiv>
            </TextLine>
            <TextLine id="r3l37" custom="readingOrder {index:36;}">
                <Coords points="1730,3530 1982,3482 2239,3502 2461,3465 2567,3518 2644,3477 2858,3474 2831,3384 2619,3437 2511,3399 2069,3457 1726,3434"/>
                <Baseline points="1736,3494 1791,3492 1847,3489 1902,3486 1958,3484 2014,3482 2069,3480 2125,3477 2181,3476 2236,3474 2292,3471 2348,3469 2403,3467 2459,3464 2515,3462 2570,3460 2626,3457 2682,3455 2737,3452 2793,3448 2849,3444"/>
                <TextEquiv>
                    <Unicode>fragt worden, vnd daß er den Rechten nahmen Ver¬</Unicode>
                </TextEquiv>
            </TextLine>
            <TextLine id="r3l38" custom="readingOrder {index:37;}">
                <Coords points="1739,3583 1973,3582 2019,3618 2163,3578 2531,3590 2612,3551 2705,3590 2795,3538 2865,3588 2869,3465 2570,3516 2496,3480 2407,3524 1919,3499 1737,3538"/>
                <Baseline points="1745,3569 1803,3566 1862,3563 1921,3561 1980,3559 2039,3557 2098,3555 2157,3554 2216,3551 2275,3549 2333,3548 2392,3545 2451,3543 2510,3540 2569,3537 2628,3535 2687,3531 2746,3528 2805,3524 2864,3519"/>
                <TextEquiv>
                    <Unicode>laugnet, vnd einen anderen nahmen angegeben habe,</Unicode>
                </TextEquiv>
            </TextLine>
            <TextEquiv>
                <Unicode>22
Soldaten geworben, so habend sie auf Langer
anhalten sich entlichen auch aufdingen laßen,
Vnd Jeder einen neulen thaler, sambt einer
Enderen und riband auf den hut empfangen.
Am donstag daruff als den 24. aprilis ha
bend sie sich wider fortgemacht, Vnd seÿend
2
selbigen abendts zu eimpach übernacht gelägen.
Frytags den 25. do habend sie sich durch
Jegistorff, Artenen Muri, allwo sie sich ein
Wenig beßer obenthalb über die gar führen
Vnd daselbsten einen von deren zu Solothurn
auf die hand bekommenen neüwen thaleren wächßlen
Laßen, auf Belx begeben, vnd von dar biß zu
Christen mäßerlis hauß in der Weÿd, alda sie
übernacht gelagen: Am Sambstag morgens
seyend, Sie beßer hinauff biß ins Grand holtz
gangen, alles zwey meitli, alß deß Peter und
Christen mäßerlis tochteren zusambt deß Peter
Mäßerlis bub zu Ihnen kommen, Vnd habend sie
daselbsten gedachtem buben den anderen Thaler
so sie zu Solothurn empfangen geben, daß er
selbigen wächßlen und zwomas wein und brott
reichen Vnd Ihnen zubringen solle, auf den abend
seyen dise meitli sambt dem buben wider naher
Hauß gangen, Er vnd Begeler aber habend sich
in daß Christen Maßerlis hauß begeben, Vnd
seyend daselbsten in selbiger nacht gefangen ge¬
nommen und naher Rümligen ins schloß geführt
worden.
Weiters hat Er vorgeben, daß Glouschen dem Pole
Sontag und Ostertag bey seiner alten fr im
Graben nechst bey obgemeltem seinem heimahl er
gearbeitet: Will auch mit laußen, daß er
Von dem man zu Gelmund vmb seinen nahmen ge¬
fragt worden, vnd daß er den Rechten nahmen Ver¬
laugnet, vnd einen anderen nahmen angegeben habe,</Unicode>
            </TextEquiv>
        </TextRegion>
    </Page>
</PcGts>
