3024 4032
152 250 288 348 98.
698 324 1396 498 attler und ein Weib
501 469 606 564 von
376 551 1415 713 So zu könitz allerhand treüwungen außgelaßen,
374 651 1409 773 sind als ein vnnutzes bättler gsind vermachen oberken
403 721 1417 853 Erkantnus vom 17. septembris 1701 ins schallen
390 811 1396 951 Werk, die kinder aberin oberen spithal ver
378 896 1379 1029 schaffet worden, alles sie verpflegt und zur
387 989 1091 1122 arbeit gehalten werden sollend.
503 1241 1061 1420 Piere Bauler
452 1395 601 1482 von
351 1488 1369 1612 Im desentius, so in vergangener allgemeiner
346 1580 1368 1693 Bättel Jegi Groben zu diesbach angehalten und
358 1659 1376 1773 alhar geführt worden. Ist nach inhalt oberke
337 1735 1319 1865 erkantnus vom 1. septembris 1706 durch
330 1818 1306 1955 die profosen auff die grentzen gefuhrt
327 1900 1332 2026 worden, mit betreulung, daß in fahl er
333 1991 1390 2101 sich nochmahlen in mahlen gottmäßigkeit bliben
349 2048 1375 2155 man ihne anfahlbahrlich mit einer leibsstraff
339 2145 733 2248 ansehen werde.
427 2354 991 2505 Jacob Arm
450 2455 928 2588 von Giglen
267 2515 1345 2697 Ist von wegen er zweyen weibs persohnen
310 2636 1299 2764 Die eheversprochen, selbige beschlaßen, vnd
329 2731 1328 2838 geschwängeret, zwey stund aus halten sein
297 2804 1248 2940 gestelt und hernach für sechs monat lang
317 2882 1309 3009 von Meyhers statt und landen verleiden
298 2954 1325 3087 Worden, Vermögen oberker erkantnus von
313 3028 854 3168 20. Septembris 1706.
2706 214 2843 336 33
1858 324 2536 495 Anna Waßer
1858 408 2777 587 von oder auß der kircherin Waltringen
1674 597 2843 755 Do hieter wegen begangenen diebstahlen ins schallen,
1688 679 2854 824 Werk gescheidet, vnd als es von daselbst außgerißen
1686 766 2847 897 aber wider ergristen, daraußhin den 30. octobris 1705
1702 830 2803 931 außgeschmeitzt vnd von Statt vnd Land verweisen
1696 895 2803 1026 worden. Ist auff wider betrettung mehlen bott
1706 977 2855 1097 mäßigkeit, in gefangenschafft gesetzet, vnd aber besche¬
1667 1037 2857 1200 henen vortrag von Mühlen den kästen erkent worden,
1656 1139 2816 1269 daß diß mentsch in erwartung der straff halber
1662 1206 2833 1347 sie sich in mehrerer anzahl determinieren könnend.
1692 1296 2827 1424 ins Schallenwerk übergeben, und mit einem ring dan
1703 1369 2793 1491 rein geschmidet worden solle. Alte den 23.
1662 1450 2089 1575 Septembris die ob
1726 1744 2355 1973 Information
2010 1887 2150 1966 oder
1905 1939 2213 2059 Vorhor
1745 2043 2693 2202 Wegen deß von Antoines Thuan dem
1648 2066 1719 2201 1
1782 2169 2617 2284 Francois Laurioles gegebenn stichs
1727 2265 2822 2441 Nachdem Mughlen den Rahten Belieben wollen
1569 2371 2787 2513 Ouber abgestatteten Bericht inslohlen, Groß weibel
1684 2445 2828 2580 Bersets, daß namblichen, Verlauhenen Sontag abendts
1672 2539 2764 2664 deß in hiesiger Statt sich aufhaltenden Herren
1640 2597 2816 2745 Graßen von Metternichts Bedienter Einer, nahmens
1666 2697 2779 2825 francois Lauriolen, gebührtig auß Frantreich nach
1669 2784 2804 2895 bey Andere von einem anderen Frantzosen gefahr¬
1639 2849 2731 3000 lich verwundt, der thater auch durch gemachte
1636 2953 2772 3086 Anstalt in gefengklichen verhafft gezogen worden
1645 3041 2798 3178 Dero Veneren herren Groß weibel vnd dem Gricht
1626 3106 2739 3255 schreibern in befelch zugeben, der hergangenheit
1641 3205 2762 3338 der sach sich grundlich zuerkundigen, Vnd Volgends
1614 3289 2785 3432 den umbstendlichen bericht ihr gen zu hinderbringen.
1622 3371 2737 3510 Ist solchem auch alsobald gehorsamer Volg geleistet
1642 3479 2758 3598 Vnd auf heut dato, so wohl der Verleundte, als
1617 3565 2722 3694 Der Gethäter mit Vorhergangener krefftigen
