3024 4032
149 226 245 325 58
275 1607 321 1706 .
334 280 1432 416 weinenden Augen umb gnad und
342 351 1472 503 seiner armen weib und kinden in Frank¬
343 410 1441 552 reich, wie auch seiner zu neüws sich auch
322 471 1409 592 haltender schwöster und ihrer vielen
316 554 1403 684 kinden, denen er so weit möglich jahr
334 616 1408 737 weiten behülstlich gsin, sich zu erbarmen
318 699 559 802 gebätten.
482 1001 1117 1184 sntorne sontt
514 1207 1189 1342 riminal process.
426 1293 1298 1402 wie solcher an der Creützgaßen verläsen worden.
318 1360 1427 1489 Gestohlen brott schmecket jeder
316 1444 1365 1546 mann wohl aber hernach wirdt ihm
319 1487 1232 1604 der mund voll Kißling werden
1246 1539 1277 1577 .
371 1560 1361 1666 diß ist eine in den weisen spruchen
319 1628 1397 1744 Salomons geschriben stehende Gottliche
319 1699 1328 1807 Wahrheit, welche aber auch mit der
311 1767 1381 1871 täglichen erfahrung mehr dann gnug
312 1828 1361 1926 samb bestahtiget wirdt, oder wohar
305 1894 1331 1998 kombt es, daß die eigenschafften der
317 1983 1375 2066 dieb- und raubereyen so unzählich, als
309 2017 1394 2146 eben daher, daß den so werdisch gesinneten
301 2093 1393 2203 Weltmenschen das gestohlne und gerau¬
310 2168 1429 2282 bete guht und geldt, so gar wohl geschickt
317 2224 1376 2327 vorkombt, und dahero mit einer so imer¬
301 2295 1322 2402 jetlichen begird demselben nachjagen
1319 2338 1377 2405 1.
298 2367 1358 2482 und auf allerley weis und wäg solches
292 2416 1380 2529 zu erhaschen sich eüßerst bemühen thund.
289 2511 1397 2605 Vnd warumb solten doch die Rechts gelehr
301 2564 1324 2664 ten mit beschreibung wider eint und
292 2627 1378 2741 andere Gattung dieb und Räubereyen
288 2696 1334 2818 erhäüschender angemaßner straasen
284 2760 1304 2882 sich so sehr bearbeiten, Wann das ge¬
272 2821 1324 2943 stohlne und geraubete Guht nicht auch
285 2890 1305 3012 unfehlbahrlich sehr böse und schadlichen
280 2952 1309 3072 frücht gebähren, und also den thäteren
280 3015 1326 3132 endtlichen nit auch nohtwendiger Weiß
265 3083 1373 3207 zur straaff verpflichten wurde, dann
273 3169 1374 3265 gleich wie der Schatten dem Leib, undt
264 3208 1337 3341 auff den blitz ein donnerklopf, also
255 3270 1316 3395 auch auff das gestohlne und geraubete
257 3339 1317 3479 sucherlich anders nichts dann schmertzen
261 3414 1367 3552 und schaden er volgen thut: oder Lieber
1108 3548 1321 3661 Werß
2707 187 2846 288 59.
1694 300 2890 407 Wer hat ich gezeichen, daß einem solchen welt
1690 402 2884 468 liebenden Menschen es immerhin wohlgelungen,
1692 444 2887 531 sindt nicht im gegentheil leider mehr dann
1690 498 2851 605 gnugsamme exempel aller ohrten hin und
1686 546 2885 659 wider anzutreffen, welche bezeügen, daß es
1691 617 2878 738 entlichen mit dergleichen leüthen auf eint
1693 682 2833 795 oder andere Weis ein trauwriges Endt
1683 743 2842 855 genommen habe, und wein ist doch under
1674 808 2890 921 uns allen nit bekannt, waß für versehe
1680 873 2885 997 dene exempel mir alhier in dieser Statt
1678 941 2868 1055 auff diesem gegenwertigen orth und platz
1671 1010 2861 1122 selbsten nun und dann leider gesechen
1684 1079 2862 1170 worden. Warumb solten wir aber zu
1674 1143 2850 1281 bestähtigung oder befestnung unßers zu
1671 1205 2890 1339 Anfang angezogenen Spruchs, zu vergang,
1687 1300 2827 1409 ner leidigen begegnußen unß wenden
1683 1357 2869 1478 wollen, haben wir grad auch auf diesen
1666 1431 2893 1541 heutigen Tag in Jetzlauffender stund, leider
1678 1534 2843 1624 deßen ein trauwriges bey spihl oder
1684 1580 2870 1686 exempel an dem alhier in oberkeitlichen
1648 1636 2857 1767 panden vor unßeren Augen stehenden
1668 1719 2875 1810 Armen Menschen Antoine Haut ge¬
1678 1792 2874 1910 bührtig von Casale in Levennes, welcher
1681 1887 2850 1981 eben auch wegen dergleichen verbrechens
1685 1931 2845 2053 in jetzmahligem Trankrigen zustandt
1684 2001 2828 2121 sich alhier vor vnß befindet, dann als
1676 2080 2869 2171 Den 17. jungst verfloßenen heüwmonate
1677 2148 2846 2265 das mit dreyen ballots von genst, undt
1669 2225 2842 2307 siben batten von Morfen beladene Bei¬
1669 2285 2774 2395 gantin von Neüwen statt auf dem
1678 2351 2841 2472 genster see in der gegend Culli hinder
1677 2431 2869 2540 dem ambt Causannes von einem Rauben
1672 2488 2837 2612 Schiff angefallen und spoliert worden, und
1686 2559 2826 2679 in der darüberhin auß oberkeitlicher Ver¬
1660 2630 2873 2751 Anstaltung zu Endteikung dieser Räuberen
1666 2693 2860 2794 beschechenen sorgfehltigen nachforschung diesen
1663 2768 2819 2884 Antonne hatt in den nit unbillichen
1678 2839 2834 2943 Verdacht einer von diesen Miträuberen
1669 2911 2829 3008 zu seyn, gefallen. Ist selbiger auf das
1668 3006 2811 3097 von hier auß beschechene Nachbahrliche
1678 3049 2818 3155 anhalten zur neüwenstatt ain Bieler
1665 3118 2769 3218 see in gefengklichen Verhafft gezogen
1666 3207 2846 3294 als er aber dortiger Banden sich loos wür¬
1667 3246 2801 3346 ken und entrinnen können, hernach zu
1648 3311 2770 3412 Pätterlingen wider ergriffen alhar in
1669 3373 2806 3477 oberkeitliche band und gefangenschafft
1660 3438 2819 3565 geführt, und daselbsten auß oberkeitlicher
2515 3519 2858 3656 Veranstaltung
