3024 4032
411 346 1469 513 outen allen, noch aller der sachen, so entlandt
414 455 1478 615 worden, sich versumen, weniger wie die ort
389 547 1456 719 heißen, laußen wollen, auß der von ihme be-
372 659 1451 812 schehener beschreibung aber der orten und ver
420 752 1414 876 nambsung einicher entlendten sachen, gar
406 829 1419 972 liecht abzunemmen gsyn, daß es ja grad eben
393 931 1432 1063 die jenigen örter und auch nohtwendig allen
369 1023 1449 1149 Die sachen, welche in der Vergeht der zweyen
373 1114 1429 1249 zugerichteten dieben wuhrt und Cuntz, ent-
375 1214 1410 1349 halten, sein müßen. Als sind ihme nit
382 1308 1401 1436 allein die Orter, sondern auch die sachen wie
381 1405 1433 1521 Sie in gedachter Vergicht außerzeichnet vor¬
375 1510 1389 1646 gehalten, vnd darauffhin von Ihme Kästli
362 1580 1405 1708 schlane gantze vergeht, bestätiget worden,
328 1673 1095 1834 deß Inhalts, wie volget:
699 1803 774 1888 10
431 1827 1398 1991 Daß sie alle vier nächtlicher weiß mit
354 1945 1427 2079 hilff einer Leiteren, so sie bey einem Baule
396 2047 1385 2149 venhauß zu eußerst im dorff Buchsen
378 2136 1415 2220 genommen, in einem Großen Hauß zu Weil
391 2217 1347 2344 eingebrochen, vnd daselbsten entloendt.
306 2291 1003 2410 5 Dotzet Zinerne daller.
298 2378 1026 2502 a. Hotzet große blatten.
297 2479 1159 2621 4. Dotzet noch größere blätten.
305 2573 1025 2694 1. Botzet kleinere blatten.
291 2689 895 2802 3. assietes ereuses.
300 2781 1165 2928 4. Andere Glatten, mit waxen.
297 2869 850 3018 d. Ziein Gießfaß.
285 2977 738 3107 4. Fel Känli.
265 3070 731 3198 2. Kertzenstok.
260 3137 1143 3310 4. halbmäßige Zinge Kanten.
271 3279 883 3384 8. Silberne Löffel
270 3365 886 3487 8. Silberne gablen.
247 3427 1058 3606 4. Silbernes Saltz büchßli.
2727 142 2872 266 17
1642 319 1889 483 1. Caner.
1645 424 2101 573 1. Wegs maßer
1644 448 2770 655 2. Bahr mannenschuch mit silbernen ringgen.
1634 585 2302 747 2. Deke von Indiener.
1723 627 2701 823 beht Vmbschlag sambt sechs fleglen.
1638 764 1705 875 4.
1637 744 2562 929 2. Tischmecher von obigem Zeug.
1632 900 2138 1077 6. handzwehelen.
1645 934 2915 1153 4. Großen Spiegel, den der wührt zerschlagen.
1937 1215 2069 1306 2
1740 1233 2834 1427 Segend sie alle vier nachtlicher wyll zu
1728 1329 2892 1502 Trimbstein in ein hauß gebrochen, und habend da
1738 1461 2130 1561 rauß entloendt
1656 1506 2704 1690 4. Ziniges Gießbaß, sambt dem Hand beken.
1655 1646 2149 1793 2. zinerer Kanten
1641 1728 2294 1887 4. Zinges Saltzbuchdling.
1642 1813 2870 1974 2. Bahr gestikte Karretieren, mit silberren und
1726 1935 2205 2067 Vergulten Ringgen.
1657 2009 2934 2171 d. Großer stächliger Ringgen, mit stahelnen diamant
1705 2119 2269 2229 silberers Bittschier
1640 2162 1708 2227 4.
1720 2188 2687 2333 Cange mit selber garniert und vergult.
1628 2228 1709 2321 1.
1643 2293 2896 2451 n. Hat mit einem guldenen hutband, daran ein silber-
1732 2387 2461 2499 ner Vnd Vergulter Ringgen.
1645 2461 2081 2577 d. Anderer hut
1641 2519 2503 2672 2. Bahr hand schuch von Elend läder.
1642 2643 2146 2738 2. Rasier, maßer
1640 2702 2563 2858 2. Courbet, deren einer von helffenbein.
1626 2811 2876 2939 d. Schwartze tafferen Cravaten mit guldenen franzen.
1635 2904 2363 3039 2. Capatte von pensiene
1624 3000 2880 3147 2. Bahr hand schu mit silber und guldenen frauwen.
1635 3091 2847 3231 N. Greter taffete teilette mit guldenen schnieren.
1624 3194 2442 3330 2. Bahr silberer schuhringgen.
1631 3283 2336 3439 2. Bahr hembdern knopfli.
1626 3377 2492 3542 2. Silberne kirchen pfeistli
1623 3495 2856 3614 4. Grien sydenes strahl, für der mit gold und silber
1696 3573 1962 3666 gestick.
