3024 4032
170 215 254 300 28.
270 244 1437 432 Dieweilen in der Versamlung Meyhen
274 355 1401 505 Räht und Burgeren verwichenen 10. Febr. ver-
303 459 1418 587 erlauten wollen. Ob solte der jenige tischmacher
286 557 1406 698 gsell, so von dem Lauaranne verwundt worden.
249 637 1432 769 vor etlichen tagen in herren caprurgi Thormanns
286 731 1339 856 Balbier-stuben in gegenwart herren doctoris
280 821 1313 952 Bendiet einen solchen bericht in ansechen
281 915 1388 1067 deß verstorbenen tischmacher gefellen, gegeben
284 1017 1394 1144 haben, welcher von seiner hievorigen Auß ang
264 1104 1429 1222 Vnderscheiden, deßtwegen Ihr gut veranlaßet
299 1187 1360 1310 worden, nachhen heimlicher lerber und dero
268 1285 1398 1418 Dieneren h. groß weibel derseth und dem gricht
286 1381 1416 1509 schreiber in befelch aufzetragen, dieseren kerl
278 1472 1435 1616 in seiner aussaag zu vernemmen zu Papyr zu
286 1577 1338 1726 bringen und mehren zu referieren. Da dann
291 1681 1417 1812 in gehorsammer volgleistung angezogenen befelchs
273 1757 1365 1885 gemelter Tischmacher gsell, namens Matthgas
260 1866 1393 2007 Papst von Cristen gestrigen tags durch mehren
288 1957 1443 2101 zeimlicher vorsich bescheiden, und in anlegenheit
289 2056 1382 2226 E. gn. Dieneren ihme die Vrsach, weßwegen
291 2148 1279 2279 mann seiner verners begehrt, angezeigt.
266 2230 1413 2365 volgends auch erstlich seine den 9. jenner letstin
270 2308 1395 2462 vor mihrn Großweibel und mir dem gricht
266 2425 1356 2548 schreiber gethane, hernach den 22. dito vor
289 2509 1420 2647 mher heimlicher in gegenwart deß cauarane
273 2599 1417 2758 uber deßelben gethane voroffnung in der gefangen
268 2708 1422 2859 schafft widerholte, und darauf den 28. gesagten
270 2778 1430 2932 monats abermahlen in gegenwahrt deß Lacia
257 2874 1366 3041 ranne mit sollennischem Eÿd bestättigts
269 2959 1415 3175 außsang ihme von wort zu wort vorgelesen,
236 3060 455 3165 worden.
240 3145 1393 3319 Worauf gedachter Matthias Kapst diese
227 3237 1385 3431 ihme vorgelesene außag nochmahlen be
266 3322 1417 3501 stättiget und bezeüget, daß selbige die bloßen
256 3402 1426 3610 Wahrheit seye, wüße auch nichts weder darzu
244 3526 1459 3721 nach darvon zu thun, und laße er gantzlichen darbey
241 3611 499 3734 verbleiben.
2769 92 2872 171 23
1591 144 2942 407 solchem nach ward von herren doctor Benocea
1622 259 2943 521 beysein deß tischmacher gsellen angebracht, was
1623 356 2937 593 maßen er herrn Doctor vor etwelchen tagen sich in
1618 445 2961 710 Herrn Thormanns Barbierstuben befunden, als die
1617 553 2946 785 iger Kerl dahin kommen und dem herren Thormann ange
1619 632 2938 889 zeigt, daß sein wunden, ohngeacht sie zugeheilt
1615 740 2899 963 Wann er arbeite oder einiche bewegung thuge
1616 856 2954 1071 Ihme jederweilen schmertzen vervrsache, deßwegen
1632 961 2886 1175 sie selbige nochmahlen besuchtiget vnd befunden
1591 1088 2938 1257 daß sie zwar in gantz gutem stand, allein wie in
1614 1185 2967 1355 dergleichen fahlen sich begebe, etwas geschrumpffen
1614 1307 2918 1472 seye, so aber von sich selbsten nachlaße, nach be-
1622 1393 2922 1562 richtigung der funden, da sie ins gmein durch
1624 1503 2919 1668 einander vber diesen Casum resonnirt, habe er
1614 1607 2917 1756 herren doctor diesen keren ersucht, er solle ihnen
1619 1720 2919 1893 doch die wahre hergangenheit dieser nach erzehlen,
1610 1812 2955 1968 maßen in der gantzen Statt so underschiedelich darvon
1617 1914 2918 2061 gesprochen, und auß den gemeinen Reden nit bald
1620 2025 2939 2154 die eigentliche wahrheit könne gezogen werden,
1612 2141 2860 2278 Worauf selbiger in gegenwart herren Thormanns
1619 2243 2895 2380 seines derners und jungen, so solches nüt angehört
1587 2353 2878 2468 Ihnen die hergangenheit vollgender gestalten
1638 2424 2873 2568 angezeigt, Als sie vier tischmacher gefellen, deß
1617 2535 2893 2681 abends mit einanderen die statt hinauf gangen, seyen
1600 2631 2882 2778 Ihnen nechst bey der Kel. Zwen Kerle begegnet
1624 2743 2879 2877 einer so einen Weißen vnd der ander einen braunen
1604 2831 2847 2970 Rock angehabt, da habe der im Weißen Rock den
1597 2915 2941 3073 Hagenaulder gestoßen, deßtwegen selbiger gefragt
1610 3035 2897 3170 Was er ihne zustoßen habe, der aber im Wyßen
1595 3147 2915 3251 Rock geantwortet, wann er ihn gestoßen, so habe
1618 3227 2873 3355 ers nit mit fleiß gethan vnd sey ihm leid, der
1590 3336 2905 3422 Verstorbene aber als er sie mit einanderen Or¬
1602 3412 2855 3544 putieren gehört, habe alsobald seinen mantel
1614 3505 2874 3645 weggethan, vnd angefangen auf Italienisch zu
1596 3593 2888 3707 Ihnen reden derowegen der im Braunen Rock
2629 3717 2819 3861 den etc.
