3024 4032
224 187 256 296 3
522 360 1095 536 Jacob Källers
474 495 1353 630 auß dem Zürich gebet, weib
350 663 1441 861 So hievor eydtlich verloren, vnerlaubt
407 809 1468 947 aber wider eingetreffen, ist kraffs Rahte
400 903 1453 1037 erkantnuß vom 27. octobris 1708 mit
388 1027 1422 1173 dem Kragen vnd der Trommel die
400 1119 1437 1250 Statt hinunder geführt vnd widermahn
377 1228 1397 1341 len in Ihres Mans hernacht geleiden, zu
359 1328 1375 1438 dem end biß auf die grantzen begleitet
332 1415 1393 1540 worden, mit der betreuwung, wan sie
358 1504 1390 1620 weiters mit ihren kinden in Megklen
359 1598 1447 1736 land gesehen wurde, Sie mit ruhten werde
349 1714 1451 1843 gestruchen werden. Den 30. octobris 1708.
577 1904 1201 2084 Willhelm Brugger
483 2059 1260 2191 auß dem Bryburg gebüt.
341 2144 1382 2303 Ist, weilen er dem irn haubtman
389 2295 1422 2399 von Wattenweil in den Wald stellen
377 2372 1356 2497 außgeweßen für zloo stund lang
383 2445 1270 2572 ans halßeysen gestelt worden.
352 2529 950 2679 Den 17. novembris 1708.
488 2723 1316 2881 Isaac Baumbgarter
559 2848 1006 2966 von Rahnflue
319 2938 1404 3085 Ist, weilen er ein vnser, deß Landts
370 3043 1419 3168 verwisen worden, mit der betreüw,
360 3124 1284 3263 uung, daß, wo Er hinkunfftig im
340 3227 1380 3360 land angetroffen wurden, man ihne
368 3321 1320 3448 nach inhalt hochoberker ordnung mit
344 3408 1408 3508 harter straff als ein Lehrer ohne alles
343 3501 1409 3636 fahlen ansehen werde. Den 30. octobris.
1267 3585 1420 3675 1708
2686 303 2821 408 168
1963 400 2547 573 Catry Rychen
2029 541 2458 685 von Brütigen.
1668 660 2811 817 So vor zweyen jahren mit Abraham
1771 768 2844 876 Tauffer einem schneider von Zoßingen
1772 871 2754 984 sich verheurahtet, und mit selbigem ein
1759 947 2796 1062 kind erzeüget, so annoch ungetaufft. Ist
1710 1035 2857 1177 Weilen sie einen teusterin bereits vor etwelchen
1763 1131 2841 1251 jahren deß landts verloren worden, sich aber
1768 1210 2793 1319 dißmahlen wider darzu gelaßen in bei
1767 1285 2834 1436 etrachtung ihrer jetzmahligen schwangerschafft
1758 1361 2837 1496 allein durch die profosen auf die grentzen
1749 1456 2838 1574 geführt und von Statt und Land verleisen
1766 1532 2799 1638 Vnd das erstere Kind, nachdeme es zuvor
1755 1601 2832 1732 alhieren h. tauff empfangen, Ihre
1768 1702 2826 1840 mitgegeben worden. Acten 4. decembris.
2630 1783 2796 1866 1708
1826 1973 2571 2206 Madle Solman
1951 2169 2089 2236 von
1708 2203 2796 2382 Ist wegen begangenen diebstählen
1745 2321 2814 2470 für zwey monat lang ins Schallen,
1702 2410 2835 2555 Wert ohne ring erkent und überge¬
1754 2497 2839 2664 bey worden Acten 5. jener 1709.
1914 2712 2518 2875 Jacob Blatter
1903 2858 2061 2963 Von
1681 2897 2790 3075 So ihne Leüßerin wider ihr gere ihme
1710 3026 2752 3125 Wohlbekanten ordnung beherberget
1699 3092 2788 3218 ist für ein monat lang ich doch ohnen ring
1705 3177 2801 3318 in das Schallenwerk erkent worden, den
1668 3271 2173 3425 9. febr 1709.
