3024 4032
182 249 251 351 10
306 340 1468 491 xamination und Bekantnuß
373 427 1487 571 Deß gefängklich enthaltenen dauid Gabriel
621 504 1166 638 Luaranne.
285 581 1403 741 Nachdemme Ihr gute mit sonderbahrem bedauwren
286 683 1448 811 vernommen, was maßen Sontag Abendts nach der Wie¬
301 771 1460 906 nacht zwüschen 6. vnd 1 Vhren deß verlichenen 1708 jahrs
289 860 1446 995 Johannes Hebler ein tischmacher gesell gebührtig von
297 954 1455 1065 Hanauld von Dauid Gabriel Lauaranne mit
270 1035 1467 1180 dem degen tödtlich blessirt und volgends an empfange¬
276 1130 1464 1249 iner Wunden den 10. tag darnach in der Insull alhier
262 1208 1385 1339 verstorben, Ist hierauf ermelter Lauaranne
267 1314 1452 1430 durch ihr gen gethane vorsichtige anstalt, hinder
280 1403 1430 1505 Morten ergriffen, gefängklich alhar gebracht, vnd
266 1471 1456 1592 auf heüt endtgemeltem dato durch muhhrn heimlicher
243 1578 1464 1697 Lerber als auß ihr gut hochen mittel verordneten
266 1656 1433 1773 h examinatoren, mit zu thun dero dieneren herren
267 1734 1452 1869 groß weibel dersets und deß grichtschreibers beysein
274 1829 1477 1958 etwelcher Meychen der Burgeren, mit vorhergangener
274 1919 1424 2050 kräfftigen ermahnung etc. Dieser begangnen that halben
273 2015 1421 2141 ernstlich examinirt und befragt worden.
289 2110 1399 2239 welcher hierauf über die an Ihne getruckten
260 2193 1084 2326 fragen volgende bekantnuß gethan.
250 2298 1481 2456 Sein Namen seÿe Bauid Gabriel Lauarame
264 2412 1464 2526 seines alters bey 21 Jahren von Harkonfft ein Frantzos
277 2519 1232 2631 aber in alhiesiger Statt gebohren vnd erzog¬
260 2586 1442 2745 Die vorgangene Vngluckliche that belangend, gestehe
251 2697 1451 2823 erwillig, daß er leider der Thäter derselbigen
255 2777 1456 2910 seye, Gott aber wolle sich seiner in gnaden erbarmen
249 2876 1418 2997 selbige nun habe sich volgender gestalten zugetragen.
235 2988 1484 3148 Als er Lauaranne von seinem Vatter befelch empfange
241 3077 1409 3223 etwelcher gschafften halber ins weltschland zureisen.
243 3177 1409 3316 vnd auch willens gewesen selbige Sontag sich von hier
230 3264 1462 3390 weg zu begeben, seye der Samuel Bubus zu Ihme
238 3350 1394 3474 kommen und ihn angesprochen noch etwelche brieffen
231 3436 1378 3579 Zuschreiben, Worauf sie deß einen worden, nit
1114 3627 1422 3735 einanderg
1610 193 1709 299 11
1661 304 2904 424 mit einanderen zu herren pretion zugehen, alda er am
1646 381 2929 507 füglichsten schreiben könne, nachwerts habe der subrig
1650 471 2927 595 gesagt, er möchte wohl daß ein gewüßer Josue auch
1684 546 2908 671 bey ihnen wäre, mit welchem sie, als sie ihn ange
1651 618 2884 752 getroffen nach mittag sich zu schützen begeben, alda
1656 721 2900 872 die einiche Speiß und tranck genoßen, vnder biß gegen
1668 811 2916 935 den Abend verharret, so die wihrtin zeügen könne.
1635 915 2892 1081 Nachdemme sie nun ohngefehrdt vmb 6 Vhren von den
1659 1048 2876 1177 Schützen hinweggangen, haben sie widrumb zu sy
1663 1126 2879 1256 Pretion gehen wollen, weilen aber selbiger schon
1627 1203 2927 1346 zu nacht geßen, sich wider die Statt hin vnder begeben
1668 1312 2838 1437 aber an der Schauplatz gaßen etwas aufgehalten,
1639 1399 2930 1531 Nachdeme sie nun vorthgangen vnd bey Herr Lautenburgers
1656 1486 2880 1627 Hauß in die Lauben kommen, seyen ihnen zwey Kerle
1642 1587 2906 1722 begegnet, welcher Lavaranne gar nit gekant.
1648 1683 2916 1807 So sie gestoßen, weßwegen der Bubug zu Ihnen
1654 1782 2897 1915 gesagt, was sie sie zu stoßen haben, worüber die
1645 1867 2886 2018 aden alsobald replicirt und gesprochen. Was die
1657 1953 2921 2113 verlangen, ob sie händel haben wollen. Hierauf
1665 2066 2930 2206 er Cauaranne zu dem Bubath gesagt, er solle
1637 2164 2918 2304 diese Kerle gehen laßen, es seyen grobeleuth, in dem
1652 2246 2921 2379 gegen auch die zwen darunder der im mantel
1665 2350 2877 2488 so schon vorbey gewesen wider zuruck kommen
1651 2423 2844 2590 und Ihne Lauaranne bym Ermel genommen
1661 2541 2880 2689 auch grad darauf alle vier mit Sacramentieren
1664 2621 2880 2759 und Schmächworten einen Tumult angefangen
1678 2706 2896 2855 mit stock und wegen sie angefallen vnd auf die zu-
1657 2804 2897 2945 geschlagen, da dann einer Ihme Cauaranne
1668 2912 2902 3053 einen sich ohngefehrt dem Kine geben, darauf er
1657 3021 2865 3147 Lauaranne einem von Ihnen gleichfahls einen
1647 3136 2894 3245 seich geben, vnd wie er also bald gefühlt, daß er
1671 3212 2925 3334 einen blessiert, hab er auß dem getrang forth und
1665 3310 2927 3426 über gaßen fliehen wollen, aber im Humber lauffen
1662 3425 2921 3539 inbach gesprung, da dann einer nachgelofen
2690 3548 2813 3694 b
