3024 4032
133 246 203 328 2
268 3406 327 3478 2
344 371 1372 495 Wohl aber habe er gesagt, daß er Vier
370 479 1330 633 jahr lang in den Wald stetten gedienet.
332 586 1389 739 Droben zu Rümligen im schloß dan seÿend sie
362 687 1408 817 gar nit einbrochen, vnd er förchte sich deßhal¬
371 784 1363 917 ben glat nit, habind auch ein mehrers gell
377 899 1405 1007 als was er angezeigt nit gehabt außert noch
367 980 1287 1094 einem halben Thaler, so der Wihrt beyen
331 1075 1373 1205 Schwartzen Adler zu Solothurn ihme geben,
341 1186 1363 1240 hat auch entlichen gestehen müeßen, daß Er vnd Beyeler dem Bentz
329 1237 1338 1291 Bartheil zu Winterkraut, einen alten ehrenen hoffen auß der kuchen
328 1262 1408 1349 nachts gestohlen und selbigen zu fryburg umb zloren thaler verkaufft habend.
355 1295 1388 1436 Christen Beyelen, der andere gefangene
353 1409 1323 1531 hat gleichmäßig anders nichts, als was in
367 1474 1384 1612 deß Stollen Vergicht enthalten, bekennen wollen
340 1584 1383 1716 Außert daß Er Beyeler vorgibt, daß sie
363 1659 1344 1813 am montag nach osteren auf Fryburg zu
346 1756 1327 1892 gangen, daselbsten übernachtet, Vnd am
331 1855 1372 2008 Zinstag darauff sich auff Murten etc. Bege
357 1937 1341 2077 ben habend: Welches der Stoll hernach
364 2057 789 2203 auch gestanden.
384 2142 1384 2321 In ansehen anderer diebstählen, hat Er
374 2265 1389 2409 Zeygeler anfengklichen nichts bekenen Wollen
353 2360 1342 2494 hernach aber gestehen müeßen, daß er
390 2467 829 2564 entlandet habe.
322 2537 1333 2680 4. Dem Müller zu Riggisperg deß nachts
412 2630 1332 2754 auß der mühli, allwohin er durch das Loch
394 2700 1394 2837 beym Wendelbaum geseegen, etwas an ainer
362 2792 1375 2909 Wuße aber nit mehr, wie vill denselbigen
369 2882 1409 3001 habe er anfengklichen dem Müller im Graben
361 2957 1391 3091 Verkauften wollen, weilen er aber solchen, weil
371 3044 1365 3185 er zu stihl darumb geforderet, nit annemmen
348 3124 1372 3269 wollen, habe er solchen dem Mitlesten Müller
350 3206 1390 3354 zu Gambach, umb 17 oder 18 bz verkaufft.
371 3339 1380 3492 Dem muß dappen zu Riggesperg einen
385 3429 1390 3588 Ehrinen laßen den seine schloester zu Frey¬
369 3514 1389 3686 burg vmb zlas Troren Verkaufft Ihne
373 3621 1012 3752 aber das gelt zugestelt.
1627 424 1693 490 3.
2645 225 2773 339 283
1734 325 2799 508 Dem Bentz Gartlogen zu Weiterkraus, mit
1732 469 2805 574 hulff deß Stolls, bey anbrechender nacht einen
1722 545 2766 685 alten ehrnen haffen auß der Kuchi, welchen sie
1711 632 2657 792 zu Bryburg umb zween thaler verkaufft.
1735 779 2746 928 So hat er Beyeler auch bekent, daß sein
1740 866 2735 1001 Vatter vnd er wegen Jagens vnd Bischens
1760 974 2293 1090 im Schallenwerk gsin.
1761 1073 2820 1234 Verners, daß Er vor etlichen Monaten droben
1762 1189 2815 1307 zu 2 dun, und er hern haubtman Mannel gedinget
1773 1269 2196 1383 aber nit gehalten.
1771 1354 2805 1499 Wie auch hernach zu hern Under herren haubt-
1766 1452 2722 1578 man scharner Christen Moser aber deß
1756 1533 2788 1667 Weibels Sohn, habe Ihne zu disem letsten
1761 1621 2646 1753 Verleitet, vnd auch das gelt genomen.
1750 1739 2449 1868 Act 16. und 24. May 1710.
1780 1866 2772 2044 achdeme disere Bekantnußen, Vnd Vergichten
1764 1989 2835 2146 Meghlen den rahten hinderbracht worden, habend
1769 2086 2406 2224 Selbige darüberhin erkent
1896 2895 2418 3050 Hans Saltzman
1864 3030 2283 3172 von Signaulo.
1757 3111 2857 3271 Ist als ein unzahlbahrer nach inhalt und krafft
1755 3223 2782 3370 Satz und ordnungen von Statt und landen eydlich
1765 3326 2701 3455 Verlassen worden. Den 28. Maÿ 1710.
