3024 4032
208 1025 312 1146 1
216 1338 314 1442 18.
304 341 1392 529 Verüebt worden, habe es vor dem Hauß
347 486 1412 622 gelartet, nachdeme es aber mit denen ent-
341 590 1427 727 wendten sachen naher Wyleroltigen kommen
375 684 1368 818 Abend die Leicht, so Ihme nach geret, Ihnen
354 777 1353 900 daselbst behendiget, vnd gahn Laupen ins
369 886 746 997 schloß gefehrt.
375 970 1401 1122 Ghestunde es auch, daß es vor dem herren Land¬
389 1061 1399 1203 vogten zu lauten vorgeben, es heiße Mar
372 1141 991 1281 gricht inder von Kinden.
333 1273 1377 1428 Ward es auch bekant, daß es vor etwelchen
363 1380 1390 1512 jahren zu Songeren im Underwaldner gebiet
342 1455 1392 1584 sambt seinem Bruder wegen eines sonk zuhe
345 1549 1332 1681 so diser sein bruder daselbsten entloendt,
366 1637 1417 1781 und ihme zu behalten geben, eingezogen, gahn
351 1725 1372 1852 Sarneren vor Raht geführt, vnd Jedem da¬
349 1822 1440 1956 selbsten zehen ruhten streichen geben, und daruff
345 1912 901 2058 fortgewisen worden.
339 2032 1347 2196 Vber disere hievor beschribne diebstahl
346 2137 1426 2267 Bekente es auch, daß es Vnlengstens im Oberen
336 2222 1383 2368 spithal alhier ich der banden loos gemacht
339 2321 1371 2440 Vnd außgerißen: Wormit es aber also
350 2404 1427 2548 zugangen, wald nachdeme es in spithal gethan
347 2497 1402 2649 und mit einer betten angescheidet worden, seye
357 2602 1367 2725 ein gelaußer Knecht, als eben damahls die
331 2681 1381 2810 abwahrt muter nit verhanden ware, und die
339 2772 1407 2911 stuben thüren nit beschloßen ware, zu ihme
326 2882 1408 3010 hineinkommen und gesagt, es solle schaulden, daß
341 2970 1319 3101 es sich loosmache, er wolle Ihme eine Eylen
341 3059 1422 3181 zubringen, habe auch alsobald einen Ziegel am
332 3150 1394 3292 aßen ledig gemacht durch welchen er ihme
357 3240 1416 3381 nach etwelchen Tagen die feilen hineingestoßen
358 3332 1438 3468 mit welcheren es den nägel an der ketti abge-
351 3417 1393 3559 teilet und wohl bey zehen tagen lobs gsin
325 3495 1429 3642 eher es sich fortgemacht: Darauff seye der
2599 279 2741 380 203
1633 361 2745 559 Knecht eines Abends vmb 9 uhren, als man ge¬
1677 509 2711 633 Leutet, in Spithal kommen, vnd deß morgens
1675 615 2770 739 fruch umb drey uhren ihns fort die Statt ab
1676 696 2772 836 gegen dem Anderen thor biß zu deß letsten beken,
1677 771 2747 932 hauß geführt, alda ihme eine duplonen geben,
1685 896 2590 1028 Vnd geheißen einanderen nach fortgehen.
1679 985 2744 1173 Verners bekente es daß vor ohngefahr erin
1685 1123 2775 1235 Jahr zu Neuwenstatt es eines Vnehlichen Kindts
2795 1195 2831 1272 e
1684 1208 2713 1310 inderkommen, welches drey oder Vier wuchen
1672 1302 2795 1433 nach wienachten gestorben, vnd zu Zrembgarten
2780 1382 2834 1466 3.
1683 1402 2127 1505 begraben worden.
1681 1502 2840 1619 Vber dises habe es noch weiters mit einem gloußen,
1678 1602 2792 1747 Jungen Jurger von hier fleischliche gemeindschafft
1678 1693 2746 1818 gehabt, welcher Ihns durch eine Ihme vnbekante
1672 1785 2794 1917 weibspersohn eines abendts spaht an die matten
1687 1875 2752 1992 in ein hauß nit weit von der Schifflenti führen
1666 1949 2807 2104 laßen, alda er zu ihm kommen und mit ihme
1656 2035 2093 2194 zu schaffen gehabt.
1635 2172 2340 2327 Acten 24. augusti 1789.
1868 2399 1984 2541 e
1944 2452 2360 2581 Examen
1596 2583 2769 2741 Als obiges Examen Megklen den Rähten hinder,
1683 2687 2737 2824 bracht worden, Vnd darab erhin ein frischer
1671 2780 2819 2904 befelch an muchtern examinatoren abgelaßen worden.
1668 2858 2793 3009 Ist darußhin dises gefangene Christina Stähli
1675 2944 2815 3117 Den 30. augusti 1789 anfangs allein mit ernstlicher
1679 3046 2807 3184 Betreüwung, hernach aber mit anloendung der einfachen
1678 3138 2604 3278 oder lähren marter examiniert worden.
1663 3207 2808 3375 Da es dan mit bestätigung seiner hievorigen bekant,
1675 3312 2328 3465 nuß noch weiters angezeigt.
1675 3399 2803 3556 daß es vor ohngefahr einem jahr, als es in Gur
1681 3502 2795 3632 ingel sich begeben wollen, am Stutz ob versatz den
2821 2449 2897 2584 1
2815 2649 2870 2749 ten
