3024 4032
228 365 317 461 33.
339 287 1407 479 Zloeg halß kueher mich zu Kertzert, vnd dar
353 447 859 564 ander im Kranchthal.
220 533 1255 716 34. zu Haßlin in der sollen dem pfind garn.
210 687 1066 826 35. zu dorigen ein pfund rysten.
208 786 1366 960 36. zu Heimis weil zwey pfund anken, vnd zwey
373 902 881 1039 und flachßigs garn.
219 999 1368 1169 37. Item lechenleüten auf dem abeit hinder Ruegsamb
343 1128 836 1264 zwey pfund flachß.
200 1214 1363 1382 38. Zu Heiniß weil seiner bauren tochter, so Anni
340 1333 1155 1452 heiße, ein fürtuch und ein soller.
192 1425 1276 1586 39 zu Patterkinden, ein halb einig fürtuch.
184 1566 1330 1723 40. zu schwanger hinder Rieders weil zwey
337 1663 713 1790 Brust Tuecher.
187 1749 1397 1933 11. Dem wihrten zu Rueders weil ein Leinlachen,
174 1886 1341 2058 42. Zu Haßli bey zurgdorff ein schaubsut,
327 2010 1017 2154 so etwan 3 bazen gekostet.
186 2093 1386 2274 43. Cristen Heinis fr zu Steinen der kircheri ger
318 2220 907 2369 zeicher, ein wullhembd.
311 2310 1417 2469 Dises alles habe es sicht ohngefahr einem Jahr
305 2425 1344 2571 daher gestohlen, während der Zeit, dars
305 2513 1346 2652 kinen miser gehabt, habe zuvor in ohnge
339 2610 1372 2754 fahr funffzehen Jahr an verschidenen orten ge¬
342 2693 1396 2834 dienet, vnd sich allzeit treuli verhalten, seine
339 2768 1399 2917 Bähi, das Anni Waßer, so im Schallenwerk
320 2872 1354 3016 gin, habe Ihns dahin verleitet, es habe Ihm
339 2962 1372 3118 etlaas zu trinken geben, und sicht der zeit
309 3056 1369 3194 habe es deß stahlens nit können müeßig gehen,
296 3134 1249 3311 Batter vmb gnad vnd Vmb verzeichung.
339 3270 1383 3429 Vber angehorte disere Vergicht habend Ihr
304 3354 1363 3526 Ael. dero Urteil dahin außgefelt, daß
311 3426 1403 3587 dises mentsch mit ruchten außgeschmeitzt vnd Vol¬
330 3505 1369 3651 glichen mit einem ringen am halß ins schallenwert
321 3604 1399 3735 gescheidet werden solle. Acten 26 nov 1709.
2652 284 2747 356 211
1833 333 2523 529 Amand da Secund
1926 474 2487 605 auß dem Langnedol.
1687 558 2779 743 Ist von wegen er durch gnugsame kundschafft
1726 657 2769 797 überzeüget worden, auf dem Kornmark dem
1682 728 2733 872 Hans Gosteli von Flugbrunnen seinen sekel
1723 820 2775 943 mit gelt auß dem hodensak heraußgezogen,
1703 897 2802 1029 durch den scharpffrichter mit ruchten gestrichen
1731 969 2762 1095 und von ihr geli Statt und Land verweisen
1718 1056 2775 1195 worden erkent den 5. sept 1709 und exe
1727 1147 2187 1270 quiert den 8. dito
1782 1377 2574 1575 Reßbeht Pantzentrüber
1828 1535 2000 1664 Von
1662 1626 2748 1790 Soll als ein ruchloses mentsch in sein heimaht
1748 1713 2770 1847 verlesen werden, also erkent den 10. sept 1709.
1861 1868 2494 2061 Maria Brachel
1918 2029 2331 2142 von Cappelen.
1706 2109 2743 2261 So mit zweyen ehebruch fähleren sich beladen, ist
1725 2196 2780 2332 in die gesatzmäßige bannisation erkent worden, den
1719 2279 2513 2421 25. sept 1789. exequiert den 27. dito
1894 2440 2560 2579 Barbara Oberbuhler.
1862 2572 2148 2677 von Muri.
1757 2634 2803 2758 So auß dem Schallenwert gerißen, vnd der gmeind
1774 2719 2809 2838 zur beschward fallet, ist ohne formin widerumb ins
1772 2795 2830 2948 schallenwerk erkent worden. Den 12. octobr 1709
1942 2949 2565 3116 Bendicht Gaßer
2020 3105 2104 3215 von
1708 3149 2843 3314 Ist anstatt zuvor erkenter Schallenwerks strafft
1747 3237 2834 3391 für ein jahr lang bannidiert worden, also erkent,
1731 3350 2343 3492 Den 6. novembr 1709.
