3024 4032
156 239 285 363 56.
325 283 1440 431 Auff vorhalten aber, daß die Parthey dar¬
340 365 1448 494 under er vor diesem in Savogischen Diensten
330 423 1470 563 gewesen, nunmehr gebrochen, und also auf
319 501 661 612 gehört habe.
330 554 1427 706 sagdte er daß selbige parthey zwar zer
321 631 1373 741 trennt worden, allein nachwehrts habe
300 695 1429 808 Er eine andere Parthey angenommen, Vnder
324 766 1424 873 dem aubert der auch Comission von Jurin
322 827 1413 944 gehabt, deßen Oedel nun als seines Offi
323 895 1370 1004 cilters habe er obediert, welcher ihm
304 965 980 1071 dieses zuthun befohlen
224 1036 1409 1186 E. Warumb sie aber auß Bernerischen
333 1122 1406 1241 grund und boden solchen laub begangen.
231 1228 1379 1359 d. Er habe nichts anders gewußt, als der
320 1292 1372 1414 gantze sie gehöre dem herzogen von
309 1367 1409 1483 Savog zu, da mann habe ihnen gesagt
318 1438 1349 1550 wann sie nur eines schuhs breits im
305 1501 1372 1614 Waßer seyen, so hab eine Oberkeit von
312 1578 1142 1689 dern nichts mehr zugebieten.
222 1675 1384 1813 2. Warumb sie neben dem Geldt auch
303 1761 1385 1880 die Waaren, so sambt meisten Geldt
290 1830 1392 1952 particularen zustendig gewesen, ge¬
309 1900 542 1983 genommen
249 1958 1354 2078 R: Er habe damahl auff dem Schiff zum
307 2037 1365 2129 Bartisan gesagdt, die Wahren können
295 2125 1379 2219 nicht für bonne prise geachtet werden.
291 2183 1382 2297 und solche zunemmen ihnen abgewehrt.
212 2256 1393 2423 2. Ob er nit seithar bey neüws noch einen
306 2360 1104 2481 anderen streich thun wollen.
228 2455 1416 2586 R: Nei Er habe sich seithar zu neüwen
276 2525 842 2643 statt aufgehalten.
190 2610 1347 2757 E. ob er nit einen Namens Hubert
291 2701 1386 2825 kenne, und wo er ihn kennen gelehret.
221 2779 1329 2907 R: In der Parthey zu versia und in
287 2874 1337 2988 deren, da die Charetten auf Französi
1335 2897 1403 2962 .
274 2928 1355 3061 schein boden außgehebt worden, habe er
267 3004 903 3111 hn kennen gelehret.
198 3075 1380 3224 Q: Wie starck sie in der letsten Parthey
277 3162 429 3254 gsin.
184 3227 1034 3353 d in 23 persohnen starck.
223 3336 1341 3440 ther ihre Ruhrer gsin, in der letsten
169 3356 249 3461 d
277 3393 924 3495 Parthey der Charette.
190 3449 1021 3605 R: populus und Rocairol.
2743 170 2863 276 57.
1588 297 2895 428 f wohar der populus und Rocairot kommen.
1732 371 2850 515 Populuss seye mit seinen leüthen aus
1630 411 1703 526 R
1700 449 2898 575 genst, Rocairol aber wie auch erlasaten und
1694 514 2862 615 andere auß neüws kommen, und habind
1683 568 2855 708 sich bym hochgericht zu neüws auffs schiff
1690 650 2884 796 begeben und volglich zwüschen dem hochgericht
1678 716 2800 853 zu causanne und auch außgestigen.
1703 814 2682 943 worinn der Raub bestanden.
1607 858 1695 988 E.
1714 928 2854 1054 In waaren außert 500 framen, so sie
1627 966 1685 1080 A
1686 998 2824 1108 dem Courrier abgenommen und darvon
1685 1069 2579 1203 ein jeder vier Thaler bekommen.
1722 1153 2834 1318 wo er mit seiner portion hinkommen.
1581 1198 1711 1316 z
1622 1268 2894 1412 R. Seine und auch übriger Complices portio¬
1689 1337 2836 1461 nen seÿend alhar gebracht und alhier
1685 1426 2824 1536 hinder den Tontemps gelegt worden
1671 1501 2821 1620 welcher zwar nach etwas zeits seine
1678 1565 2865 1690 portion ihme zustellen, Er Casale aber
1686 1640 2770 1760 weilen solches wider ihre Abred, nit
1696 1703 2840 1814 nemmen wollen, hernach und da er zeit
1679 1792 2808 1884 har Ihme Contemps seinen theil abge¬
1685 1855 2844 1978 forderet, habe Er ihne als einen Volene
1679 1926 2876 2057 und coquin tractiert und ihne darmit
1677 2024 2035 2131 abgewiesen
1668 2088 2857 2204 Nun auff vorstellen mehrer examina
1672 2189 2811 2280 toren Waßmaßen diese Parthey, so das
1672 2272 2882 2368 prigant in spoliert, sich auff dergehen grund
1684 2323 2820 2426 und boden formiert auff dero grund und
1668 2381 2818 2499 Boden eingeschiffet in dero gebieth den
1671 2461 2842 2570 raub begangen, selbigen auß ihren boden
1682 2529 2806 2643 geführt, und darauff vertheilt, er hiemit
1671 2595 2818 2707 gedencken können, waß dieses alles nach
1681 2662 2837 2787 sich riechen werde; hat er Catale hier¬
1678 2729 2870 2844 auff sich nochmahl entschuldiget und gesagt
1664 2808 2845 2915 weilen der König ihme sein weib und
1671 2889 2872 2993 kindt und waß er in Frankreich habe, hin¬
1680 2952 2857 3070 derhalte, so habe er nit vermeint, damit
1674 3025 2830 3129 zufahlen, wann schon er als einer der in
1665 3102 2857 3194 des herzogen diensten stehet, zu dergleichen
1673 3156 2829 3271 dingen sich gebrauchen laße, und seinem
1671 3222 2824 3300 sind abbruch thue, neben dem so heige Er
1680 3286 2867 3374 anders nichts gethan, als waß sein officie¬
1671 3346 2811 3461 eer ihme befohlen, und wann also hier
1668 3411 2852 3531 etwas gefählt worden, so habe es sein officie
1671 3479 2820 3586 ter zu versprechen, auch darüberhin mit
2576 3576 2862 3662 weinenden
