3024 4032
205 332 1444 529 Bürtner, Cathar, ab dem Schuberg, begen Blutschand
519 464 736 572 18. 137.
484 551 1350 707 Hand, Ohler auf den Schenberg, wegen
508 644 988 774 Blutschand. 12. 130.
200 735 1408 896 Gward, Mare Josephi und Treiburg, wegen halschmüntzen.
532 844 649 925 142.
213 902 1433 1096 Bosteli, Jakob v. Voltigen bind ald ein Unfahlbarer der
521 1020 1054 1169 Kinder verließen: 142.
199 1098 1415 1288 Beißbühler Pfarr, wegen sonderung v. seiner dann 161
201 1222 1397 1396 Berber, Peter, v. Schwarzeregg, wegen verbeigerter
519 1329 907 1492 Ehelichung. 162.
204 1434 1096 1610 Baßer, Bendicht, bind bamistirt. 211.
186 1556 1357 1742 Büntisperger, Daniel von hier beyen Balte tag 213.
189 1652 1411 1863 Bholler, Ulise Kadli, wegen dingung und Rechthaltung in
497 1769 967 1929 Kriegsdienst. 214.
180 1855 1398 2058 Großenbacher, Hand, v. Scheidigen, wegen Tochschlag d.
480 1973 647 2110 227.
175 2463 1340 2631 Hürtig, Anna, v. Commins bÿ sorgen zueignung ihres
469 2583 920 2703 nehel Kindt. 5.
166 2670 1371 2815 Hiltbrunner, Peter, ein Kuher, wegen Ehebruchs. 43.
150 2769 1291 2913 Hofer Barbarn, und digten wegen Heren leben. 116.
159 2869 1425 3029 Haus ammann Jacob v. Radelhingen, wegen Antreüe
475 2971 680 3086 No 93.
137 3053 1342 3215 Haffner, Adam Wilhelm, ein frömder Lutherischer
462 3155 1052 3287 Das, wird bemeistirt. 10 l.
146 3227 1391 3387 Hürner Anna Maria Lucas Klamier, der Wyß gerber
438 3324 1396 3487 allhie verlobte, wird für 1. Monat lung ver¬
435 3428 770 3539 liessen. 105.
124 3477 1424 3657 Holzrüth, Casser, der Fluchmahler v. hier, bey diebstahl 108.
1620 360 2763 522 Hage, Siklaus, v. Riederherigen, weg künferi 109.
1620 469 2682 634 Galdimann, Anna Aus dem Eggebyl, wegen
1845 535 2192 678 Ehebruch 162
1615 642 2792 814 Hiltbrunner, Anton wegen betrügernen d. 161.
1622 742 2711 916 Hadlibacher, Hand von Semit bald, wegen falschen
1869 850 2356 995 Schuldscheins d. 161.
1613 933 2766 1145 Hüßler Maria niche Seren Peter Portner werden
1889 1054 2742 1210 ald umschleifende Leute verbiessen. 174.
1635 1115 2758 1318 Hofer Michal genannt Rüti Stechel wegen Fleisch¬
1862 1276 2714 1409 Verkauf inner dem Burgerichtiel. 213.
1608 1379 2779 1529 Hoffmann, Mechel, wird in Kriegdienst nach Holland
1869 1469 2200 1599 gestelibel. 214.
1602 1561 2785 1728 Hofstetter, peter und Buggisberg, wird als Tuecher
2674 1674 2762 1762 252
1881 1680 2308 1802 wieder verwiesen.
1617 2182 2781 2386 Ienhof. Barbara, v. Amorsingen, wegen unruhigen
1928 2312 2222 2457 Stesten 9.
1610 2377 2757 2565 Jost Elsbeth und Großhöchstetten, begen hebruch 101.
1602 2559 2724 2676 Jaquel, Antone, v. Befort, ein Reutel schneider 108.
1602 2630 2770 2791 Zeum. Verenn, v. Siederhinigen begen Ehebruch 141.
1605 3124 2427 3310 Krieg, Barbara, wird verbießen. 4.
1608 3249 2737 3412 Ringler Elsbeth und kilch doch wegen zureichnung ihnen
1883 3344 2319 3465 mehel Kindt. 6.
1610 3393 2792 3558 Kammerer, Caspar, v. Langenn, wegen diebstähle. 103.
1593 3503 2767 3658 Käsli Friedrich v. Luthetzlich, wegen Küster borten: 10 fl.
