3024 4032
160 279 267 391 84
305 307 1328 480 Vienere, herren Großgreibe Gerset, Vnd auch den
234 430 1385 577 Grichtschreiberen vorgetragen und von wort zu wort
312 513 1368 646 abgelasen worden. Habend Meyhlen die raht, nach
320 590 1412 746 reister erlagung aller vmbstenden, Vnd auff vernommen
278 675 1398 818 bericht, daß der thäter flüchtigen fürs gesetzet und nit
303 762 1421 915 ergriffen werden mögen, erkent, daß über disen traurigen
281 840 1355 1017 Casum drey offentliche Landtagen an der Cent¬
284 962 1379 1084 gaßen angestelt, und zwar der 4 und 2 Landtag
282 1034 1374 1202 auff eren tag, nemblichen auß zinstag den 24
261 1138 1415 1287 May 1707. Der 3. und letstes aber auff zinstag
241 1227 1342 1392 Den 14. junii 1787 gehalten und nach bißharigem
252 1347 1402 1514 gewohnten Brauch vnd form verführt werden sollend.
184 1507 1372 1712 Gwalten Daruffhin Zinstags den 24. may
279 1644 1381 1780 1607 Megklen und Oberey raht und Burger morgens
277 1724 1370 1861 Vmb 10 uhren in der großen Stuben auff dem Raht¬
236 1801 1405 1942 hauß versamblet und durch Meghern ambts schultheisen
237 1882 1378 2023 die ursach diser Versamblung, vnd worumb es zu thun seye,
236 1977 1394 2122 kurtzlich angezeigt, daruffhin durch mich den Grichtschrei¬
238 2071 1351 2195 beren die Endlich aufgenommene Information abge¬
236 2161 1343 2268 lasen, solchem nach durch Meyhere schultheißen, nach
243 2246 1357 2375 vorleuffig empfangener Instruction, was für ein klag
236 2333 1382 2465 fahls der thäter erscheinen solte, er alsdan zu fahren haben,
206 2413 1373 2545 werde, bey Eyden in den ring an die Creützgaßen
218 2492 1306 2634 gebotten, vnd daselbsten vnderem prosidio Moshlen
225 2584 1322 2720 alt 5 ß von Muralts wegen unpäßligkeit deß alten
196 2669 1339 2812 Herren Schultheißen, der Erste, vnd andere Landtag
225 2757 1351 2903 nach der durch mich den grichtschreiberen bißharigen
216 2864 1314 2992 altem harkommen und stylo gemas aufgesetzten und
734 2950 766 3001 i
217 2951 1349 3077 von Mughlen den rähten approbierten form, consec
205 3049 1293 3167 tive Vollführt, und weilen der Thäter Johannes
185 3136 1384 3264 Rohr weder am 1. noch 2 landtag nit erschinen, daruff
203 3238 1355 3354 von Meghlen R und 3. mit urteil und recht erkent, und
194 3327 1365 3473 auch durch den weibel offentlich außgerussen worden.
159 3396 1329 3562 daß wer den thetern Johannes Rohr sehen
171 3501 1339 3652 Vnd antreffen wirdt, in Stetten oder dorferen
2736 201 2845 282 85.
1645 269 2872 460 Inholtzeren oder Walderen zu waßer oder zu Land
1661 375 2827 518 ober wo es immer sey, ihme verfunden sollen, daß der
1668 448 2845 603 Erst und ander Landtag umb den Todtschlag, die er
1655 525 2783 680 an insten Abraham König begangen auff heutt
1645 635 2889 797 offentlich gehalten worden und der dritten landtag
1654 694 2864 872 ob vierzehen tagen und under drey wuchen zu
1644 793 2862 964 halten angesetzt seye, damit Er Sich darzu verfue¬
2816 922 2846 956 e
1629 887 2815 1046 gen könne, sich zu versprechen, dan, so er auch
1603 980 2862 1161 Dentzmahlen am ordnen Rechten nicht erschinen, vnd
1645 1079 2882 1216 nicht begegne wurden, man alsdan in einen weg mit
1605 1172 2652 1322 Derurteil wider ihne fürfahren werden
1652 1283 2091 1385 Act ut supra.
1576 1452 2839 1646 Zinstags den 14. July 1707, als auff den zu
1562 1551 2823 1736 Verfahrung deß Geitt und Leisten Landtags hievor
1642 1660 2827 1795 expresse angesetzten tag, sind Meghern vnd Oberen, R.
1638 1728 2803 1864 Vnd G. abermahlen zu gewohnter Zeit vnd stund auff
1614 1808 2866 1949 Das Rahthauß in die Große Stuben zusamen beruffen
1627 1911 2848 2047 Ihnen daselbsten durch mechten Schultheißen, worumb es
1616 1993 2843 2145 zu thun verdeutet, Vnd darüberhin in den Ring an der
2374 2124 2405 2159 .
1628 2063 2369 2217 Creützgaßen bey Eyden gebotten
1586 2175 2795 2293 Alwo widermahls underem prosidio Mostern alt E. G.
1631 2248 2848 2382 von Muralts der dritte und letste Landtag, nach der
1629 2333 2842 2427 durch mich den Grichtschreibern aufgesetzten, dem uhralten
1629 2426 2847 2546 stylo gemas eingerichteten, Vnd auch von Megken den Röchten
1607 2510 2736 2631 zuvor gutgeheißenen forne, Vollführt, Vnd weilen
1608 2587 2835 2708 der bäter Johannes Rohr auch dißmahls sich zur
1617 2659 2844 2800 Verantwortung nicht gestelt, daruffhin mit urteil, vnd
1606 2763 2839 2885 Recht, nach vorleuftig auff einer Wohladenlichen Geselschafft
1617 2838 2810 2977 zum Eselzerang durch deß klegeren hen Bursprechen
1627 2937 2822 3075 genommener Rahtspfleg, hernach offentlich an der Creutz
1593 3026 2797 3157 gaßen durch Meyhlen und Oberen Räht vnd Burger
1611 3116 2821 3253 bey Eyden erkent, vnd grad alsobald durch den Weibel
1627 3215 2380 3336 mit luter stimm publiciert worden.
1591 3300 2788 3426 daß, wer den Thalern Johannes Rohr sehen und
1603 3392 2772 3489 antreffen wirdt, in Stetten oder dörfferen, holtzeren
1617 3460 2765 3555 oder Walderen, zu waßes oder zu land oder wo es
1617 3527 2728 3648 immer sey, ihme verfunden solle, daß auff den
