3024 4032
198 293 266 396 6.
387 354 1366 546 Hanß Joser zu Mas
300 507 1458 710 Weilen er sich weigeret die Verena krützer
394 639 1390 808 deren er die ehr versprochen, zu ehelichen
387 764 1386 911 ist deßwegen dato eydlich von ihr gnaden
373 872 1223 998 statt und landen verwisen worden.
333 981 1224 1133 Actum 4. tag februarii 1705.
342 1303 1177 1511 Elsbeth Ringler von
514 1440 863 1628 kilchdorff
323 1573 1360 1762 hat einen frömbden unbekandten gesellen
287 1684 1321 1855 In einem vatter ihres kinds vernambset
326 1769 1396 1925 und selbigen nit stellen können, ist deßwegen
336 1873 1330 2035 dato mit dem höltzigen fragen am halß, die
325 1998 1364 2149 Statt hinwider und auch aus dem land geführt
321 2074 1123 2225 worden. Den 19. tag februarii 1705
339 2351 864 2529 didis machers
288 2504 1332 2685 Dienstmagt by dem Zimmerman meister
303 2606 1297 2761 Pauli Schmid alhier hatte disem ihrem
307 2710 1377 2868 meister 2 guldige ring gestohlen, deßwegen
300 2795 1356 2964 sy für ein stund lang in das weill Heüßli erkendt,
297 2898 1324 3066 und noch für ein halb jahr lang für heige
272 3002 1271 3157 statt und daß stattgricht gewisen worden.
277 3105 1105 3238 Den 19. tag februarii 1705.
1058 3215 1181 3376 d
1641 220 2782 427 Hanß Meyerhoffer von Burch
1786 367 2399 524 auß den Zürich gebieth
1632 461 2904 663 Ist in acht tagen zeit wegen begangenen diebstählen
1662 592 2767 756 zweymahl durch den scharpffrichter mit der
1695 713 2823 861 ruthen aussgestrichen und das letsteren mahl noch
1670 800 2737 951 mit dem brand eyser gezeichnet worden
1548 909 2424 1092 Actum 3. tag martii 1705.
1789 1066 1905 1177 1
1948 1184 2060 1280 t
1606 1188 2635 1407 Dabriel Rohtentlich vnd
1746 1376 2657 1546 Atri Stettler des meister
1753 1502 2809 1684 Büehlers seeligen des glasers alhier eheweib
1651 1690 2835 1867 Weilen disere beyde sich hievor mit ein anderen
1758 1818 2770 1940 in ehebruch vertrabet nachwerts dann sich
1755 1903 2861 2031 mit ein anderen copulieren laßen und ohne das
1764 1986 2735 2148 glechten lumbdens, vnd sich bald zu diser
1745 2078 2902 2223 bald zu jener religion bekennen, als sind selbige
1731 2172 2793 2328 eydlich von ihr gnaden statt und landt
1754 2269 2813 2416 verwisen worden. Den 23. tag aprellen 1705.
2776 2615 2816 2674 e
1735 2543 2503 2736 Christina Weiger
1851 2693 2251 2842 ein heimatlose
1621 2793 2771 2975 Dieweilen sy einen gwüsten Hanß Breit von
1662 2906 2819 3065 Burgistein an einem vatter ihrer leibsfrucht
1672 2997 2873 3134 ernambset, der enden aber keiner disers nahmens
1669 3087 2769 3218 bekandt, als ist sy durch das trummen mit dem
1657 3179 2798 3368 höltzigen frag die statt hinander geführt,
1650 3294 2798 3431 und auß dem land geschaffet worden, den 20. tag
1636 3419 2067 3540 Mertzen 1705
