3024 4032
484 296 1237 479 geter Hoffstetter auß
490 445 1170 587 dem Guggesperg, und
455 552 1121 681 Ullrich Michler, von
555 658 999 773 Sterbrennen
327 760 1431 963 Sind weilen Sie der Teusterischen Seit zuge¬
405 887 1305 1008 than und sich wider ins land gelaßen
397 970 1422 1104 krafft Oberter Erkantnuß, mit abtrag der
362 1061 1340 1177 Ihrethalb aufgangenen Kösten losgelaßen
385 1146 1421 1277 und mit vorlasung deß eydts und betreüwung
367 1220 1427 1396 daß bey straff deß mein eydts sie mahlen
372 1303 1444 1444 land myden sollen, auf die grentzen gefuhrt
344 1400 1268 1528 Worden. Acten 22. decembris 1710.
399 1656 1177 1804 Lautman Sauman
440 1764 1289 1906 sonst genant Bek von henderschiken.
337 1895 1398 2057 Ist wegen diebstahlen, vnd außgegoßenen
330 2005 1385 2136 weit außehenden erenworten auf gnad herren
382 2090 1407 2201 von Stodts vnd Land eydlich verweisen worden.
379 2156 1336 2283 in dem Verstand, daß Er vmb kein gnad
362 2231 1390 2333 anhalten solle, Er könne dan durch authenti¬
351 2318 1336 2434 sche altestationen beybringen, daß er sich
331 2393 1371 2502 Außert Lands ehrlich verhalten. Act. 31.
339 2484 817 2593 Decembris 1710.
817 2652 1159 2810 Walthart.
409 2767 1206 2888 Der Bättel Profos alhier
300 2860 1356 2999 so mit einem faltschen zedeli und vorgeben
333 2952 1413 3071 daß es fur eine Arme Frl: Vnd Ihren Sohn
355 3024 1365 3165 und auß befelch machern schultheißen
322 3114 1314 3232 seye, einen Thaler vnd einen halben
335 3182 1390 3313 auß der Sekelschreiberey wurtlichen
339 3257 1321 3386 empfangen. Vnd dan den herren
276 3350 1411 3468 Allmußneren, Vnder dem faltschen Vorge¬
313 3426 1405 3541 bey, daß zwo arme persohnen droben
326 3496 1401 3621 im Spithal sich befinden, vmb Zehen baren
313 3583 1392 3700 betriegen wollen. Ist auf gnad hin eydlich
319 3651 1341 3745 von statt und land verwisen worden. Acte
332 3739 789 3845 12. januarii 1714.
2646 320 2758 423 233.
1896 327 2653 501 Ulli neüwenschwander.
1901 450 2120 559 Von
1696 526 2780 718 Ist von wegen Er sich im Ehebruch vertrabet
1717 679 2765 809 Vnd ohngeacht sein, weib Ihme disen fähler
1741 765 2727 903 verziehen wollen, dennoch nicht eheliche hauß,
1715 855 2800 976 ehaltung mit ihro zu führen versprechen wollen.
1732 923 2773 1043 sondern die schidigung ergehen laßen, lauht
1726 998 2775 1127 Gesatzes ohne gnad von ihr gegen Statten
1729 1079 2747 1220 land eydlich verleiden worden. Alten.
1746 1166 2165 1304 2. martii 1711.
1811 1357 2691 1640 Margardt Krangen
1744 1592 2780 1759 Ab dem Laas der kircheri Rüeggisperg.
1666 1667 2736 1858 Nachdeme selbige droben im Spithal iniche
1706 1807 2756 1937 wuchen in der kinderbehli gelagen und hernach
1730 1888 2809 2028 Von dort in die gefangenschafft geführt worden,
1723 1976 2726 2115 Ist Sie daselbsten auß Oberkein befelch
1727 2082 2816 2218 durch Meinen hochgeehrten herren Rahtsherren
1710 2149 2788 2309 Engel, mit zu thun Er Gel. Dieneren, herren
1701 2255 2803 2367 Groß weibel Murstenbergers, vnd mein deß
1711 2358 2762 2455 Grichtschreibers ernstlörtlichen examiniert
1725 2416 2284 2539 und befragt worden
1701 2514 2830 2647 Wie es heiße, wie alt vnd von Mannen es seye
1538 2537 1685 2686 E
1735 2607 2802 2730 Es heiße Margrecht Krengen, seye im Laus der
1607 2653 1682 2763 E
1705 2705 2821 2825 kircheri Rüeggisperg daheimb und etwas zu zwann
1734 2779 2157 2908 zig jahren alt.
1722 2898 2811 2999 Ob es nit schwanger gsin seye, vnd von Mein es
1586 2920 1673 3029 2
1557 2953 1629 3073 .
1724 2967 2257 3090 geschwängeret worden.
1743 3044 2722 3198 von Hans Huggisperg im Zulistahl seye es
1560 3090 1681 3219 R.
1713 3144 2793 3277 geschwängeret worden, und das in Hans Zimmer
1720 3223 2824 3340 mans Hauß seines meisters Hauß, und zwar das
1715 3303 2820 3408 erste mahl im tenn und das ander mahl in seinem
1711 3365 2163 3517 beht, bey des nachts.
1583 3489 2455 3629 G. Ob Er Ihme die ehe versprochen.
1729 3585 2705 3704 Er seige ihm sonderbahr nit versprochen.
1579 3607 1669 3704 a
