3024 4032
62 2654 209 2745 hernach
59 2710 234 2783 wider zu red
52 2761 236 2837 auf alhiesige
61 2815 264 2888 ottmäßigkeit
53 2866 247 2967 geführt etc.
165 267 295 396 70.
331 301 1421 462 durch das Exempel des alhier vor vnde
345 390 1412 514 ren augen stehenden Jean dierner
340 480 1440 594 Blanckets gewesenen Venners zu Cüstri
346 529 1421 635 und sonst genanten Baron de laus, mit
343 586 1436 695 waß ungebundenen und uneingeschranck
337 644 1357 734 tein geist selbiger immerhin daher ge¬
331 721 1424 811 läbet, und mit Vernebung allerhand bösen
325 763 1382 869 thaten, so wohl hier als außert Landts
341 829 1381 925 sich verschreyet gemacht, dardurch er
331 885 1409 996 dann endtlichen in dißmahligen trauwri
326 950 1409 1067 gen zustand gefallen, solches könte auß
335 1017 1412 1127 erzehlung seines ganzen lebens lauhts
313 1075 1390 1177 klar dargethan werden, weilen aber
335 1137 1351 1246 die haubtsach, darumb es auff diesen
313 1217 1389 1309 heutigen tag zu thun noch der umbstand
319 1250 1375 1371 des ohrts solches weder erforderen noch
325 1321 1382 1425 zulaßen, als wollen wir uns darmit
329 1378 1358 1504 auch lenger nit aushalten, sonderen
317 1445 1355 1565 allein und eintzig alhier offentlich an
323 1517 1345 1620 ziechen warumb und was ursachen
322 1584 1400 1699 Selbiger in die Oberkeitl. Band gerahten,
316 1649 1321 1757 und dismahls zu einem offentlichen
305 1706 1372 1824 exempel offentlich allhier vorgestellet
305 1771 502 1850 wirdt.
286 1838 1367 1949 Vnd wie nun durch Vnlengst alhier be¬
306 1908 1381 2010 schechene offentliche Vorstellung vnd der
312 1960 1410 2071 auff ervolgte scharpfe Execution Antoine
307 2045 1334 2143 Gontte, sonst casale genant, bereit
310 2091 1384 2189 offenbahr ist, wie und welcher gestalten
292 2152 1376 2266 Den 17. heüwmonat erst verstrichenen
288 2225 1416 2343 1706. Jahrs, das Brigantin von Neüwen
286 2280 1327 2385 statt durch ein von Allhiesiger Gott
287 2344 1352 2467 mäßigkeit außgefahrnes Rauberschiff
294 2392 1324 2527 auff dem Genster see zwüschen solli
720 2468 1016 2524 galtheticher ein
282 2476 1387 2597 und s Saphorin angefallen, angehalten
277 2528 1305 2663 auf seithen Sasser gegen s hingen
281 2608 1369 2711 hinüber ze fahren gezwungen und da
286 2663 941 2772 selbst spoliertt worden,
955 2670 1367 2780 Also wirdt
289 2741 1383 2843 hier durch in vernerem männigklichen
285 2795 1404 2905 bekannt gemacht, daß als durch fleißige
289 2844 1393 2961 und vorsichtige Nachsuch und nachforsch
282 2930 1371 3039 ung so viel in erfahrung gebracht worden,
271 2965 1326 3098 daß dieser Jean sierne Blancket sich
274 3031 1386 3164 Diesers see Raubs auch theillhafft gemacht
261 3100 1354 3227 haben solle selbiger darüber hin außge
258 3153 1375 3277 heimer oberkeitlicher Veranstaltung in
260 3235 1339 3357 gefengklichen Verhafft gezogen, alher
273 3305 1343 3403 in oberkeitst gefangenschafft geführt
261 3347 1327 3453 daselbsten zu verschidenen und vielen
262 3415 1384 3544 mahlen, anfängklichen zwar mir ernst
262 3485 1355 3626 wörtig, hernach aber auch peinlich und
1143 3620 1318 3717 mit etc.
2711 276 2815 363 71.
1689 355 2819 457 mit der Marter obgedachter see Räuberey
1699 421 2793 510 halber examiniert und endtlichen nachvol
1694 472 2854 569 gende theils mundt, theils schrifftliche bekandt
1693 525 2812 628 nuß und vergicht auß ihme gebracht worden
1682 602 2820 713 Namblichen, daß er zween tag vor besche¬
1695 668 2784 770 chenem See Raub die Räuber gesellschafft
1683 732 2838 837 zu Ouchi im wihrtshauß, allwohin er Blan
1687 775 2742 875 cket auch invitiert worden, angetroffen
1678 839 2801 956 sich daselbsten bey ihnen ein befunden, vnd
1690 898 2837 1000 daß selbige nit nur ihr böses vorhaben und
1677 959 2801 1075 Anschlag auff das mit geldt und waaren
1680 1016 2830 1111 beladene von genst nacher neüwenstatt
1667 1079 2857 1189 fahrende Brigantin ihme entdecket, son
1682 1153 2840 1263 deren er habe auch über beschechenes ansuchen
1660 1216 2795 1314 seine von Lustken biß nacher Ouchii mit
1674 1276 2798 1386 geführte schiffleüth ihnen überlaßen,
1672 1343 2849 1448 und daß solche zu Vernebung diesers Raubs
1669 1412 2809 1516 gebraucht werden mögend, eingewilliget
1679 1466 2852 1590 und nachdeme daraufhin der Raub begangen
1671 1540 2838 1626 und das schiff darmit beladen zuruck nacher
1662 1602 2853 1693 Custen kommen, seye eine portion oder antheil
1670 1655 2785 1771 von diesem raub von sechs und zwantzig
1676 1736 2841 1831 sacken silbergeldt, jeder ohngefehr von zwey
1671 1809 2786 1899 hundert und zwey und sibentzig thaleren
1665 1860 2798 1966 hinder sich in verwahrung zu nemmen Ihme
1671 1919 2791 2022 angebotten. Vnd wie das Raubschiff bey
1669 1982 2825 2091 sein Blanckets gardten zu Lusthey an
1669 2044 2803 2133 geländet, habe er selbst geholffen den Raub
1677 2109 2792 2201 aldorten außladen auch nit allein der
1657 2174 2819 2262 Grad darauff daselbst im Gardten gemachten
1662 2237 2833 2345 Theilung beygewohnt, und von diesem Raub
1666 2302 2801 2401 hieoben gedachten Antheil von 26. sacken
1668 2360 2789 2473 Silber geldt gegen von sich gebung eines
1665 2443 2818 2513 Recepisses zu sich in Verwahrung genommen
1668 2490 2757 2590 sonderen Er habe von diesem Laub auch
1653 2548 2821 2646 selbsten in etwas bekommen und benantlichen
1662 2612 2827 2697 Bey der Theillung an Gold zwey und siben¬
1668 2680 2797 2777 zig duplonen, und an silber zween sack
1648 2741 2799 2851 jeder von zwey hundert und zwey und
1659 2819 2784 2919 sibenzig thaleren, so seye noch ein sack
1664 2888 2769 2978 Silbergeldt, der aber nit complet oder so
1664 2943 2789 3049 Voll, wie die anderen wäre, ihme über¬
1656 3010 2834 3111 laßen worden, und von Jenigem Sach den
1666 3070 2794 3168 mann für die Schifleüth beyseits gethan
1657 3147 2817 3230 und darvon er zweyen Schiffleüthen jedem
1858 3191 2065 3254 weltichen fronen
1643 3205 2796 3286 kunftzigen dem dritten aber nur vier Ehrl
1665 3264 2849 3376 entrichtet der Überrest Ihme auch verbliben,
1665 3318 2839 3434 von der waar aber zwey paguets silberne
1653 3409 2851 3487 spitzen oder gelannen, ein paquet gotz und
1660 3461 2835 3572 Silberfaden, sambt einem paquet Cravaten
2546 3523 2724 3651 von s
