3024 4032
158 268 271 377 86.
312 299 1436 483 Ruttigen tag amo dnen Rechten von deß an Aben
316 402 1385 560 dem König begangenen todtschlags wegen, er
306 504 1420 657 von Beid in unfriben, und von Sicherheit in unsichte
313 589 1376 718 heit erkent, und all dem gust der Statt hern Zuge¬
309 672 1384 801 sprochen worden, auch die statt hern, dero land
307 758 1412 882 und gebiet zur hundert und ein Jahr Lang verloh¬
307 845 1415 962 gen haben, und wan er inzwüschen darin ergriffen
278 923 1327 1057 gusde, ob ihme, als an einem wußenhafften
301 997 1415 1149 godtschlegeren gerichtet, und also der Statt den
263 1105 1144 1226 recht an ihme erstattet werden sollen.
268 1191 839 1317 Act ut supra
460 1628 1062 1835 Wey Gfeller
314 1769 1368 1907 Von deren zum Hooff der amblegung fraulobrunnen.
217 1863 1353 2023 Welche Vermag herren landvogten von Fraube,
242 1956 1364 2095 Brunnen Schreiben, wegen zliebstals eines Ziels den
238 2034 1368 2201 19. aprilis jungsthin zu Fraubbrunnern in gefangen,
221 2150 1345 2289 schafft gesetzet, und den 25. gleichen Monats nachts
224 2233 1385 2362 auß der gefangenschafft gebrochen, im Buchbegburg
209 2313 1333 2468 aber wider ergriffen, auß das schloß Buchegg
206 2425 1397 2565 gefangen geführt, vnd auff anhalten von dort wider
213 2534 1360 2692 naher Fraulobrunnen verabgefolget, volglich alhar
216 2652 1216 2762 in alhiesige gefangenschafft gebracht worden,
194 2730 1380 2888 Ist den 26. mayen 17 ob durch meinen hochgeehren
158 2822 1391 2978 herren Zeugherren Dubelbeß als Oberfl. exprisu
191 2915 1330 3083 darzu verordnetem herren examinatoren, mit
182 3027 1340 3192 zuthun, er gn. Dieneren, hin großweibel Bern
176 3133 1318 3269 dets vnd des Grichtschreibers, über Jenige Ver¬
154 3251 1367 3383 brochen, deren krafft von Fraulobrunnen alhar geschikt,
179 3358 1356 3513 der information sie sich verdächtig gemacht, ernst
142 3482 1374 3638 Wortig examiniert, vnd darüberhin nach folgendes
1396 605 1446 668 .
2739 186 2855 291 87.
1623 279 2674 490 Herauß und an tag gebracht worden.
2046 427 2470 574 Namblichen
1601 512 2866 749 Sie hieße Catry gfeller, seye ohngefahr
1645 616 2823 807 bey künfftzig jahren alt und zu Haßli beig
1651 724 2787 886 Burgdorff daheimb, habe sich vor ohngefahr
1653 803 2879 1018 Elsten jahren zu Kilchberg mit bendicht Langol
1661 896 2874 1065 Von Jaren zum Hoff Verheurachtet, Vnd hernach
1632 998 2890 1171 zu Bentzligen bey Jostingen zwo und hienachen
1630 1107 2833 1240 Arburg sich mit Ihrem Mann aufgehalten, allwo
1636 1189 2854 1346 Ihr Mann auch gestorben, vnd zu hoffingen begra¬
1639 1314 2849 1441 bey worden und zur zeit, da herr landvogt
1595 1398 2867 1565 gottier nacher Fraulobrunen kommen, habe sie sich
1644 1497 2191 1647 auch hinauff begeben.
1712 1638 2861 1813 Worumb es zu Fraubbrunnen eingesetzt worden.
1589 1693 1673 1811 E.
1596 1784 2475 1925 R. wegen eines Biels, so es genommen.
1597 1918 2845 2056 A. Worumb es so hefftig gelaugnet und so hart geschworen.
1641 2028 2715 2113 Da es diß biels halber zu red gestelt worden.
1588 2111 2768 2264 habe nit geschworen, sondern, da man ihme zuge
1630 2217 2831 2332 muhtet, es habe das viel weggeben, nur gesagt, sein
1630 2315 2771 2449 Vnd wan es dis Viel genomen, so wolle es solches
1635 2392 1883 2500 �mmen geben.
1583 2501 2803 2631 2. Wan es mir disen diebstahl begangen, worumb
1640 2594 2828 2700 es dan auß der gefangenschafft gebrochen und geflohen.
1584 2679 2834 2831 2. Der herr landtvogt habe es so hart betreület und
1611 2785 2766 2894 gesagt, es mueße sterben, seye aber nit geflohen,
1599 2866 2828 2999 sondern nur gahn Bietwyll ins Buchenberg gangen von
1602 2963 2789 3087 Dan es naher dies bach zu seinem meitschi geschikt, inz loe-
1624 3041 2765 3170 Ihen aber seye es vom Weibel Wider ergrißen,
1599 3140 2375 3263 Vnd gefangen genommen worden.
1550 3226 2690 3388 2. Wie und wormit es auß der Resti gebrochen.
1568 3367 2606 3526 f mit einem mäßerli, so er im sak gehabt.
1552 3520 1606 3574 e
1709 3521 1799 3607 .
2055 3511 2160 3666 i
2473 3589 2583 3679 d
