3024 4032
140 259 251 355 68.
320 338 1428 496 Niemahlen nichts vorgenommen, So seye auch
334 451 1437 550 die adresse an grand lons den beid nit fürchen
316 487 1380 604 Blancket, sonderen, wie er glaube für
317 558 1382 657 den Comte de Varaa und die adresses an
308 612 1322 721 petit Cons de bois für den echaquet
316 678 1409 789 gsin, welcher des Conte der Varan Commissai
314 735 1393 836 e wäre und deßelben brieffen empfan
303 813 1412 942 gen, ihme Blancket auch diesere Briesen
310 875 1364 984 zugestellt habe, die pension dann
301 942 1368 1070 belangend, so sagte er, daß der Hr D
283 1012 1365 1111 otombe ihme zwar vor 2 oder
293 1092 1347 1215 3 jahren darzu hoffnung gemacht,
289 1153 1393 1271 Er aber habe gar niemahl etwas anders
303 1236 1392 1347 empfangen, als einiche Thaler Reißgelt
289 1291 1378 1392 wann er seiner frauwen Mittlen halb
279 1368 1388 1472 nacher Solothurn gereiset und sonst et
292 1439 1336 1545 wann der Camisards halben einichen
283 1503 1362 1611 Bericht ertheilt, also daß die briefen
280 1576 1400 1685 so von pensionen redend nit ihne son
290 1667 1397 1771 deren seinen Neuenn Echagult ansehen
278 1725 1355 1829 thuend, welchem zwar eine pension
279 1797 1342 1911 von 200 thren jährlich versprochen
266 1868 1390 1987 mehr aber nit als zwey quartal auß
257 1931 814 2040 gerichtet worden.
258 2181 1377 2294 Viertens über den Puncten die gegen
253 2266 1378 2388 dem Herren Graßen von Sallburg ver¬
268 2342 1328 2462 nebte betriegerey betreffend, hat er
241 2403 1373 2497 Blancket zwar bekennt, daß er mit
247 2484 1384 2597 diedem herren graffen ein tractat gemacht
250 2558 1393 2658 und in 500 Mann zu lieferen versprochen
237 2624 1349 2739 auch zu verschiedenen mahlen helter
235 2696 1345 2813 deßwegen empfangen, Wie viel aber
245 2764 1379 2883 könne Er sich nit mehr versinnen von diesen
236 2843 1366 2953 Geldteren dann habe er einem gewüßen
228 2911 1357 3033 farre, gebührtig von Neüwenburg, so
232 2980 1335 3095 sich aber in Teütschland außgehalten
234 3054 1399 3182 zu wärbung 250 mannen 2000 thaler
238 3134 1359 3256 und 30 duplonen dargezehlt, welcher
229 3209 1343 3310 aber Anstatt 250. nur 50 Mann
214 3273 1326 3399 gemacht habe, und einem gewüßen
214 3350 1326 3484 französischen Refugierten Saverdan
198 3432 1343 3584 sich nambsend, zu wärbung gleicher
1028 3574 1396 3687 Anzahl Solda,
1475 2296 1668 2408 prov. Cap
1476 2382 1667 2456 25 l. 28.
2691 286 2815 402 69.
1911 353 2003 415 auch
1690 359 2836 470 Soldaten 2000 thrl. Diese letstere Mann¬
1690 436 2824 528 schafft aber seye von diesem Saverdan würck
1693 490 2777 584 lich außgebracht und nacher Italien abge¬
1693 548 2781 645 führt worden. Den resten von dem ein
1687 619 2778 716 pfangenen geldt habe er behalten; jedoch
1693 681 2839 773 aber seye von ihme kein einicher Mann nit
1679 747 2835 862 geworben worden, und werde auch kein Mensch
1674 805 2797 926 ihne einicher Wärbung anklagen können
1670 866 2792 995 Im übrigen bedeütet er Blancket, daß
1683 939 2809 1068 er in denen gedancken stehe, daß diesere
1683 1005 2823 1110 sach durch seinen verstorbenen brudern und
1673 1077 2834 1202 den Comissaire alla in richtigkeit undt
1680 1137 2832 1269 zum end gebracht worden. Fahls aber solches
1687 1220 2768 1337 nit geschechen, so seye er urbietig heüt
1683 1303 2822 1406 oder morgen, wann seine frauw, die Ihne
1676 1357 2791 1481 zu Ihrem erben machen wolle, sterben
1675 1429 2823 1560 werde, alsdann diesere sach gicht gemachen
1911 1669 2842 1828 jean Dierre Blanckens
1873 1774 2776 1903 gewesnen verners zu
1807 1866 2731 1976 Lusthry sonsten Baron der
1947 1953 2515 2072 Lais genant
1802 2026 2593 2186 Criminal process
1823 2133 2668 2258 Wie solcher an der creützgoßen offentlich
2056 2202 2453 2298 verläsen worden.
1686 2251 2830 2394 In mann sagdt der Weise König
1718 2349 2824 2458 Salomon der seinen Geist nicht halten
1687 2435 2839 2524 kann, Ist wie ein offne Statt ohne Mauren
1654 2489 2803 2563 Wie liecht- und geschwinder dingen eine
1676 2545 2761 2654 Statt ohne Mauren oder Bollwerck von
1673 2627 2791 2685 den kinden überrumplet, verwüestet
1670 2667 2820 2785 zerstört, und gäntzlichen zu Grund gerich
1658 2735 2807 2846 tet werden könne, das Lehret vns, son¬
1670 2798 2832 2906 derlich bey jetzigen Zeitlauffen, mehr dam
1665 2864 2666 2966 gnugsamb die tägliche Erfahrung.
1653 2931 2786 3041 Wie und welcher gestalten ein Mensch
1661 3013 2761 3085 der seinen Geist, das ist, seine affecten
1664 3058 2785 3169 und genichts bewegungen nit in zaum
1653 3134 2800 3234 halten und bezwingen kan, sich bloß gebe
1665 3196 2786 3304 Vnd Endtlichen dardurch in die eüßerste
1666 3286 2806 3366 Gefahr, da in den tod selbsten sich stürtze
1666 3326 2824 3452 Solches wirdt vns vorgestellet aller ande
1672 3413 2860 3509 ren Exemplen und beweißthumb grunden
1660 3488 2860 3569 umb der lieben kurtze willen, zugeschweigen
2601 3569 2800 3683 durch etc.
