3024 4032
166 214 262 321 60.
325 294 1369 424 Veranstaltung und verordnung obge¬
328 365 1452 518 sagter sich verdächtig gemachten Räuberey
333 437 1442 577 halber ernstwortig examiniert worden,
322 495 1421 621 welcher darüberhin eine gantz ohnge
319 563 1406 691 zwungene und frey müchtige bekandt
335 625 1388 738 nuß dahin gethan, daß er Antone
323 696 1385 809 Gott sich in hiesiger bottmeßigkeit
329 765 1415 883 von Jean aubert einem Parthey Gän¬
335 834 1399 936 ger auffdingen laßen, und wie von
329 903 1401 1024 diesem Aubert hernach ein Anschlag ge¬
320 966 1361 1085 macht worden, habe er mit und neben
316 1032 1432 1148 anderen, solchen auf nach volgende weis
316 1103 1357 1211 vollstrecken helffen. Namblichen, als
310 1174 1371 1269 sambstags den 17. heüwmonat dis
307 1249 1394 1374 lauffenden jahrs er selbs viert zwüschen
308 1323 1358 1441 Ouchi und Lusther ain Genster see
314 1391 1405 1505 im ambt Laudannes, auff ein express
310 1464 1433 1589 darzu besteltes Schiff sich begeben, seyend
309 1528 1411 1644 Sie darmit biß in die gegne Culli ge
301 1598 1359 1710 fahren, und habend daselbsten, auf das
300 1661 1372 1767 von genst und morsee kommende mit
310 1732 1414 1827 geldt und kauffmanns wahren beladene
304 1801 1372 1903 ordinari Brigantin von Neüwenstatt
291 1856 1349 1982 auffgepaßt selbiges mit bewehrter
301 1941 1358 2056 hand angefallen, volglichen das in Kisten
298 2025 1348 2125 oder Ballen eingepackt geweste Geldt
277 2078 1369 2196 sambt den waaren gwalthätiger weis
287 2146 1409 2268 herauß und weg genommen die Schiffleüth
286 2206 1376 2340 dann im Beigantin angebunden ihnen
275 2278 1351 2388 Die sägel seyl und wyden an den Ru
281 2347 1372 2461 deren zerhauwen, und sie also sambt
271 2411 1353 2525 dem Brigantin aus dem see dahar
280 2471 1349 2593 fahren laßen, Nach verübung solcher
271 2540 1384 2655 that aber mit dem Raub wider zuruck
286 2617 1336 2734 nach Lusthen sich begeben und selbigen
280 2676 1348 2808 aldorten under sich und übrige Raubs ge¬
270 2753 768 2856 noßen vertheilt.
169 2820 1371 2978 und wie nun unsere Allerseits Gnädige
271 2922 1361 3045 herren und oberen rächt und Burger
268 2968 1329 3093 als alhiesige hoche Landts oberkeit auß
254 3043 1370 3171 sothaner bekandtnuß und Vergicht, hören
261 3100 1376 3213 und vernemmen müßen, daß diesere Käu¬
259 3166 1350 3271 ber Gesellschafft auff dero Grund undt
238 3246 1347 3347 Boden formiert, eingeschiffet der Raub
247 3310 1376 3430 in dero gebieth begangen und auch daselben
234 3350 1365 3477 sten vertheilt worden, dieser Arme ge¬
237 3415 1327 3566 fangene Antoine Hautt dann sich in so
1174 3558 1346 3648 weit
2729 219 2825 318 61
1711 301 2875 417 weit vergeßen, daß er nit allein diesere that
1701 367 2856 475 selbst mit veruben helffen, sonderen auch von
1702 437 2848 531 so thanen laub seinen antheil genommen
1715 489 2274 582 und darvon getragen.
2395 503 2841 589 und solchem nach
1703 575 2803 662 inreiste betrachtung gezogen, einer zeits
1717 627 2841 725 Wie und welcher gestalten durch dergleichen
1717 699 2845 788 Räubereyen die allgemeine sicherheit, freyer
1702 743 2846 840 Handel und wandel, in dero von Gott dem
1713 820 2866 912 allerhöchsten Regenten ihnen an vertrauw
1700 889 2863 967 ten Landen gehemmet und zerstöhret werde,
1697 950 2843 1047 anderseits dann, daß zu widerharstell
1702 1001 2831 1120 ung hierdurch gekränckter allgemeiner
1701 1065 2821 1164 sicherheit auch freyen handels und wan
1707 1127 2849 1240 dels, solche Mißethat nach erheüschender
1691 1209 2857 1331 nohtdurfft abzestraffen, sie von tragende
1708 1286 2809 1389 hoch oberkeitlichen ambtswegen darzu
1698 1351 2874 1482 höchst verpflichtet seyen, habend darüber
1702 1424 2825 1560 Hochgedachte unsere Allerseits Gnädige
1696 1498 2861 1611 Herren und Oberen Räht und Burgere
1683 1570 2843 1702 bey ihren eyden zu recht erkennt und
1700 1661 2859 1758 gesprochen, daß dieser Antone goutt
1703 1716 2806 1841 nechst empfehlung seiner Seelen in die
1690 1781 2863 1904 hande ihres erlosers, dem Scharpf Richter
1705 1869 2851 1965 übergeben durch denselben gebunden oben
1685 1920 2838 2042 Auß auff die Gewohnte Richtstatt gefuhre
1687 1992 2811 2098 daselbsten mit dem schwehrt ihme das
1687 2067 2857 2187 haubt abgeschlagen, volglich solches sambt
1687 2133 2857 2227 dem leib an das gewohnte orth vergraben
1688 2202 2822 2293 und also auf diesere weis zum Exempel
1696 2265 2860 2369 und schrecken anderer dergleichen Rauberi
1690 2337 2836 2448 nach Lobl. Statt Bernn wohl hargebrachten
1669 2392 2854 2506 Freyheiten vom leben zum Todt hingerich¬
1683 2462 2834 2566 tet werden solle. Also vor raht und zur
1683 2545 2818 2642 ger erkennt und auch exequiert den 24.
1660 2597 2206 2736 Septembris 1706.
