3024 4032
401 277 1494 498 bub geheißen, vnd gesagt, Er habe Ihme Groß
405 405 1456 563 guthaten erzeigt, er mechli aber habe ge
400 470 1495 636 denkt der Teuffel neme die guthaten und wort
365 570 1443 701 Wan der Ir Ihne dem Satan übergebe.
390 637 1466 784 Er gezeüg aber habe nit gehört, und könne nit
387 740 1466 884 sagen, daß der liechti, auff die wort, so der
364 827 1443 966 Wald amman sein vatter gesagt, behält unß
363 919 1487 1065 Gott, etwas darauf geantwortet wohl aber
348 1002 1457 1137 habe der liechti zuvor, da er von einem ander
377 1112 1415 1225 vor man darzu antriben worden, einmahl
334 1191 1463 1319 Gott geschworen und gott zum zingen genommen,
341 1276 1391 1407 Weiters habe er den liechti nit gehört
404 1347 1197 1450 boses reden oder schweren.
373 1464 1458 1646 Hans Geörg Streit, der Wald amman von
389 1586 1416 1734 Kuhliwyll Zeugete, daß Verlaufenen Angsten
371 1692 1439 1804 Der Liechli Ihme eine S. k. Kuhe ins tahl,
388 1776 1402 1901 gut bringen sollen. Da nun er Wald amman
382 1862 1441 1990 Vmb die bestimbte Zeit daselbsten angelangt
382 1934 1380 2065 Und aber den liechti nit angetroffen, auch
388 2021 1381 2145 biß auff den abend auf ihne gewartet.
367 2091 1375 2195 habe der Wihrt sachen gesagt, der
370 2160 1378 2289 Liechli seye vnd heiße Rechti, Vnd als
374 2268 1437 2378 entlichen der Liechti deß Abendts sehr spaht
370 2338 1433 2469 daselbsten angelanget, habend Er Wald¬
354 2430 1439 2554 Amman und sein Sohn, wie auch sein Bruder
356 2506 1383 2642 Vnd der liechti sich zusamen an einen Tisch
346 2596 1414 2729 gesetzet und eine maas wein mit einanderen
347 2674 1414 2811 getrunken, vndt habe der liechti mit seinem
337 2786 1409 2886 Sohn Vnd Er Malda man mit seinem Bru¬
359 2874 1397 3008 der geredt, Vnd wie sein Bruder Ihme
341 2943 1417 3084 sein deß Jahr durch erlitten Vngluck erzellet,
280 3046 1305 3191 Habe er Wald amman darauff zu seinem
352 3132 1400 3263 bruder gesagt, behuet unß gott und grad
329 3234 1400 3363 damahls habe der liechti zu seinem sohn mit
341 3307 1370 3441 dem er disputiert, gesprochen der teüffel
334 3405 1366 3517 nemme die wort, worauff er Wald aman
326 3504 1399 3616 zum liechti gesagt, was er das rede, der liechten
302 3565 1366 3676 aber zur antwort geben, er wolle es ihme
315 3654 696 3759 hernach sagen.
2617 302 2696 368 15.
1687 359 2712 520 Caspar Streit von Nider leistrach und Hans
1681 466 2773 616 Jacob Spring vom Sädel der kircheri Gertzen,
1701 561 2765 681 see, Zeugeten gantz gleichlautend, daß, als der
1710 655 2759 779 einte gezeug Caspar Streit seinem bruder dem
1696 748 2774 879 Wald amman erzellet, was fur zu fahl vnd Vngluck
1705 841 2806 978 er dises jahr durch in seiner haußhaltung gehabt,
1714 919 2744 1037 und sein bruder darauß gesagt, behüet unß
1661 1012 2796 1150 Gott ist die sach so gangen, habe der Liechti, aber
1695 1091 2781 1235 nit zu ihnen beyden, sondern zu dem knaben mit
1676 1174 2783 1290 deme er geschlaafft, gesagt, der teuffel nemme die wort
1642 1262 2779 1411 Da habe der Wald amman den liechli beschulten und ge
1656 1355 2752 1454 fragt, was Er da rede, worauff der Liecht zur
1653 1447 2785 1576 Antwort geben, er wolle seine wort außlegen, wie
1678 1510 2803 1651 Er Sie geredt, In deme seye der Schreiber hochen
1666 1605 2813 1738 so mit den Armen auf dem tisch gelägen und geschlummen
1684 1684 2793 1812 ret einsmahls aufgesprungen, in die Nebendstuben
1683 1759 2779 1881 gangen, die Wort aufgeschriben, Vnd Volgendts
1695 1826 2797 1975 mit etlichen Gorrichteren heraußkommen, und dem
1683 1929 2747 2051 liecht recht abgeforderet, denen der liechten
1701 2019 2783 2152 geantwortet, Er wolle vmb dise wort bescheid
1686 2097 2762 2206 geben: Weiters habend sie nit gehört, vnd
1661 2180 2770 2343 kömmind nit sagen, daß der liechti zu vor ge-
1668 2282 2527 2417 schlooren, oder etwas boses geredt.
1718 2450 2818 2601 Verners Zeugeten alle disere Kundschafftregen
1707 2556 2781 2673 einstimmig, daß der Schreiber hochen damahlen,
1704 2667 2744 2757 als die wort geredt worden mit den armen
1699 2709 2795 2834 auf dem tisch gelägen vnd geschlummert, vnd daß
1710 2784 2817 2893 so wohl der Schreiber, als die Thorrichtern
1714 2867 2788 2995 gantz berucht gsey und minder geloußt, was
1705 2944 2383 3100 Sie reden, als der liechti
1684 3061 2814 3222 redlichen ward auch vorgelaßen Niclaus sachen
1684 3172 2808 3304 der Schreiber vnd Wihrt im Galguht, welcher den
1690 3246 2818 3392 Liechli bey dem Herren Predicanten zu Gertzenser
1690 3343 2733 3459 als einen lesterer Verleidet, So seinen bericht
1681 3419 2802 3534 sahin gegeben, daß an dem tag, da die grichts
1666 3491 2811 3639 Angehörigen der Herrschafft Hertenses, dem Neuleren
2757 325 2810 401 9
