3024 4032
120 153 243 259 50
289 268 1428 462 schafft gebracht worden. Ist solchem nach
307 368 1414 519 aus oberkeitlicher Verordnung durch
299 422 1464 593 meine hochgeehrte Herren herren rahte
312 479 1461 665 herren Thormann und herren heimblichen
306 562 1384 711 Wursteinbergern mit zuthun, er in
312 627 1412 745 Dieneren, Ire Großweibel Gersets
300 672 1421 823 und des Grichtschreibers dieser La sale
302 759 1414 892 obgedachter Räuberey halben, den 3ten vn
318 819 1428 970 7. diß jetz lauffenden monats ernstwil
318 884 1406 1017 tig examinirt und von demselben über
319 952 1386 1084 die an ihne getruckte fragen undt
296 1014 1398 1164 interrogata eine gantz freymüchtige
317 1090 1416 1217 und ohngezwungene Bekandtnuß ge¬
1350 1126 1454 1188 mart
294 1141 1414 1277 than worden, auff weis formb und ge¬
316 1217 833 1322 stallt wie volget:
321 1304 1398 1444 Wie er heiße und von welchem ohrt
229 1360 867 1490 Er gebührtig seye.
206 1462 295 1587 e
327 1474 1353 1597 sein name seye Anthome Hont
322 1561 1401 1661 gebührtig von lasale zwey stund von
295 1602 1413 1722 S. Hyppolite in Covennes, habe vor¬
303 1678 1409 1798 diesem in des Rolands Truppen gedie
313 1744 1427 1863 net nachwehrts aber mit dem Cavalien
310 1788 1385 1928 ins Land kommen seithar seye er etliche
289 1879 1399 2001 Monat in den Bergen in Biedmontesischen
295 1941 1271 2057 Diensten gsin und letst verwichenen
1271 1996 1334 2035 .
294 2000 1416 2113 Winter durch zu neüws bey seiner Schwö
298 2070 1377 2191 ster, so alda haußhablich sich auffgehalten.
229 2168 1375 2287 Ob er nit ohnlängsten zu neüwenstatt
300 2244 1177 2369 in gefengklicher verhafft gsin.
211 2321 493 2432 R. Ja.
199 2427 1406 2562 Auß was ursachen mann ihn daselbst
309 2520 660 2601 eingezogen.
219 2575 1424 2687 d. Es habe ihn dorthen niemands darumb
324 2638 387 2680 .
258 2665 1410 2763 befragdt noch angezeigt, warumb mann
287 2704 772 2803 ihn eingezogen.
225 2760 1358 2896 . Auff was weiß er zu neüwenstatt
301 2851 1355 2975 Aus der gefengknuß kommen, und wer
288 2904 915 3006 ihm heraußgeholfen.
496 2979 536 3031 her
228 2985 1403 3126 R. Es habe niemand herauß geholffen, sonder
316 3057 1368 3183 ren Vermitlest eines spitzigen Angels
298 3103 1351 3219 welchen er mit den handen an einem
283 3177 1373 3295 Egernen thürlin loos gemacht, und dar
295 3228 1392 3374 mit bym schloß an der hölzernen thüren
291 3285 1372 3415 löcher gebohret, habe er zu der fäderen
303 3372 1348 3468 gelangen, das schloß auffthun und die
293 3426 1345 3554 thüren öffnen können. Wormit er bey
286 3488 1381 3622 4. Tagen zugebracht, darauf habe er under
1204 3612 1381 3702 der
1600 2813 1688 2930 E
1595 3064 1681 3180 .
2734 218 2872 303 57.
1703 330 2880 441 der eisernen thüren, welche sich noch ußenhar
1713 408 2884 502 der höltzernen befunden, mit einem rigel durch
1706 465 2904 569 gegrabt und under der schwellen durch geschloßen
1716 513 2864 618 Volgends über ein kleines Dächlin hinabge¬
1707 575 2879 689 sprungen und weilen die Schildtwacht so vor
1700 646 2882 770 dem thurn gestanden ihne gehordt und ge
1712 708 2868 814 euffen, seye er alsobald durch die räben den
1702 777 2853 906 Berg auffgeloffen und verners durchs Neu¬
1703 839 2852 973 wenburger gebieth sich nach Concire bege
1708 942 1888 1029 ben
1726 981 2866 1130 bey wein Er sich zu Conciren zugezogen.
1636 1011 1718 1136 d
1720 1112 2481 1232 bey dem wihrt daselbsten
1613 1132 1695 1246 h
1710 1223 2521 1364 ob ihn der wihrt gekennt.
1599 1262 1707 1399 E
1717 1340 2834 1470 Ja dann er habe zu vor etliche mahl bey
1627 1383 1712 1497 d
1683 1423 2109 1552 ihm logiert.
1714 1515 2864 1638 Ob er dem wihrt auch gesagt, daß er zu
1576 1529 1693 1632 E.
1710 1587 2889 1691 steüwenstatt gefengklich eingezogen worden,
1689 1644 2529 1758 und sich wider Loos gemacht
1717 1752 2557 1857 Ja Er habe ihms angezeigt.
1598 1743 1674 1868 .
1735 1863 2893 2011 Wo Er sich von Concire Weiters hinbegeben
1640 1881 1699 2009 E
1621 2001 1761 2119 A
1756 1988 2876 2128 der Wihrt habe Ihn über den See führen
1686 2088 2868 2189 laßen und seye selbsten mit Ihm biß hiehar
1685 2145 2876 2256 nach hern kommen, da Er Caßate sich vor der
1681 2200 2791 2321 Statt verborgen, der wihrt aber seye in
1687 2295 2858 2393 die statt gangen, und seine anwesenheit
1683 2336 2865 2459 etlichen seinen bekandten angezeigt, deren
1683 2404 2824 2522 einiche, darunder der Schinion zu ihme
1672 2461 2854 2590 herauß kommen, weilen Er sich aber nit in die
1678 2542 2870 2653 statt wagen dörfen, seye er wider zuruck
1681 2600 2855 2726 auff Petterlingen gangen willens sich
1691 2668 2377 2785 nach neüws zu begeben.
1686 2802 2877 2931 So er sich nit im verwichenen heüwmonat
1678 2880 2877 2997 bey Vernebung des jenigen raubs befunden
1672 2945 2861 3083 so sich auf dem genster see zugetragen.
1699 3065 2831 3205 Ja Er seye darbey gewesen Allein ehe¬
1671 3152 2814 3278 sich diese sach begeben, habe Er sich einiche
1675 3232 2871 3339 tag hier in gern bey dem Schlüßel außge¬
1651 3319 2872 3393 halten, und seye die Abred gsin ins Burgung
1669 3367 2866 3474 zugehen, zu zummenen habe der partis an
1673 3425 2871 3533 Aubert seine patenten bekommen, da sie aber
1663 3501 2797 3618 zu Laudanne, donnstags den 15. July
1659 3562 2858 3685 Jungsthin morgends umb 9 Vhr angelanget
2652 3662 2841 3773 habe etc.
