3024 4032
312 227 1476 473 Herren sein, die Maria Schiffmann seye nit darzu
386 341 1516 613 kommen, selbige aber habe ihren knecht geschehen
361 472 1496 689 gahn schaulden, und setze auch ein meitli nachengen
339 565 543 695 loßen.
264 711 1488 911 e. Ob dan die Maria Schiffman nit gesagt, habe
350 840 1494 1029 zu schlimmer Oler, was machste mit deiner Toch¬
355 924 486 1028 ter.
288 1040 1488 1221 R. Wohl, das seye wahr, sie habe aber solcher
332 1149 1425 1328 zu Ihme geredt, wo er zu ihro herauß kommen.
266 1279 1432 1474 2. Ob er zu diser Maria Schiffman nit auch
284 1376 1457 1572 schandliche Vnd Vnkusche Wort, in ansehen Vnbe¬
300 1490 1131 1648 scher betastungen, geredt habe.
291 1616 1088 1769 f. Er wüße solches gar nit.
224 1784 1430 1962 e. Ob er nit auch an anderen orten mehr der-
296 1883 1434 2063 gleichen schandliche und unküsche sachen mit seiner
301 1992 852 2118 tochter Vernebt habe.
232 2110 1402 2287 5. Nein, er setze sonsten disen Summer mit
252 2242 1283 2399 seiner tochter mit umb einanderen gangen.
201 2373 1367 2564 e. Weil er ein so weit kommen, daß Er
267 2516 1403 2636 seine Tochter nit allein Vnerbahrer Weiß ge¬
274 2602 1399 2695 küßt, sondern auch auf eine schandliche weiß
285 2676 1459 2800 an heimblichen orten betastet und auch beschauldet
241 2743 1424 2868 so solle er nun auch sagen und bekennen, ob er
267 2820 1366 2946 nit auch seinen bösen willen Volkomblichen mit
249 2896 1434 3002 seiner Tochter Volbracht, Vnd sich also fleischlichen
267 2978 950 3101 mit ihro vermischt habe.
223 3081 1441 3221 R. Nun, das seye nit geschehen, Er seye gleich¬
232 3159 1349 3293 Wohlen dem Teuffel nit volkomen in seine
246 3257 660 3369 strit gefallen.
192 3347 1449 3521 E. zu was Glock Vnd vnd dan Er seine Tochter
240 3454 1137 3586 indergezogen vnd entblößt habe.
233 3536 1438 3693 z. Er seige wollen lugen, wie es sich halben
245 3673 447 3747 wolle.
1614 566 1668 665 .
1630 2574 1685 2700 f
2789 177 2869 259 2
1673 266 2902 495 Endtlichen ist Ihne mit Vorhaltung noch ande,
1713 410 2869 541 ver Vmbstenden mehr kreftig zugesprochen
1682 513 2933 644 worden, daß er die wahrheit weiters nit ver-
1663 596 2929 762 halten, vnd also ohne Verners aufziehen bekennen, solle
1670 690 2939 873 daß Er Ja auch seine Tochter Würklichen beschlaßen
1651 813 1863 953 habe
1672 894 2876 1100 Er hat aber ohngeacht alles kreftigen zu
1684 1007 2903 1179 sprechens zu Vernerer bekantnuß nit gebracht
1670 1091 2920 1230 werden mögen, sondern ist steiff darauff verhar
1701 1167 2885 1290 ret, daß er seinmahl mit vollbringung der bösen
1679 1243 2936 1417 that selbsten sich gar nicht befleket und besindlet haben,
1694 1335 2934 1481 und also anders nichts, als was er bereits angezeigt
1701 1454 2100 1593 Vorgangen seye.
1945 1704 2544 1877 Information
1670 1846 2870 2033 o wegen deß in der oberen gefangenschafft
1665 1963 2915 2111 ligenden und mit seiner leiblichen tochter begangener
1675 2052 2871 2189 Blutschand halber verdächtigen Hans Gurtners
1673 2153 2875 2281 deß allers auf dem Schupperg auf heut und ge-
1677 2219 2848 2363 meltem dato von nachfolgenden persohnen aufge¬
1688 2335 2074 2451 nommen worden.
1638 2482 2885 2649 Hans Nobsen Hardbachte ob Schupffen bezeügete
1663 2616 2875 2725 das sambstags vor letst gehaltenem bättag er den
1669 2665 2899 2776 gemelten Gartner und seine tochter auf offner straß
1673 2731 2869 2864 obenhalb dem rein bey Stukirhauß hieharlahrts dem
1666 2814 2875 2977 Thurli in der poster angetroffen, alß wan er selbige be¬
1657 2904 2862 3041 schlaffen wolte, Vor Vnd eher aber Er sopß Sie ge¬
1681 2985 2863 3131 sehen, habe er das meitli gehört gruntzen, als wan
1684 3071 2862 3211 es brieggete, darauff Er erstlich den Gurtner bey
1665 3154 2855 3290 dem Kopff Volgendts auch das meitli am bodengesehen
1674 3230 2832 3377 welches an einem tantschli mit dem Kopff und sich
1681 3324 2830 3442 Vnd mit den fueßen ob sich gelagen, der Vatter seye
1676 3398 2812 3528 bey der Tochter gelt beinen, welche so vihe
1676 3475 2869 3576 alß auf der seihten gelagen, nidergegrupet, vnd Ihre
1646 3544 2864 3696 den gantzenleib aufdeket gehabt, auch mit den henden
