3024 4032
323 265 1498 543 A., Ob Er mit aldortig in der Gefangenstere
387 417 1475 625 geloesen, und warumb man ihn eingestell
325 556 1458 779 f. Da er seye freunden mit einichen anderen
352 674 1490 888 Soldaten im anrat gsin, weilen er angeklagen,
424 782 1485 955 worden, daß er einem Schreiner wohl sachen
431 837 1466 1043 geschendt habe, deßen er aber gantz Vnschul¬
436 956 1438 1089 big gsein, und sich auch bey gethaner nachfor
417 1041 1468 1190 schung nit erfunden habe, maßen man ihme
410 1143 1418 1270 hernach das gelehr widergeben, vnd habe
419 1230 1459 1366 Er darüberhin biß gegen Wienachten gedienet,
311 1347 1450 1552 . Ob er nit wunden in den Wald stetten auch
243 1462 1383 1604 von diebstahls wegen eingesezt worden und
368 1577 1179 1713 dorten auß den Feslen gerißen.
274 1701 1414 1881 2. Nein er seye dorten nit wegen diebstahls
379 1850 1457 1943 sondern daß er, wie angezeigt einem Schreiner
376 1903 1441 2029 sachen verderbt haben solle, angeklagt worden,
370 1993 1430 2136 so seye er auch nit auß den landen gerißen
400 2083 1415 2220 söndern man habe ihne wider ledig gelaßen, und
378 2156 1441 2297 ihme bald hernach für 14 tag lang nach hauß
364 2243 1442 2397 zugehen bewilliget, da er dan wegen Ihme zuge¬
364 2352 1400 2498 stoßener Langloewigen krankheit nicht wider
348 2438 774 2569 mundergangen.
383 2545 1408 2699 Was er damahls für Zeug auß den Wald,
200 2530 301 2685 2
388 2643 1421 2779 stellen mit ihme nach Schwartzenburg gebracht,
363 2733 1000 2871 Vnd dorten Verkaufft habe.
213 2842 321 2953 R.
367 2831 1411 2971 Er habe drunden einem Fragoner, so zu Ihren
364 2926 1372 3068 ins quartier kommen, etwas wenigs sey denen
334 2998 1364 3142 zengs gekaufft, welches er mit ihme naher
337 3103 1405 3251 Schwartzenburg gebracht, vnd dorten wider Ver¬
340 3177 517 3298 kauft.
146 3290 1361 3479 E. Ob, vnd warumb Er zu Schwarzenburg
331 3400 782 3510 eingezogen worden.
212 3475 1360 3635 E. Er habe Cristen Meschler der Krämer
171 3552 258 3653 1
351 3577 1372 3713 im Guggisperg ihne Pfendi bey dem
2745 197 2844 317 39
1697 326 2850 533 damahligen herren landvogten Billistorff
1742 473 2815 606 beklagt, daß er ihme nachts in laden ge
1727 577 2844 703 brochen vnd Tüchentlendt Er seye aber die
1712 658 2871 801 ser sach halber gantz unschuldig, vnd dieselbe
1733 745 2807 877 nacht, da solches geschehen niemahlen fur sein
1688 842 2837 982 Hauß tach hinauß kommen. Und wie solchem nach
1718 944 2881 1063 er eines abendts mit dem Christen Liener auß
1712 1019 2799 1181 dem holtz heimbkommen, habe der Weibel zu
1694 1129 2846 1286 Guggisperg ihme angezeigt, daß er ins schloß
1685 1219 2879 1362 zem herren landvogten gehen solle. Da er nun gahn
1702 1315 2888 1454 Schwarzenburg ins schloß kommen, habe der
1685 1417 2852 1547 Herr landvogt ihne deß einbruchs halber zu
1714 1504 2830 1648 red gestelt, er aber habe der that, die er nit
1708 1607 2848 1761 Gethan, nit bekantlich sein können, sondern begehrt,
1713 1711 2782 1833 daß man ihme seinen Anklegern under augen
1707 1787 2829 1911 stellen woruff der herr landvogt gesagt, er
1702 1874 2815 2016 seye dißmahls der kleger er wolle ihn schon
1699 1967 2854 2094 zur bekantnuß bringen, inmaßen er ihne darun
1718 2050 2829 2173 berhin in gefangenschafft gesetzt und mit der
1715 2145 2858 2235 Marter betreubet, Vnd da er gesehen, daß seine
1698 2218 2830 2365 frund nüt für Ihne nahen gangen, vnd aber deß
1717 2312 2861 2466 Cristen Kieners frund (der auch mit Ihme eingen
1716 2412 2857 2547 gsetzt worden) denselben bald wider ledig gemacht
1702 2502 2837 2629 Seye er verdrußig worden, vnd habe am heiten
1715 2585 2810 2719 ren Tag ein eysen vor einem hoch mit dem fueß
1697 2675 2809 2808 Weggestoßen, Vnd durch daßelbe sich darvon
1683 2763 2181 2895 und hinleggemacht.
1619 2901 2854 3079 E. War ihme zur loos würkung geholffen oder
1705 3004 2192 3142 Weglweisung geben
1601 3107 1974 3283 Niemand.
1580 3262 2831 3418 2. Ob im Brachmonat 17 ob er mit einem sak voll
1707 3370 2695 3503 zeug nit über das schwartz waßer gangen.
1578 3454 2824 3574 . Ja vnd das manchmahl dan er allwegen drüber
1712 3534 2790 3671 gangen gahn brot kauffen, vnd solches in einem
1728 3620 2188 3747 ab heimbgetragen
