3024 4032
140 135 274 251 48
313 261 1163 446 Carie Hellemen.
306 368 946 519 von Villard fussers
268 480 1371 698 So bereinds mit dem dritten hurey fehler sich
298 625 1311 764 beflecket, ist dato von ihr gnaden landen
217 716 1424 885 bamnissiert worden, den 2. tag martii 1706
256 1021 1127 1197 David Brugger von Bud
286 1190 1331 1376 So sich in ihr gnaden land in ehebruch und
303 1310 1365 1453 anderen ledigen fähleren vertrabet ist dato
293 1423 1283 1560 Eydlich von ihr gnaden statt und landt
288 1512 1452 1679 verwisen worden, Actum 9. tag martii 1706
268 1814 1408 1989 Jacob Weerli und Georg Franck.
393 1954 1022 2077 beyd Burger zu Krauw.
303 2082 1312 2252 Sind dato wegen unerlaubten wärbens
310 2221 1346 2351 von sein gnädigsten und oberen rëcht und
334 2303 1343 2452 burger auff gnad in eydlich von ihro
335 2427 1407 2573 landen verwisen worden. Den 3. tag februarii
332 2504 500 2605 1706.
248 2667 1390 2850 Marthi Dürm bald von Befell.
304 2847 1342 2996 hat unerlaubter weiß hinder schenckenberg
301 2962 1329 3102 geworben, deßwegen dann er eydlich des
300 3068 1411 3194 lands bannisirt worden. Den 18. tag februarii
273 3152 500 3280 1706.
1180 3330 1225 3449 e
421 3323 1085 3448 Salome Gottier
152 3439 1422 3615 Ein berüchtige schlimme dienen ist mit commination
221 3559 1304 3690 des lands verwisen worden, den 18. tag martii 1706.
1530 217 2749 338 von hier continuiert Anno 1706. den 3. und 7. septembris.
2776 277 2864 362 49
1508 302 1867 389 durch daniel Müller
1932 278 2596 406 Anthone cont
1513 361 1840 453 Grichtschryberen.
1898 381 2719 493 Von La sale in Levennes
1525 419 1805 502 der statt zern.
2138 453 2399 555 gebührtig
1860 515 2692 673 Examen vnd vergicht.
1711 639 2858 798 Nachdem Meghen den rähten
1725 735 2857 844 mit höchstem bedauwren zu vernemmen
1724 810 2842 896 kommen, welcher gestalten das prigantin
1735 874 2827 952 von Neüwenstatt, darinn drey Galloten
1725 919 2840 1023 zu gens und siben Ballen zu Morfen, in
1731 979 2898 1093 welchen beydes geldt und wahren enthalten,
1727 1042 2897 1159 eingeschiffet waren den 27. julii jüngst
1717 1096 2888 1223 hin durch ein von hiesigen Landen außge¬
1724 1168 2844 1282 fahrnes räuberschiff auf dem genster
1715 1237 2883 1367 see in der gegend Culti hinderem ambt
1709 1300 2805 1410 Lausanne angefallen, angehalten,
1719 1361 2865 1487 und nachdemme selbiges beßer auff seiten
1710 1440 2845 1536 Sastor gegen st hingaria überfahren
1709 1514 2807 1598 gezwungen, daselbsten spoliert worden.
1724 1584 2892 1721 habend darüberhin hochgedachte Meÿhe e
1734 1665 2879 1777 als die sothane begegens von höchster wich
1707 1725 2861 1844 tigkeit befunden auß oberkeitlicher sorg
1714 1787 2784 1901 fahlt alsobald alles vorkehren laßen,
1715 1858 2837 1963 waß zu entdeckung dieser that immer ge¬
1714 1926 2862 2035 reichen mögen allermaßen sie zu dem
1705 1990 2828 2101 Ein nit allein an dero dortiger enden
1720 2062 2867 2163 sitzende Ambtleuth die nohtdurfft über
1715 2142 2892 2252 schreiben laßen, sonderen noch ins besonders
1704 2207 2886 2324 meinen hageehrten Herren den beyden
1718 2278 2806 2386 heimblicheren expresse ausgetragen
1716 2346 2854 2460 allen möglichsten fleiß und eyser an¬
1716 2407 2817 2511 zewenden, damit diesere Thater ent¬
1707 2476 2900 2581 decket behendiget und zu gebührender Ab¬
1710 2533 2866 2654 straffung gehalten werden könnind, und
1723 2615 2881 2706 wie nun durch dero sorgfehltige vorzichtige
1707 2656 2889 2768 und geheime nachforschung so viel in erfahr
1714 2730 2864 2835 ung gebracht worden, daß ein geweiser
1706 2788 2869 2897 sich la sale nambsend, so zur neüwen
1712 2863 2869 2974 statt ain Bieler see sich aushalte, allen
1717 2947 2890 3041 ansechen nach einer von diesen Rauberen
1711 2998 2904 3104 seyn muße, selbiger auch auff von hier
1708 3061 2853 3176 auß beschechenes nachbahrliche anhalten
1716 3133 2881 3241 alldorten in gefengklichen Verhafft genommen
1711 3204 2888 3313 Da er aber in währender negotiation seinen
1725 3269 2835 3376 auß- und alhar lieferung, sich dortiger
1700 3330 2859 3447 banden loos gewürckt um ausgerißen
1710 3425 2904 3523 hernach zu Petterlingen wider erhaschet und
1711 3473 2885 3600 alhar in hochoberkeiten band und gefangen
2688 3556 2880 3670 schafft
