3024 4032
1912 222 2321 426 Henisten.
1603 416 2783 600 Augspurger Anna, v. Worb, wegen vorgegebener
1897 528 2303 671 Schlangerschaft. 2.
1610 602 2800 780 Arm Christina, aus Kremgarten, wegen Kinderaus,
1893 708 2196 856 setzung. 11.
1596 761 2778 984 Aum Jakob, v. digten, begen doppelter Ehe verstre¬
1899 939 2147 1048 chung. 98.
1613 1002 2594 1168 Überstold Jost, bind bamistirt. 106. 113.
1594 1121 2798 1296 Ist, Verenn, wird als tänferische Person verlichen. 162
1594 1240 2723 1391 Ami, Jagues wegen unerlaubten Werbungen: 213
1576 1352 2487 1489 Ann 2 Jarbli, sind verbieten. 215.
1600 1865 2713 2074 Brugger, Barbara, v. Urstenbach, begen Ehebruch. 4.
1611 2032 2753 2174 Rüchler, Cathri geb. Stettler, des Glastend stel allhie dren
1861 2146 2316 2282 wegen Ehebruch M. J.
1605 2196 2787 2382 Bann, Pater, v. Diglen und Barbli Läderach stum Frau
1855 2335 2310 2464 legen Ehebruch. 46.
1611 2378 2785 2543 Bourgers Vincent wird ins Schallenberk erkennt. 17.
1592 2475 2621 2649 Kregger, David v. Diel, wegen Ehebruch. 18.
1602 2599 2815 2756 Blanckel, Jean Piere, keiner zu Lutig, genant Baron
1851 2682 2781 2831 de Lanz, wegen Beraubung eines Schifft auf dem
1858 2776 2385 2916 Benher See. 62. 89.
1608 2859 1832 2978 Willen.
1872 2886 1931 2974 e
1960 2875 2663 3022 u sein Weil sorgen Trohungen. 98.
1600 2964 1804 3080 Barbe
1820 2977 2435 3110 Puerre wird verbiefen. 98.
1612 3059 1784 3199 Wesen
1809 3062 2748 3218 Peter, v. Langnau wegen verbeigerter An¬
1859 3162 2589 3309 nehmung seines unehel Kind d. 105.
1591 3184 1798 3358 iland
1803 3250 2777 3401 Barbara, wegen Ungebührlichkeiten d. 105.
1609 3343 1816 3454 baumen
1846 3354 2770 3489 Lucas, der Wyß gerber Bürger allhie u. seine
1815 3438 2758 3559 Verlobte Anna Maria Hürnen werden für
1814 3531 2467 3683 1. Monat lang verbrieffen 105.
