3024 4032
286 289 1503 528 2. Ob der Nobs ihn nit mit worten bestrafft.
300 458 952 583 R. Ja, es seye wahr.
283 595 1508 817 den war für bescheyd er darüber dem kopf gegeben.
299 744 1462 912 e. Er habe zum kops gesagt, Ich hab vermeint de
320 862 1402 982 seÿest krant, aber ich glaub du seÿest krank
264 984 1472 1161 4. Worumb Er aber damahls über seine Tochter hor
341 1114 664 1220 nig worden.
287 1196 1498 1365 R. Er seye hohnen gsin, daß es Ihme die Flaschen
330 1299 770 1433 nit wollen lahen.
257 1397 1420 1604 E. Ob er nit auch beym Herrenschlanden, holtzet
298 1530 1419 1650 seine Tochter inderzogen, vnd vnehrbahrer Vnder
287 1625 1262 1771 Unverschambter Weiß betastet habe.
273 1750 1134 1903 . hierzu hat er stillgeschlagen.
271 1903 1473 2064 2. Ob er und seine tochter nit auch bey den Liedach
283 2009 1461 2149 Matten bey einanderen am boden gelägen seyen.
286 2094 1215 2231 Vnd seine Tochter Ihme gelaufet habe.
246 2221 1390 2359 R. Ja, seine Tochter habe Ihme da gelaufet.
234 2345 1431 2506 E. Ob Er nit auch daselbsten seine Tochter schand¬
267 2456 1429 2597 licher weiß entblößt, vnd an Vnehrbahren orten
249 2544 1211 2659 Vnverschambter Weiß betastet habe.
237 2623 1405 2774 . Als seine Tochter Ihme gelauset, seye er auf
235 2726 1397 2883 dem Rugken gelägen, vnd habe seinen Kopff auß
244 2836 1411 2954 seine tochter geleget, vnd dazumahlen habe Er Ihre
234 2904 1410 3042 die Kleider wollen auf han, weil er aber gesehen,
244 2995 1408 3138 daß Sie lätze seye, habe Er sich Ihrer erbar¬
263 3089 391 3174 met.
216 3187 1416 3340 2. Worumb aber Er erst jetz solches gesehen, vnd
250 3289 1331 3425 Beym Thürli ob Studis hauß solches nit auch
220 3378 793 3512 wahrgenommen habe.
219 3471 1386 3600 R. Er habe zuvor nit geloußt, was er mache
222 3562 1437 3693 Weil Er trunken gsin, dißmahls aber setze er
261 3642 993 3752 in etwas mechter worden.
2773 188 2902 297 123.
1647 317 2915 524 2. Ob aber damahls er nit entblößt gsin seye.
1709 443 2918 596 und in ansehen seiner entblößung schandliche wort
1700 540 2513 701 zu seiner tochter geredt habe.
1670 654 2869 856 N. Woher auf dem Kuglen gelagen, seye Ihme
1715 756 2903 903 an heimblichen orten etlaas bloße herfürkommen,
1706 837 2899 985 und habe er auch darüber wüeste wort geredt.
1645 976 2857 1159 2. Ob er nit auch an einem sontag, als er von
1729 1070 2854 1192 Buchße nahen kommen, bey einer buchen seine
1707 1145 2904 1280 tochter zu Boden ghan und eine gantze stund
1687 1250 2350 1383 lang zu schreyen gemacht.
1664 1355 2914 1550 R. Er habe seine Tochter daselbsten zu Bodenghan
1694 1485 2906 1623 Vnd Ihro den preißnestel herrschrißen, die
1680 1573 2894 1701 Muter aber seye grad alsobald darzu kommen,
1683 1676 2819 1779 habe ihne wegzogen, und sie geheißen von
1652 1767 2107 1886 fort weggehen.
1656 1856 2909 2031 d. Ob Er nit auch damahls seiner Tochter die Klei¬
1692 1988 2030 2099 der aufghan,
1661 2075 1943 2218 H Hein
1678 2182 2881 2327 2. Worumb Er solches laugne, da Er doch solches
1690 2285 2630 2422 vor Gorgricht bereits bekent habe.
1647 2398 2898 2550 f. Wan er deßen vor Gorgricht bekant gsein
1670 2483 2845 2638 So habe er wohl übel auf sein gloußen gemacht.
1626 2615 2887 2789 E. Ob Er nit auch damahls seine Tochter Vnbuscher
1688 2728 2848 2861 und unverschambter Weiß an heimblichen orten bey
1688 2825 1874 2932 tastet.
1651 2895 2860 3061 f. Ja, wo die Muter Ihne von der tochter lang¬
1682 2995 2473 3163 hiesen wollen, habe er nachen grißen.
1638 3136 2878 3289 E. Ob er nit auch mit starken schleren, zu seiner hoch-
1678 3254 2531 3390 ter gesagt, Sie mueße Ihme volgen.
1626 3374 1869 3515 Herrn Ja
1619 3478 2830 3651 Hn. Ob nit die Maria Schickman darzu kommen seye.
