<?xml version="1.0" encoding="UTF-8" standalone="yes"?>
<PcGts xmlns="http://schema.primaresearch.org/PAGE/gts/pagecontent/2013-07-15" xmlns:xsi="http://www.w3.org/2001/XMLSchema-instance" xsi:schemaLocation="http://schema.primaresearch.org/PAGE/gts/pagecontent/2013-07-15 http://schema.primaresearch.org/PAGE/gts/pagecontent/2013-07-15/pagecontent.xsd">
    <Metadata>
        <Creator>prov=University of Rostock/Institute of Mathematics/CITlab|PLANET AI GmbH/Gundram Leifert/gundram.leifert@planet-ai.de:name=German_Kurrent_XVI-XVIII_M1(htr_id=19584)::::v=2.6.7
prov=University of Rostock/Institute of Mathematics/CITlab|PLANET AI GmbH/Tobias Gruening/tobias.gruening@planet-ai.de:name=de.uros.citlab.module.baseline2polygon.B2PSeamMultiOriented:v=2.6.7
prov=University of Rostock/Institute of Mathematics/CITlab|PLANET AI GmbH/Tobias Gruening/tobias.gruening@planet-ai.de:name=/net_tf/LA73_249_0mod360.pb:de.uros.citlab.segmentation.CITlab_LA_ML:v=2.6.6
Transkribus</Creator>
        <Created>2020-11-29T22:51:14.127+01:00</Created>
        <LastChange>2022-09-09T14:40:59.591+02:00</LastChange>
        <TranskribusMetadata docId="1334841" pageId="52362227" pageNr="102" tsid="114644028" status="IN_PROGRESS" userId="9570" imgUrl="https://files.transkribus.eu/Get?id=SJQSPOROZSUUBGHOEWVWLIGY&amp;fileType=view" xmlUrl="https://files.transkribus.eu/Get?id=CRCBNMEKYKJOHVCFCSCHQRVV" imageId="17821858"/>
    </Metadata>
    <Page imageFilename="IMG_4974.jpg" imageWidth="3024" imageHeight="4032">
        <ReadingOrder>
            <OrderedGroup id="ro_1687513679436" caption="Regions reading order">
                <RegionRefIndexed index="0" regionRef="r1"/>
                <RegionRefIndexed index="1" regionRef="r2"/>
            </OrderedGroup>
        </ReadingOrder>
        <TextRegion orientation="0.0" id="r1" custom="readingOrder {index:0;}">
            <Coords points="246,422 246,3629 1448,3629 1448,422"/>
            <TextLine id="r1l1" custom="readingOrder {index:0;}">
                <Coords points="287,500 590,472 731,525 792,475 1035,466 1196,513 1247,483 1330,534 1378,511 1379,453 1315,419 1280,449 1121,368 988,409 695,364 577,446 496,411 403,458 288,426"/>
                <Baseline points="294,477 347,477 401,476 455,476 509,474 563,473 617,470 670,468 724,467 778,465 832,464 886,464 940,464 994,464 1047,465 1101,468 1155,471 1209,476 1263,481 1317,489 1371,498"/>
                <TextEquiv>
                    <Unicode>5. abe er etwan vor sechs jahren dem</Unicode>
                </TextEquiv>
            </TextLine>
            <TextLine id="r1l2" custom="readingOrder {index:1;} person {offset:0; length:16;} place {offset:21; length:10;}">
                <Coords points="284,579 759,578 871,632 998,578 1101,622 1208,581 1365,618 1391,533 1326,556 1099,498 971,532 844,495 721,533 607,483 284,530"/>
                <Baseline points="291,563 345,566 400,567 454,570 509,570 564,572 618,572 673,572 727,572 782,572 837,572 891,572 946,572 1000,573 1055,574 1110,576 1164,578 1219,581 1273,585 1328,590 1383,594"/>
                <TextEquiv>
                    <Unicode>Rodolff Trachsel von Wattenweil acht</Unicode>
                </TextEquiv>
            </TextLine>
            <TextLine id="r1l3" custom="readingOrder {index:2;}">
                <Coords points="349,715 538,691 610,741 699,681 834,745 877,705 978,745 1107,686 1201,714 1282,693 1283,650 1149,620 943,659 829,605 739,649 635,611 496,649 430,602 350,634"/>
                <Baseline points="357,675 402,674 448,673 494,672 540,672 586,672 632,672 678,672 724,674 770,674 816,675 861,675 907,675 953,677 999,677 1045,677 1091,677 1137,677 1183,677 1229,677 1275,675"/>
                <TextEquiv>
                    <Unicode>korngarben auß dem lein genommen.</Unicode>
                </TextEquiv>
            </TextLine>
            <TextLine id="r1l4" custom="readingOrder {index:3;} person {offset:10; length:15;}">
                <Coords points="255,866 315,849 361,885 505,840 586,882 803,818 897,857 1102,829 1219,834 1267,877 1323,855 1323,784 1033,731 967,761 887,706 809,757 560,765 490,728 403,769 361,730 255,781"/>
                <Baseline points="263,837 315,835 368,831 420,828 473,825 526,824 578,822 631,821 684,819 736,819 789,819 842,819 894,820 947,821 1000,822 1052,824 1105,826 1158,828 1210,830 1263,833 1316,836"/>
                <TextEquiv>
                    <Unicode>6. Daß er Jacob Trachsels Muter auch</Unicode>
                </TextEquiv>
            </TextLine>
            <TextLine id="r1l5" custom="readingOrder {index:4;}">
                <Coords points="389,913 569,962 723,924 782,962 935,908 1044,963 1200,913 1257,956 1334,952 1364,890 1188,887 1131,848 1019,881 724,850 636,887 532,860 389,887"/>
                <Baseline points="396,906 444,908 492,909 540,911 588,911 636,912 684,912 732,911 780,911 828,911 876,909 924,909 972,909 1020,909 1068,909 1116,911 1164,911 1212,914 1260,916 1308,920 1356,924"/>
                <TextEquiv>
                    <Unicode>einmahl eingebrochen, und in Elß wonen an</Unicode>
                </TextEquiv>
            </TextLine>
            <TextLine id="r1l6" custom="readingOrder {index:5;}">
                <Coords points="364,1040 614,998 677,1043 857,1002 1037,1048 1159,1004 1208,1042 1363,1020 1363,956 1304,940 599,974 478,924 365,958"/>
                <Baseline points="372,993 421,995 470,996 519,998 568,998 618,998 667,998 716,998 765,998 814,998 864,998 913,998 962,998 1011,998 1060,998 1110,999 1159,999 1208,1000 1257,1001 1306,1004 1356,1005"/>
                <TextEquiv>
                    <Unicode>gelt, so in einem Lumpen Waren, wie auch eine</Unicode>
                </TextEquiv>
            </TextLine>
            <TextLine id="r1l7" custom="readingOrder {index:6;}">
                <Coords points="342,1141 651,1143 835,1103 883,1145 1012,1136 1088,1176 1226,1117 1281,1149 1390,1125 1390,1064 1285,1035 1151,1073 886,1024 790,1068 531,1010 430,1076 343,1054"/>
                <Baseline points="350,1095 401,1097 453,1098 504,1098 556,1100 608,1100 659,1098 711,1098 763,1098 814,1098 866,1097 918,1097 969,1097 1021,1097 1073,1097 1124,1098 1176,1100 1228,1101 1279,1103 1331,1107 1383,1110"/>
                <TextEquiv>
                    <Unicode>sakbeht ziehen, ein Hambli und einen biß spat</Unicode>
                </TextEquiv>
            </TextLine>
            <TextLine id="r1l8" custom="readingOrder {index:7;}">
                <Coords points="394,1205 578,1202 615,1222 630,1208 667,1219 722,1199 744,1215 783,1202 783,1102 651,1143 599,1137 551,1163 486,1128 431,1162 394,1160"/>
                <Baseline points="401,1193 426,1194 451,1196 476,1196 501,1196 526,1197 551,1197 576,1197 601,1197 626,1197 651,1197 676,1196 701,1196 726,1195 751,1194 776,1193"/>
                <TextEquiv>
                    <Unicode>entwendt habe.</Unicode>
                </TextEquiv>
            </TextLine>
            <TextLine id="r1l9" custom="readingOrder {index:8;}">
                <Coords points="383,1365 492,1339 627,1385 729,1364 772,1399 1041,1347 1133,1401 1174,1361 1252,1397 1406,1359 1406,1308 1244,1262 1189,1311 1121,1307 935,1229 702,1300 620,1259 384,1258"/>
                <Baseline points="390,1349 440,1347 490,1347 541,1346 591,1346 642,1344 692,1344 742,1344 793,1343 843,1343 894,1343 944,1343 994,1344 1045,1344 1095,1346 1146,1347 1196,1349 1246,1352 1297,1355 1347,1358 1398,1362"/>
                <TextEquiv>
                    <Unicode>So hat er anfengklichen zu einem Complice</Unicode>
                </TextEquiv>
            </TextLine>
            <TextLine id="r1l10" custom="readingOrder {index:9;}">
                <Coords points="242,1417 249,1417 303,1360 321,1365 344,1363 340,1283 323,1284 316,1279 304,1282 277,1267 250,1288 236,1288"/>
                <Baseline points="246,1362 276,1359 306,1356 336,1359"/>
                <TextEquiv>
                    <Unicode>9.</Unicode>
                </TextEquiv>
            </TextLine>
            <TextLine id="r1l11" custom="readingOrder {index:10;}">
                <Coords points="386,1442 744,1475 1145,1440 1200,1485 1320,1432 1409,1454 1396,1376 1286,1412 1176,1359 1074,1407 939,1366 861,1401 586,1369 537,1406 386,1365"/>
                <Baseline points="393,1428 443,1430 493,1431 544,1433 594,1433 645,1434 695,1434 745,1434 796,1433 846,1433 897,1433 947,1433 997,1433 1048,1431 1098,1431 1149,1431 1199,1433 1249,1433 1300,1433 1350,1434 1401,1436"/>
                <TextEquiv>
                    <Unicode>oder diebs gespahnen der Vier ersteren puncken</Unicode>
                </TextEquiv>
            </TextLine>
            <TextLine id="r1l12" custom="readingOrder {index:11;} person {offset:12; length:16;}">
                <Coords points="376,1561 441,1539 508,1576 650,1521 1006,1548 1048,1515 1093,1557 1341,1515 1252,1469 1019,1482 956,1440 748,1481 613,1460 580,1493 528,1464 448,1494 376,1477"/>
                <Baseline points="383,1512 430,1515 478,1517 525,1518 573,1519 620,1520 668,1520 715,1520 763,1520 810,1520 858,1520 906,1520 953,1518 1001,1518 1048,1518 1096,1517 1143,1515 1191,1515 1238,1514 1286,1514 1334,1514"/>
                <TextEquiv>
                    <Unicode>angeben den bendicht schober einen maurer</Unicode>
                </TextEquiv>
            </TextLine>
            <TextLine id="r1l13" custom="readingOrder {index:12;} place {offset:4; length:10;} person {offset:31; length:8;}">
                <Coords points="317,1621 406,1667 612,1616 844,1662 1043,1642 1082,1604 1158,1633 1318,1604 1340,1547 1098,1558 1052,1521 975,1565 735,1576 619,1545 509,1577 464,1546 316,1586"/>
                <Baseline points="324,1610 374,1611 425,1613 475,1614 526,1614 576,1614 627,1614 677,1613 728,1612 778,1611 829,1610 879,1608 930,1607 980,1605 1031,1603 1081,1601 1132,1599 1182,1598 1233,1596 1283,1595 1334,1593"/>
                <TextEquiv>
                    <Unicode>von Wattenweil Ja auch auf deß Schobers</Unicode>
                </TextEquiv>
            </TextLine>
            <TextLine id="r1l14" custom="readingOrder {index:13;}">
                <Coords points="346,1765 470,1772 561,1721 620,1762 727,1751 798,1709 1026,1705 1075,1738 1137,1691 1196,1729 1304,1692 1384,1711 1382,1646 1277,1661 1229,1622 1075,1659 799,1647 657,1691 478,1647 344,1681"/>
                <Baseline points="353,1721 404,1718 455,1716 506,1715 557,1713 608,1711 659,1709 711,1707 762,1706 813,1704 864,1701 915,1700 966,1698 1017,1697 1069,1695 1120,1694 1171,1693 1222,1692 1273,1691 1324,1689 1376,1688"/>
                <TextEquiv>
                    <Unicode>Jefftiges laugnen, Vnd darüberhin vorgenomme,</Unicode>
                </TextEquiv>
            </TextLine>
            <TextLine id="r1l15" custom="readingOrder {index:14;}">
                <Coords points="380,1822 465,1785 677,1819 783,1794 881,1838 987,1795 1152,1825 1220,1795 1303,1847 1354,1822 1353,1751 1174,1709 1040,1724 990,1772 878,1735 615,1766 565,1723 470,1773 380,1771"/>
                <Baseline points="387,1793 435,1793 483,1793 531,1794 579,1794 627,1793 675,1793 723,1793 771,1793 819,1793 867,1793 915,1791 963,1791 1011,1791 1059,1791 1107,1791 1155,1791 1203,1791 1251,1791 1299,1793 1347,1793"/>
                <TextEquiv>
                    <Unicode>ner Confrontation mit genaulber Vorstellung</Unicode>
                </TextEquiv>
            </TextLine>
            <TextLine id="r1l16" custom="readingOrder {index:15;}">
                <Coords points="371,1922 483,1878 1069,1881 1156,1921 1226,1885 1356,1893 1356,1842 1236,1817 1175,1850 1133,1815 1062,1861 954,1815 757,1849 560,1839 470,1795 371,1825"/>
                <Baseline points="378,1875 426,1875 475,1877 523,1877 572,1877 620,1877 669,1878 717,1878 766,1878 814,1878 863,1878 912,1878 960,1878 1009,1878 1057,1878 1106,1879 1154,1880 1203,1880 1251,1881 1300,1883 1349,1884"/>
                <TextEquiv>
                    <Unicode>hent vnd anderer Vmbstenden der Zeit vnd</Unicode>
                </TextEquiv>
            </TextLine>
            <TextLine id="r1l17" custom="readingOrder {index:16;}">
                <Coords points="339,2005 1121,1950 1419,1979 1418,1915 1320,1926 1273,1883 1191,1930 788,1894 694,1939 625,1896 460,1892 339,1932"/>
                <Baseline points="347,1968 400,1968 453,1967 506,1967 560,1965 613,1964 666,1962 719,1962 773,1961 826,1959 879,1958 932,1958 986,1956 1039,1956 1092,1956 1145,1956 1199,1958 1252,1959 1305,1961 1358,1965 1412,1968"/>
                <TextEquiv>
                    <Unicode>Der örteren halber auf diser anklag steifft</Unicode>
                </TextEquiv>
            </TextLine>
            <TextLine id="r1l18" custom="readingOrder {index:17;}">
                <Coords points="370,2079 429,2097 643,2041 706,2073 970,2055 1008,2092 1087,2055 1342,2064 1341,1995 1190,1991 1120,1951 1062,2000 921,2023 756,1985 664,2030 615,1990 559,2028 508,1987 369,2000"/>
                <Baseline points="377,2051 424,2052 472,2052 520,2052 568,2052 616,2052 664,2052 711,2051 759,2051 807,2049 855,2048 903,2046 951,2046 999,2045 1046,2043 1094,2042 1142,2041 1190,2040 1238,2039 1286,2039 1334,2039"/>
                <TextEquiv>
                    <Unicode>Verharret. Deß Anderen Tags hernach</Unicode>
                </TextEquiv>
            </TextLine>
            <TextLine id="r1l19" custom="readingOrder {index:18;}">
                <Coords points="367,2144 460,2188 564,2142 643,2183 834,2138 996,2179 1081,2140 1319,2176 1393,2145 1392,2095 1340,2064 1263,2082 1224,2053 1103,2097 965,2054 913,2093 834,2061 741,2107 588,2074 367,2100"/>
                <Baseline points="375,2136 425,2136 476,2136 526,2135 577,2135 627,2135 678,2135 728,2135 779,2135 829,2133 880,2133 931,2133 981,2132 1032,2132 1082,2132 1133,2130 1183,2130 1234,2129 1284,2129 1335,2127 1386,2127"/>
                <TextEquiv>
                    <Unicode>aber hat er solche anklag gantz freywillig</Unicode>
                </TextEquiv>
            </TextLine>
            <TextLine id="r1l20" custom="readingOrder {index:19;}">
                <Coords points="352,2253 495,2279 558,2243 633,2269 693,2233 932,2259 1162,2226 1224,2272 1276,2230 1426,2238 1401,2180 1243,2157 1176,2197 932,2139 810,2174 704,2150 635,2198 574,2146 465,2191 396,2144 352,2169"/>
                <Baseline points="360,2220 415,2222 471,2222 527,2222 582,2223 638,2223 694,2223 750,2223 805,2223 861,2223 917,2223 973,2223 1028,2222 1084,2222 1140,2222 1196,2222 1251,2223 1307,2223 1363,2223 1419,2223"/>
                <TextEquiv>
                    <Unicode>zurubgezogen, vnd bekent, daß er dem Schobenn</Unicode>
                </TextEquiv>
            </TextLine>
            <TextLine id="r1l21" custom="readingOrder {index:20;}">
                <Coords points="331,2350 420,2314 675,2370 825,2317 1199,2347 1397,2319 1397,2274 1182,2242 1105,2278 775,2245 659,2275 559,2242 494,2279 423,2243 330,2283"/>
                <Baseline points="338,2312 390,2313 443,2315 495,2315 548,2315 600,2315 653,2315 705,2315 758,2313 810,2313 863,2312 916,2312 968,2310 1021,2310 1073,2309 1126,2309 1178,2307 1231,2307 1283,2307 1336,2307 1389,2309"/>
                <TextEquiv>
                    <Unicode>darmit überthan, sein weib aber habe ihn, als</Unicode>
                </TextEquiv>
            </TextLine>
            <TextLine id="r1l22" custom="readingOrder {index:21;} place {offset:13; length:10;}">
                <Coords points="346,2444 468,2404 579,2449 653,2410 715,2442 1004,2398 1405,2415 1405,2374 1302,2326 1194,2375 1065,2336 617,2379 498,2339 346,2352"/>
                <Baseline points="353,2394 405,2396 457,2397 509,2398 562,2399 614,2399 666,2399 718,2399 771,2399 823,2399 875,2399 927,2397 980,2397 1032,2397 1084,2397 1136,2397 1189,2397 1241,2397 1293,2399 1345,2399 1398,2400"/>
                <TextEquiv>
                    <Unicode>Er droben zu Wattenweil in der gefangen,</Unicode>
                </TextEquiv>
            </TextLine>
            <TextLine id="r1l23" custom="readingOrder {index:22;} person {offset:32; length:9;}">
                <Coords points="352,2528 463,2511 537,2556 606,2523 777,2546 854,2503 945,2552 1065,2498 1129,2542 1387,2524 1386,2432 1333,2424 1175,2464 973,2411 907,2464 766,2434 633,2471 571,2440 352,2452"/>
                <Baseline points="359,2492 410,2493 461,2493 512,2493 563,2493 614,2493 665,2493 716,2493 767,2493 818,2492 869,2492 920,2492 971,2490 1022,2490 1073,2490 1124,2489 1175,2489 1226,2489 1277,2489 1328,2489 1380,2489"/>
                <TextEquiv>
                    <Unicode>schafft gsin, solches gegen dem schoberen zu thun,</Unicode>
                </TextEquiv>
            </TextLine>
            <TextLine id="r1l24" custom="readingOrder {index:23;}">
                <Coords points="353,2631 512,2590 573,2630 654,2585 805,2626 1045,2586 1178,2617 1211,2587 1384,2593 1384,2556 1204,2518 1136,2558 989,2533 939,2562 882,2519 759,2569 614,2527 549,2566 463,2521 352,2550"/>
                <Baseline points="359,2585 409,2585 460,2585 511,2585 562,2585 613,2585 664,2585 715,2585 766,2585 817,2583 868,2583 918,2582 969,2582 1020,2582 1071,2581 1122,2580 1173,2580 1224,2580 1275,2580 1326,2580 1377,2580"/>
                <TextEquiv>
                    <Unicode>aufgelesen, wie auch daß er auf solcher</Unicode>
                </TextEquiv>
            </TextLine>
            <TextLine id="r1l25" custom="readingOrder {index:24;}">
                <Coords points="358,2716 405,2745 544,2682 597,2726 721,2681 773,2710 871,2678 1396,2694 1378,2642 1064,2605 1004,2644 910,2618 747,2658 503,2593 358,2648"/>
                <Baseline points="366,2675 417,2676 468,2678 519,2678 570,2678 621,2678 672,2678 723,2678 774,2678 825,2678 877,2676 928,2676 979,2675 1030,2675 1081,2675 1132,2675 1183,2675 1234,2676 1285,2676 1336,2678 1388,2681"/>
                <TextEquiv>
                    <Unicode>anklag verharren solle, alhier vor der ge¬</Unicode>
                </TextEquiv>
            </TextLine>
            <TextLine id="r1l26" custom="readingOrder {index:25;}">
                <Coords points="345,2798 583,2782 641,2832 728,2799 934,2834 1013,2780 1403,2770 1403,2732 1263,2737 1200,2692 1065,2751 934,2698 881,2727 724,2686 652,2730 345,2741"/>
                <Baseline points="353,2768 405,2769 457,2770 509,2771 561,2772 613,2772 665,2773 717,2774 769,2774 821,2774 874,2774 926,2774 978,2774 1030,2774 1082,2772 1134,2771 1186,2770 1238,2768 1290,2766 1342,2764 1395,2762"/>
                <TextEquiv>
                    <Unicode>fangenschafft zugeschrauwen, er erkenne aber</Unicode>
                </TextEquiv>
            </TextLine>
            <TextLine id="r1l27" custom="readingOrder {index:26;}">
                <Coords points="346,2901 657,2878 917,2918 1193,2871 1295,2902 1407,2847 1406,2781 1343,2818 1251,2782 1162,2821 1031,2799 951,2851 904,2817 868,2848 626,2848 556,2810 494,2840 441,2799 345,2840"/>
                <Baseline points="353,2877 405,2876 457,2874 510,2874 562,2873 614,2873 667,2873 719,2873 771,2873 824,2873 876,2873 928,2873 981,2871 1033,2871 1085,2870 1138,2868 1190,2865 1242,2863 1295,2859 1347,2856 1400,2850"/>
                <TextEquiv>
                    <Unicode>Dißmahlen seinen großen fähler, bätte gott</Unicode>
                </TextEquiv>
            </TextLine>
            <TextLine id="r1l28" custom="readingOrder {index:27;}">
                <Coords points="369,3000 494,2967 574,3010 769,2973 1169,2976 1249,3021 1418,3001 1418,2911 1355,2888 1264,2913 1167,2873 1080,2922 1029,2890 763,2937 700,2888 514,2929 369,2910"/>
                <Baseline points="377,2970 428,2968 480,2967 531,2966 583,2966 635,2966 686,2966 738,2966 790,2966 841,2966 893,2967 945,2967 996,2967 1048,2967 1100,2967 1151,2966 1203,2966 1255,2964 1306,2961 1358,2960 1410,2955"/>
                <TextEquiv>
                    <Unicode>Vnd eine gnädige Oberkeit vmb verzeichung</Unicode>
                </TextEquiv>
            </TextLine>
            <TextLine id="r1l29" custom="readingOrder {index:28;}">
                <Coords points="358,3082 720,3064 764,3095 851,3061 1067,3101 1227,3059 1335,3091 1334,3032 1165,2976 910,3020 358,3011"/>
                <Baseline points="365,3065 413,3063 461,3062 509,3060 557,3059 605,3058 653,3057 702,3057 750,3057 798,3057 846,3056 894,3057 942,3057 990,3057 1039,3057 1087,3057 1135,3057 1183,3057 1231,3057 1279,3056 1328,3056"/>
                <TextEquiv>
                    <Unicode>Vnd daß man vmb seiner Floetzen Kinden</Unicode>
                </TextEquiv>
            </TextLine>
            <TextLine id="r1l30" custom="readingOrder {index:29;}">
                <Coords points="337,3165 515,3190 579,3156 880,3179 959,3147 1124,3202 1224,3162 1354,3173 1421,3148 1421,3095 1231,3067 1015,3114 947,3084 337,3103"/>
                <Baseline points="344,3155 397,3151 450,3149 504,3147 557,3146 611,3146 664,3146 718,3146 771,3147 825,3147 878,3149 931,3150 985,3150 1038,3152 1092,3152 1145,3152 1199,3150 1252,3149 1306,3147 1359,3144 1413,3141"/>
                <TextEquiv>
                    <Unicode>willen, und daß er solches auß jüngers nacht</Unicode>
                </TextEquiv>
            </TextLine>
            <TextLine id="r1l31" custom="readingOrder {index:30;}">
                <Coords points="353,3281 676,3248 728,3286 773,3260 959,3314 1061,3249 1166,3287 1398,3208 1321,3168 1038,3224 923,3157 755,3201 553,3171 353,3229"/>
                <Baseline points="360,3251 411,3248 463,3246 514,3245 566,3245 617,3243 669,3243 720,3243 772,3243 823,3245 875,3245 927,3245 978,3245 1030,3245 1081,3244 1133,3243 1184,3242 1236,3240 1287,3237 1339,3233 1391,3228"/>
                <TextEquiv>
                    <Unicode>gethan, ihne doch mit gnaden ansehen wolle.</Unicode>
                </TextEquiv>
            </TextLine>
            <TextLine id="r1l32" custom="readingOrder {index:31;}">
                <Coords points="335,3371 472,3374 498,3389 591,3368 631,3388 708,3359 750,3382 745,3245 582,3285 535,3251 482,3289 450,3271 394,3298 332,3293"/>
                <Baseline points="341,3342 367,3341 394,3341 420,3339 447,3339 474,3338 500,3337 527,3336 553,3335 580,3335 607,3333 633,3332 660,3331 686,3330 713,3328 740,3327"/>
                <TextEquiv>
                    <Unicode>Act Abstaht.</Unicode>
                </TextEquiv>
            </TextLine>
            <TextLine id="r1l33" custom="readingOrder {index:32;}">
                <Coords points="283,3543 345,3506 616,3519 772,3481 915,3493 1022,3560 1217,3486 1456,3479 1455,3427 1371,3428 1269,3346 1014,3410 280,3378"/>
                <Baseline points="290,3507 347,3503 405,3498 463,3495 521,3491 579,3489 637,3488 695,3485 753,3485 811,3483 869,3483 926,3483 984,3483 1042,3483 1100,3482 1158,3482 1216,3482 1274,3482 1332,3480 1390,3480 1448,3479"/>
                <TextEquiv>
                    <Unicode>Nach angehörter diser Vergicht, habend Meche</Unicode>
                </TextEquiv>
            </TextLine>
            <TextLine id="r1l34" custom="readingOrder {index:33;}">
                <Coords points="353,3625 793,3631 974,3589 1181,3638 1423,3561 1401,3514 1259,3549 1100,3513 1043,3561 936,3509 773,3494 680,3549 453,3495 352,3566"/>
                <Baseline points="360,3608 412,3601 465,3596 518,3591 571,3589 623,3585 676,3584 729,3582 782,3581 834,3581 887,3579 940,3579 993,3579 1045,3579 1098,3578 1151,3578 1204,3576 1256,3575 1309,3573 1362,3570 1415,3567"/>
                <TextEquiv>
                    <Unicode>De raht erkent, und in betrachtung deß</Unicode>
                </TextEquiv>
            </TextLine>
            <TextEquiv>
                <Unicode>5. abe er etwan vor sechs jahren dem
Rodolff Trachsel von Wattenweil acht
korngarben auß dem lein genommen.
6. Daß er Jacob Trachsels Muter auch
einmahl eingebrochen, und in Elß wonen an
gelt, so in einem Lumpen Waren, wie auch eine
sakbeht ziehen, ein Hambli und einen biß spat
entwendt habe.
So hat er anfengklichen zu einem Complice
9.
oder diebs gespahnen der Vier ersteren puncken
angeben den bendicht schober einen maurer
von Wattenweil Ja auch auf deß Schobers
Jefftiges laugnen, Vnd darüberhin vorgenomme,
ner Confrontation mit genaulber Vorstellung
hent vnd anderer Vmbstenden der Zeit vnd
Der örteren halber auf diser anklag steifft
Verharret. Deß Anderen Tags hernach
aber hat er solche anklag gantz freywillig
zurubgezogen, vnd bekent, daß er dem Schobenn
darmit überthan, sein weib aber habe ihn, als
Er droben zu Wattenweil in der gefangen,
schafft gsin, solches gegen dem schoberen zu thun,
aufgelesen, wie auch daß er auf solcher
anklag verharren solle, alhier vor der ge¬
fangenschafft zugeschrauwen, er erkenne aber
Dißmahlen seinen großen fähler, bätte gott
Vnd eine gnädige Oberkeit vmb verzeichung
Vnd daß man vmb seiner Floetzen Kinden
willen, und daß er solches auß jüngers nacht
gethan, ihne doch mit gnaden ansehen wolle.
Act Abstaht.
Nach angehörter diser Vergicht, habend Meche
De raht erkent, und in betrachtung deß</Unicode>
            </TextEquiv>
        </TextRegion>
        <TextRegion orientation="0.0" id="r2" custom="readingOrder {index:1;}">
            <Coords points="1643,205 1643,2957 2804,2957 2804,205"/>
            <TextLine id="r2l1" custom="readingOrder {index:0;}">
                <Coords points="2625,314 2644,316 2673,296 2712,293 2712,206 2689,206 2682,198 2666,194 2634,225 2625,226"/>
                <Baseline points="2633,257 2669,260 2705,257"/>
                <TextEquiv>
                    <Unicode>95</Unicode>
                </TextEquiv>
            </TextLine>
            <TextLine id="r2l2" custom="readingOrder {index:1;}">
                <Coords points="1640,514 1836,458 1975,506 2118,431 2299,487 2760,444 2771,353 2445,411 2316,359 1835,380 1635,338"/>
                <Baseline points="1647,486 1702,473 1758,461 1814,453 1870,446 1926,440 1982,437 2038,434 2094,432 2150,432 2206,432 2261,434 2317,434 2373,435 2429,437 2485,437 2541,437 2597,437 2653,435 2709,432 2765,428"/>
                <TextEquiv>
                    <Unicode>Vnterthanigen, Vnd demüetigen nach werbens</Unicode>
                </TextEquiv>
            </TextLine>
            <TextLine id="r2l3" custom="readingOrder {index:2;}">
                <Coords points="1670,571 1758,541 1923,586 2025,531 2224,561 2324,527 2500,575 2622,532 2791,564 2796,477 2560,514 2506,477 2271,498 2109,454 1912,508 1836,458 1669,502"/>
                <Baseline points="1677,558 1732,549 1788,543 1843,537 1899,533 1955,528 2010,527 2066,525 2121,525 2177,525 2233,525 2288,527 2344,527 2399,528 2455,530 2511,531 2566,531 2622,531 2677,531 2733,531 2789,530"/>
                <TextEquiv>
                    <Unicode>und bittens seines vatters und deßen anerbieten</Unicode>
                </TextEquiv>
            </TextLine>
            <TextLine id="r2l4" custom="readingOrder {index:3;}">
                <Coords points="1648,682 1847,632 2095,661 2173,611 2255,646 2753,657 2762,542 2492,581 2238,547 2101,596 1993,558 1898,608 1730,587 1647,621"/>
                <Baseline points="1655,653 1710,644 1765,636 1820,630 1875,625 1930,621 1985,619 2040,617 2095,617 2150,617 2205,617 2260,618 2315,620 2370,620 2425,622 2480,624 2535,625 2590,626 2645,627 2700,627 2756,626"/>
                <TextEquiv>
                    <Unicode>alle seine begangene diebstahl, vnd deßent,</Unicode>
                </TextEquiv>
            </TextLine>
            <TextLine id="r2l5" custom="readingOrder {index:4;}">
                <Coords points="1646,760 1760,789 1824,733 2110,707 2256,759 2319,723 2602,763 2667,727 2742,776 2791,745 2789,659 2669,648 2594,691 2534,647 2467,684 2194,637 2074,680 2018,635 1645,712"/>
                <Baseline points="1653,752 1709,742 1766,733 1822,726 1879,720 1935,716 1992,713 2048,711 2105,710 2161,710 2218,710 2274,711 2331,713 2387,714 2444,716 2500,717 2557,719 2613,719 2670,719 2726,719 2783,717"/>
                <TextEquiv>
                    <Unicode>Wegen aufgelostene Kösten gutzemachen, auch disen</Unicode>
                </TextEquiv>
            </TextLine>
            <TextLine id="r2l6" custom="readingOrder {index:5;} place {offset:19; length:14;}">
                <Coords points="1646,869 1709,897 1785,839 2022,819 2065,853 2133,816 2256,878 2377,811 2628,867 2724,837 2722,733 2481,771 2159,725 2062,776 1898,755 1644,810"/>
                <Baseline points="1653,854 1706,844 1759,836 1812,828 1865,823 1919,818 1972,814 2025,811 2078,809 2131,807 2185,806 2238,806 2291,806 2344,807 2397,807 2451,809 2504,810 2557,812 2610,813 2663,815 2717,815"/>
                <TextEquiv>
                    <Unicode>seinen Sohn in das zweybruggische zu schiken,</Unicode>
                </TextEquiv>
            </TextLine>
            <TextLine id="r2l7" custom="readingOrder {index:6;}">
                <Coords points="1640,982 1858,973 2004,917 2186,956 2299,905 2399,956 2516,901 2767,948 2795,845 2261,882 1928,842 1789,901 1638,893"/>
                <Baseline points="1647,954 1704,943 1761,935 1818,927 1875,920 1932,914 1989,910 2046,906 2103,905 2160,902 2218,902 2275,902 2332,902 2389,902 2446,903 2503,904 2560,905 2617,906 2674,908 2731,909 2789,911"/>
                <TextEquiv>
                    <Unicode>sich gegen Ihme in gnaden geneigt, vnd dahin Ver¬</Unicode>
                </TextEquiv>
            </TextLine>
            <TextLine id="r2l8" custom="readingOrder {index:7;}">
                <Coords points="1644,1093 1764,1088 1892,1023 1941,1052 2308,1001 2777,1020 2774,948 2677,922 2536,976 2479,936 2143,978 1917,940 1839,990 1793,961 1641,1004"/>
                <Baseline points="1649,1040 1707,1032 1766,1026 1825,1020 1884,1014 1943,1010 2002,1007 2061,1003 2120,1001 2179,999 2237,997 2296,996 2355,995 2414,995 2473,993 2532,994 2591,995 2650,995 2709,995 2768,996"/>
                <TextEquiv>
                    <Unicode>standen, daß, wan der Vatter Vermitlest Vor¬</Unicode>
                </TextEquiv>
            </TextLine>
            <TextLine id="r2l9" custom="readingOrder {index:8;}">
                <Coords points="1637,1156 1897,1120 1957,1164 2130,1101 2335,1149 2391,1104 2502,1131 2592,1092 2766,1130 2762,1034 2618,1020 2544,1065 2458,1011 2328,1071 2236,1025 2149,1073 1990,1032 1911,1080 1635,1103"/>
                <Baseline points="1644,1143 1699,1135 1755,1128 1810,1122 1866,1116 1922,1112 1977,1108 2033,1104 2088,1103 2144,1100 2200,1098 2255,1097 2311,1095 2366,1095 2422,1094 2478,1092 2533,1091 2589,1089 2644,1088 2700,1086 2756,1083"/>
                <TextEquiv>
                    <Unicode>Weisender Zeugsamme bescheinen werde, daß Er</Unicode>
                </TextEquiv>
            </TextLine>
            <TextLine id="r2l10" custom="readingOrder {index:9;}">
                <Coords points="1636,1245 1779,1266 1872,1233 1938,1287 2040,1222 2198,1255 2348,1196 2475,1234 2526,1200 2746,1215 2758,1133 2523,1156 2428,1107 2349,1162 2055,1117 1932,1179 1864,1145 1776,1192 1724,1151 1635,1222"/>
                <Baseline points="1643,1241 1698,1233 1754,1227 1809,1221 1865,1217 1920,1212 1976,1209 2031,1206 2087,1203 2142,1202 2198,1200 2253,1199 2309,1199 2364,1197 2420,1197 2475,1196 2531,1194 2586,1193 2642,1191 2697,1189 2753,1187"/>
                <TextEquiv>
                    <Unicode>das gestohlen bezalt, auch die kösten auf moden</Unicode>
                </TextEquiv>
            </TextLine>
            <TextLine id="r2l11" custom="readingOrder {index:10;}">
                <Coords points="1644,1340 1743,1331 1822,1374 1938,1326 2163,1338 2282,1299 2522,1310 2610,1358 2761,1321 2759,1253 2642,1212 2436,1252 2274,1228 2223,1268 2151,1238 2092,1284 2010,1251 1937,1287 1869,1244 1811,1288 1641,1246"/>
                <Baseline points="1652,1331 1707,1326 1762,1320 1817,1316 1872,1313 1927,1309 1982,1307 2037,1304 2092,1302 2147,1301 2202,1299 2257,1298 2312,1298 2367,1296 2422,1296 2477,1295 2532,1293 2587,1293 2642,1291 2697,1289 2753,1287"/>
                <TextEquiv>
                    <Unicode>ration hin gutgemacht, Er daraufhin ledig ge¬</Unicode>
                </TextEquiv>
            </TextLine>
            <TextLine id="r2l12" custom="readingOrder {index:11;}">
                <Coords points="1638,1445 1776,1470 1858,1437 2027,1482 2111,1420 2242,1452 2371,1410 2475,1451 2773,1403 2770,1326 2631,1361 2402,1359 2219,1303 2102,1361 1634,1344"/>
                <Baseline points="1644,1434 1700,1428 1756,1423 1812,1418 1868,1414 1924,1410 1980,1409 2036,1406 2092,1404 2148,1403 2204,1401 2260,1401 2316,1400 2372,1400 2428,1398 2484,1398 2540,1397 2596,1397 2652,1395 2708,1394 2765,1392"/>
                <TextEquiv>
                    <Unicode>laßen, und mit der end von Mahlen Stadtt vnd</Unicode>
                </TextEquiv>
            </TextLine>
            <TextLine id="r2l13" custom="readingOrder {index:12;}">
                <Coords points="1637,1555 1974,1518 2154,1565 2218,1514 2466,1539 2582,1496 2650,1535 2807,1510 2804,1430 2650,1463 2534,1426 2486,1467 2270,1430 2027,1481 1859,1445 1789,1480 1731,1441 1634,1477"/>
                <Baseline points="1644,1536 1701,1529 1759,1525 1817,1521 1875,1517 1932,1513 1990,1511 2048,1508 2106,1506 2163,1504 2221,1502 2279,1501 2337,1500 2394,1498 2452,1497 2510,1495 2568,1494 2625,1491 2683,1490 2741,1487 2799,1485"/>
                <TextEquiv>
                    <Unicode>land verweisen werden, und vor verfließung zweyen</Unicode>
                </TextEquiv>
            </TextLine>
            <TextLine id="r2l14" custom="readingOrder {index:13;}">
                <Coords points="1647,1672 1876,1621 1933,1648 2372,1587 2530,1616 2811,1569 2808,1509 2706,1539 2618,1507 2541,1547 2291,1523 2132,1574 1996,1542 1851,1584 1642,1568"/>
                <Baseline points="1652,1634 1709,1630 1767,1625 1824,1620 1882,1616 1940,1611 1997,1608 2055,1605 2112,1602 2170,1599 2228,1596 2285,1593 2343,1591 2400,1589 2458,1587 2516,1585 2573,1583 2631,1581 2688,1580 2746,1578 2804,1575"/>
                <TextEquiv>
                    <Unicode>jahren und zwar anderst nit dan auff vorlei</Unicode>
                </TextEquiv>
            </TextLine>
            <TextLine id="r2l15" custom="readingOrder {index:14;}">
                <Coords points="1670,1791 1776,1732 1921,1780 2110,1709 2155,1740 2326,1694 2690,1709 2687,1644 2538,1621 2104,1662 2042,1618 1831,1689 1750,1650 1664,1661"/>
                <Baseline points="1674,1731 1724,1727 1774,1723 1825,1718 1875,1714 1925,1710 1976,1707 2026,1706 2076,1703 2127,1700 2177,1698 2227,1695 2278,1694 2328,1692 2378,1691 2429,1689 2479,1686 2529,1684 2580,1681 2630,1679 2681,1676"/>
                <TextEquiv>
                    <Unicode>dung guter Zeugsamen vnd affestationen,</Unicode>
                </TextEquiv>
            </TextLine>
            <TextLine id="r2l16" custom="readingOrder {index:15;}">
                <Coords points="1664,1861 1817,1843 1888,1888 1988,1834 2087,1871 2178,1833 2225,1871 2405,1798 2545,1848 2810,1778 2808,1742 2698,1715 2449,1756 2396,1721 2305,1768 2187,1744 2128,1780 1792,1734 1660,1783"/>
                <Baseline points="1670,1835 1726,1832 1783,1830 1839,1826 1896,1823 1953,1819 2009,1816 2066,1812 2122,1809 2179,1805 2236,1802 2292,1798 2349,1794 2405,1791 2462,1788 2519,1784 2575,1781 2632,1778 2688,1775 2745,1773 2802,1770"/>
                <TextEquiv>
                    <Unicode>und keine gnad anhalten solle. Acten 18. Junii.</Unicode>
                </TextEquiv>
            </TextLine>
            <TextLine id="r2l17" custom="readingOrder {index:16;}">
                <Coords points="2636,1912 2656,1910 2688,1917 2699,1906 2722,1899 2741,1877 2764,1876 2759,1786 2724,1781 2706,1789 2686,1808 2630,1811"/>
                <Baseline points="2640,1857 2669,1855 2698,1854 2727,1852 2756,1850"/>
                <TextEquiv>
                    <Unicode>ag</Unicode>
                </TextEquiv>
            </TextLine>
            <TextLine id="r2l18" custom="readingOrder {index:17;}">
                <Coords points="2508,2965 2582,2957 2599,2945 2624,2954 2657,2933 2695,2940 2735,2918 2784,2918 2781,2858 2765,2852 2728,2870 2669,2848 2645,2857 2598,2839 2502,2839"/>
                <Baseline points="2514,2931 2540,2930 2566,2928 2592,2927 2619,2925 2645,2922 2671,2921 2698,2919 2724,2919 2750,2920 2777,2922"/>
                <TextEquiv>
                    <Unicode>e</Unicode>
                </TextEquiv>
            </TextLine>
            <TextEquiv>
                <Unicode>95
Vnterthanigen, Vnd demüetigen nach werbens
und bittens seines vatters und deßen anerbieten
alle seine begangene diebstahl, vnd deßent,
Wegen aufgelostene Kösten gutzemachen, auch disen
seinen Sohn in das zweybruggische zu schiken,
sich gegen Ihme in gnaden geneigt, vnd dahin Ver¬
standen, daß, wan der Vatter Vermitlest Vor¬
Weisender Zeugsamme bescheinen werde, daß Er
das gestohlen bezalt, auch die kösten auf moden
ration hin gutgemacht, Er daraufhin ledig ge¬
laßen, und mit der end von Mahlen Stadtt vnd
land verweisen werden, und vor verfließung zweyen
jahren und zwar anderst nit dan auff vorlei
dung guter Zeugsamen vnd affestationen,
und keine gnad anhalten solle. Acten 18. Junii.
ag
e</Unicode>
            </TextEquiv>
        </TextRegion>
    </Page>
</PcGts>
