3024 4032
335 383 1381 558 Christen Ruppe in einen hauß angetroßen,
347 519 1369 651 welcher daselbsten eingebrochen, vnd da er
341 609 1414 759 ihns gesehen, ihme geruffen und gesagt, es solle
376 715 1357 856 ein wenig warten, bald daruff habe er
357 799 1352 949 Ihm in einer ziehen eine burde zeüg gebracht
371 917 1341 1056 Vnd begehrt, daß es selbige durchs dorff
366 1008 1369 1143 biß aufs Brugveld tragen solle. Weilen es
354 1103 1357 1239 sich aber damahlen schwanger befunden, vnd
345 1197 1342 1336 sie burde sehr schler gelesen, habe es eine
335 1309 1390 1425 Bauloren fraulo angestelt, welche Ihme disere
351 1394 1390 1535 Burdi biß aufs brügfeld getragen und wie
337 1486 1359 1634 der Kupp auch dahin kommen, habe er Ihme
329 1581 1326 1740 von dem diebstahl zwey mans, hembder
323 1687 1413 1847 funst den bleibtes zu und ein buß ziehen geben
323 1793 1418 1931 mit dem übrigen zeüg dan seye der Rupp auf
315 1891 841 2031 Neulenburg zugangen.
293 1968 1386 2136 Außert disen angezeigten, habe es sonsten sein
312 2073 1348 2204 Lebtag weitere vnd mehrere diebstahl
325 2175 710 2313 nicht begangen.
1072 2203 1244 2332 Schlanger
331 2265 1371 2410 betreffend seine Vormahlige gegenschafft
328 2350 1368 2498 so seye es, wie bereits angezeigt, zu Neuwen¬
1140 2429 1206 2496 den
321 2438 1314 2590 statt kinds inderkommen, mit dem vatter dises
346 2527 1390 2675 numehr verstorbenen Kindts, so auch ein Junger
328 2628 1333 2771 Burger von her, habe es hievor zu ziel
335 2725 1345 2884 Vnd hernach zu Rablauffen alhier, alda es
350 2795 1355 2978 von Ihme geschwängeret worden, fleischliche
338 2922 865 3070 gemeinschafft gehabt.
286 3013 1425 3221 Der Jenige Knecht dan, so bey seiner Evasion
342 3131 1398 3285 auß dem oberen spithal ihme behelfflich gewor¬
318 3208 1390 3357 sen, seye wahrend diser seiner jetzmahligen ge¬
320 3304 1380 3430 fangenschafft auch schon zweymahl deß nachts
325 3388 1413 3511 Vor die Resti kommen, Vnd Ihme gesagt, es solle
321 3441 1434 3609 seinen glauffen nit angeben, dieser knecht trage
2608 293 2747 394 205
1623 392 2746 598 Die meiste zeit eine weißgrauwen Cassaquas
1724 542 2458 650 Vnderweilen auch eine gruene
1723 641 2457 789 Acten 30. augusti 1709.
2000 920 2055 974 es
1915 905 1964 1045 3
1990 940 2398 1084 xamen
1698 1064 2795 1257 Nachdeme den 5. septembris Mag hievorgen
1754 1207 2828 1344 schribene erst und zweytes examen Mehlen
1736 1290 2831 1444 den rähten vorgetragen, abgelasen, und darüber
1740 1376 2824 1503 hin erkent worden, daß dises Christina Stähli
1756 1458 2749 1595 nochmahlen nit anwendung der marter zu
1761 1511 2833 1688 raumung seines hertzens angehalten werden solle.
1691 1630 2746 1787 Ist schlauenen befelch befelch zu folgen diser
1739 1718 2828 1867 Mintsch den 6. septembris 1700 widermahlen
1756 1805 2823 1950 gantz ernstlichen, ja auch mit einmahliger anlor,
1743 1884 2818 2025 dung der lähren marter examiniert worden.
1669 1972 2817 2126 Und hat selbiges zu seiner hievorigen Vergicht
1743 2076 2817 2221 annoch nachfolgendes Theils erleuterung der weiße
1749 2172 2771 2283 uber einiche hievor bekente puncten, theils
1730 2246 2798 2395 dan neüler und früscher dingen hinzugesetzt
1718 2329 2857 2475 Vnd zwar erstlichen, was Jenigen in herren Neuern
1730 2422 2827 2558 Bischers sel mitten vernebte diebstahl betrifft
1659 2495 2848 2674 daß daselbsten zu zweyen vnderschidlichen mahlen
1748 2581 2827 2697 gelt erklagt worden. Das erstere mahl
1721 2659 2853 2790 seye etlich vor dreyen Jahren vmb laßnachten
1749 2713 2776 2873 beschehen, damahls aber seye es nit darbey
1753 2804 2803 2959 gsy, sondern zu Schärli darzu kommen, als
1728 2918 2785 3056 die Portneri oder Partender daselbsten er¬
1742 2989 2772 3120 Mutscht, das gelt Ihre widergenommen, vnd
1745 3049 2763 3223 gezellet worden, Vnd damahls habe es gehört
1736 3162 2844 3317 daß der küher, dem es getlendt worden, ge
1723 3249 2715 3400 sagt, daß es in fünfzig Cronen gsin seye.
1724 3341 2815 3501 Das andere mahl dan sey ein Meyen hernach
1758 3452 2815 3582 beschehen, Vnd es auch darbey gsyn, weilen Sie
1732 3529 2859 3636 aber das gelt damahls nit gezellet, so wüße es
