3024 4032
476 326 1075 490 Christen nechti
338 447 1414 668 von Oberhinigen der kircheri wylle
381 601 1467 854 Ist zu volgen oberkeitlichen befelches den 5ten
409 773 1471 933 eptembris 1708 durch meinen hochgeehr
410 840 1459 1031 ten herren rahtsherren lscharneren den jungen
399 963 1480 1107 rin mit zu thun herren großweibel Berget
377 1033 1438 1197 Vnd deß Grichtschreibers wegen beklagten
374 1145 1470 1280 grausammer Fluchen vnd Lesterungen, so selbigen
386 1223 1434 1342 im wihrtshauß im fahl gut außgegoßen.
364 1299 1426 1432 haben soll, ernstlich zu redt gestoßen, vnd
389 1396 1443 1552 examiniert worden. Worauffhin selbigen
375 1477 1437 1634 ger zu seiner verantwortung nachfolgen
376 1583 1050 1710 angebracht, namblichen
313 1679 1467 1829 Als er an einem mitwuchen letsterschier
373 1780 1398 1909 nen Angstmonats deß Abendts spaht,
359 1850 1383 1990 eine kuch ins pfalget geführt willens
339 1934 1455 2110 selbige dem Wald amman streit von Kühli
345 2058 1324 2182 Weil, welcher sambt seinem Sohn Ihme
330 2123 1422 2272 liechti im wihrtshauß daselbsten gelartet,
338 2230 1391 2364 an die hand zustellen. Habend der
330 2323 1417 2441 Waldaman, sein sohn, wie auch deß Wald-
340 2390 1425 2562 Ammans Bruder Caspar Streit und er liechti
349 2497 1286 2627 mit einanderen ein mas Wein getrunken
280 2575 1394 2707 Da dan er liechti mit deß Wald ammans sohn
352 2662 1349 2776 einem jungen knaben in ein gespräch von
286 2735 1393 2861 glaubens, sachen gerahten und wir under ander
352 2811 1382 2932 rein der knab von Ihme liechtli zu weßen
270 2897 1370 3019 begehrt worüber sein hr. Predicant in der
286 2979 1369 3123 Kinderlehr Ihne liechti gefragt, habe er
312 3067 1354 3193 geantwortet vom Vatter vnser daraus
279 3151 1377 3280 Der Knab gesagt, vnd der Ihrige habe Ihne
297 3257 1348 3365 Vom Glauben gefragt: Vnd da Sie nun von
262 3342 1279 3480 Vergleichen sachen geredt, habe er rechti
292 3423 1335 3563 auch gesagt, Er sehe nunmehr wohl daß
293 3500 1381 3627 ein mentisch den anderen nit könne seligmachen,
2714 242 2810 332 155
1716 354 2871 502 oder Verdamen, dan auf ein Zeit habe der
1687 472 2861 634 Junter von Wyll Ihne in daselbstiges Schloß
1713 548 2862 696 Beschikt, vnd Ihme sehr loueste Wort zugeredt
1732 636 2869 782 einen Teuffels, bub vnd kätzers, bub geheißen
1716 736 2866 872 mit vermelden er habe ihme vill guthaten
1711 829 2861 962 erweisen und dergleichen, also daß, wan der ger
1700 918 2871 1051 ihne damahls hette können dem satan übergeben,
1712 992 2861 1139 Er solches gethan hätte, hierauff nun habe er
1707 1072 2806 1233 Liecht damahls gedankt der Teuffel neme
1720 1157 2799 1313 solche guthaten und wort, Vnd auff solche
1689 1252 2851 1395 Weiß nun, und in solchem Verstand habe er
1902 1338 2016 1394 letstere
1713 1346 2807 1471 disere wort geredt und darbey weder ge¬
1716 1440 2821 1559 flucht noch geschlagen, seye auch bey gutem
1725 1541 2850 1662 Verstand under nit trunken gsin. Maßen er auch
1711 1618 2783 1746 nachwehrts, als der schreiber hochen und
1701 1706 2844 1844 etliche Gerrichter ihme diser worten wegen
1714 1778 2829 1914 recht abgeforderet, er deren gestendig gsin
1697 1891 2699 2010 auch erbotten, darüber bescheid zugeben.
1692 1973 2837 2100 Beruste sich aber auf den Wald ammen, und
1702 2073 2846 2202 übrige, so damahlen bey Ihme am tisch gesäßen
1708 2145 2516 2292 und hiervon zu zeügen wüßen.
1683 2317 2794 2492 Hierauff nun sind gleichen tags wegen disen auf
1636 2435 2839 2572 den liecht geklagten Lesterungen nachfolgende
1720 2523 2762 2637 kundschafften, vnd zwar Jede absonderlich
1726 2603 2786 2735 vernommen worden, Vnd zwar erstlichen
1644 2713 2847 2894 Viclaus Streit, daß Waldammans Sohn, in halb
1702 2845 2811 3001 Von ohngefahr funstzehen Jahren Zeugete, daß
1707 2945 2842 3077 Er damahls mit dem liechti geredt, und ihne vom
1692 3023 2791 3127 glauben und den heil. decramenten gefragt
1685 3082 2842 3228 Und weilen der liechti nit also antworten können,
1693 3173 2818 3315 Sie Er gezeug seinem hern Predicanten thue. Da
1646 3267 2825 3408 habe Er Ihms außgelegt, vnder solchen reden
1687 3352 2828 3466 nun habe der nechti zu ihme gesagt, sein mentsch
1665 3411 2848 3535 könne den Anderen ins sel machen und nit verdamen
1656 3496 2803 3637 dan der Junker von Wyll habe Ihn Teuffels¬
