3024 4032
160 239 259 345 62
432 349 1464 534 jean Bierren Blancken
437 464 1376 578 des Venners zu Lusthry
437 550 1364 679 Baron de Laus sich nambsend
474 627 938 778 Vergicht
244 765 1403 916 Alß de die die rächt zu ent
286 831 1326 989 leitung des den 17. heüwmonat
1330 923 1361 960 .
277 926 1388 1049 Letsthin auf dem Genster see zwüschen
271 999 1335 1105 Cutti und d. saphorin begangenen
275 1065 1372 1178 Raubs alle möglichste Veranstaltungen
280 1135 1373 1245 ergehen laßen, und zu dem end meine
274 1202 1388 1309 hochgeehrte Herren die damahligen herren
292 1272 1345 1364 Zeimblichere auch ins besonders dahin
265 1327 1322 1440 beorderet, daß sie allen ersinnlichen
260 1380 1360 1511 fleiß und eyser zu entdeckung dieser
252 1457 1385 1572 sauberen vorkehren sollind, und solchen
264 1520 1354 1644 nach durch deroselben vorsichtige undt
247 1602 1348 1709 geheime nachsuchung so viel in erfahr
261 1655 1406 1777 ung gebracht worden, daß der so genante
251 1718 1358 1839 Baron de Laus oder Jean Dierre Blan
236 1792 1333 1914 chet banderet zu Lusthey sich diesers
238 1864 1358 1995 laubs auch theillhafftig gemacht haben
231 1927 1369 2066 solle. Ist darauffhin auff oberkeiten an
244 2007 1300 2123 an den herren landtvogten zu Milden
242 2065 1372 2174 abgangenen befelch dieser Jean Dierre
214 2138 1308 2269 Blancket den 24 Augusti Letsthin
228 2200 1386 2346 in der nacht gantz unerwartender dingen
229 2284 1357 2371 von de iusitiereren in seinem Hauß
221 2350 1378 2470 zu Lustkey überfallen, gefangen genom¬
227 2426 1347 2520 men und von dar auff Milden von dort
217 2491 1370 2574 aber weiters allhar in oberkeitliche ge¬
214 2547 1367 2666 fangenschafft geführt und daselbsten auß
211 2633 1364 2749 oberkeitliche Verordnung anfängklich durch
192 2680 1385 2820 mechten die damahligen herren heimb
209 2756 1391 2893 lichere, hernach aber durch Massern Herren
209 2830 1352 2972 Rahts Herren Thormann, dißmahligen
210 2906 1404 3042 Herren Venneren und Herren seimbliche
195 2964 1383 3104 ren dißmahlen aber Herren Rahtsherren
189 3025 1372 3165 Wurstembergeren mit zuthun er gn.
186 3093 1378 3218 Dieneren Herren Großweibel Gerst
198 3181 1353 3315 und des Grichtschreibers den 23. 24
192 3258 1289 3375 25 27, 28 und 30. augusti item
193 3323 1347 3461 Den 1. 3. 7. 8. 9. und 22. septembris
1074 3473 1326 3625 Den etc.
1588 672 1653 761 .
2739 162 2851 259 63
1715 280 2891 431 Den 4ten octobris den 15ten und 27. november.
1712 359 2898 463 und dann letstlichen den 9. decembris erst
1689 423 2851 553 hingelegten 1706 jahrs und also zu ver¬
1676 481 2808 619 schidenen und vielen mahlen und zwar
1686 544 2877 673 erstlichen nur ernstwortig hernach aber
1698 604 2902 744 auch peinlich und mit einfacher oder Lahren
1682 666 2846 798 Marter über obgedachte und auch andere
1679 746 2887 847 Bäubereren und Mißethaten mehr exami
1691 811 2890 915 niert, und anfangs zwar sehr wenig, Ende
1688 876 2826 971 lichen aber nachfolgende theils mundt¬
1678 939 2891 1054 theils schrifftliche bekandtnuß auß selbi¬
1688 1014 2350 1130 gem gebracht worden.
1683 1118 2891 1255 de Camblicher und furs Erste waß
1676 1208 2889 1348 jenigen den 17. Julÿ Jungsthin auf dem
1690 1279 2904 1396 Geuster see zwüschen Culli und P. Saphorin
1692 1367 2886 1449 vernebten Raub betrifft. So hat er bekent
1692 1420 2859 1510 daß, als er Blancket Willens ware
1701 1481 2845 1585 nacher Bordonetta unden halb suchi
1701 1559 2881 1663 auff die Waßer Vögel hass zugehen, und
1677 1626 2848 1744 zu dem undt donnstag morgends den
1671 1691 2830 1796 45. Julii durch Jean Anthoiner Hau
1683 1752 2888 1875 Jean Pierre Ballisat, und Daniel Bart
1691 1831 2815 1945 an, ein schiff mit seinen zweyen fusitz
1687 1903 2823 1998 dorthin führen laßen wollen, mit der
1668 1964 2887 2077 ordre, daß sie zu Ouchi auf ihne war
1683 2025 2887 2148 ten sollen, Er Blancket aber zu Pferdt ge¬
1685 2106 2879 2201 seßen, und nacher Landanne umb daselbst
1688 2169 2858 2269 Pulver und bley zu kauffen, sich begeben
1680 2250 2842 2356 habe sein Nevena Echaquet wihrt zur
1680 2304 2882 2392 Neüwenstatt, so von Lusthor biß unweit
1685 2376 2881 2485 von Ouchi mit ihme geritten, ihme Blan
1678 2442 2895 2546 chet underwegs gesagt, daß er von Lantane
1694 2511 2881 2621 nacher Ouchy kommen solle, Er wolle Ihme
1705 2584 2874 2687 daselbsten sachen weisen, die Er niemahl
1685 2642 2876 2750 gesechen, vnd wie Er daraufhin ohngefehr
1691 2734 2873 2822 umb eilff uhren gleichen tags, sich nacher
1676 2778 2852 2879 Ouchis begeben, habe er daselbsten dem
1687 2844 2857 2968 flottard und de Ruffier mit welchen Er
1690 2910 2837 3035 auch getruncken, in einer Cammeren und
1687 2983 2851 3091 dann den aubert und seine Leüth Namb¬
1681 3052 2857 3138 lichen den Her, Mestrau Cadale und noch
1680 3129 2873 3211 zwo andere frömbde und schwartze persohnen
1676 3166 2827 3292 deren namen er nit wüße, im underen
1675 3245 2821 3344 Saal im wihrtshauß angetroffen. Allwo
1684 3304 2858 3412 auff den abend selbigen tags anfäncklich der
1676 3384 2866 3476 echaquet ihne Blancket a part genommen,
1677 3432 2866 3548 und ihme gesagtt, Waßmaßen er zu ver¬
1660 3507 2839 3620 schiedenen mahlen auff gens gereiset
2630 3594 2872 3693 daselbsten
