2448 3264
288 319 1108 486 Befungt ob er die ferin all von denen ie
275 438 1106 556 sölchenn kraam erkanfft, befindigett habe.
275 503 1093 621 Hatt er geantwortett, Ja, allein seye in noch
287 576 1105 689 einem kottrnger 15 guldin schuldig, wegen
291 646 1107 753 das er sich gegen Ihm fur einen, der Ihm höch
281 715 943 834 hutt abkonfft ghept, Vrbürgett.
267 815 1083 927 dannethin seye er einem von Basal
294 881 1104 998 Hans Ulrich Reygenampt, noch 8 guldin
284 951 453 1066 Jotlun
308 1055 1098 1181 Horner als Ihm sie liederligkeit vnnd
299 1139 1125 1263 vngstüme fürgeahlen worden, Ist in derfelten
287 1211 1116 1307 bekantlich gsen, darneben aber vemeldet
293 1268 1101 1403 es siye ihm leidt, bette er sinem wyb ge-
294 1340 1115 1458 folgett So wäre es Ihno dahin nit kommen.
304 1420 1133 1520 Nebe dem siyoer vor ottiz bytts am haupt
313 1495 1127 1605 verwundt worden, Das mache, das, wan er ein
310 1553 1133 1685 frunck habe, er offtemal nch wüße, was e
308 1646 441 1723 sheye.
263 1759 1136 1885 Detstlich als er gfragt worden, wohar er mit
304 1846 1143 1965 Den 3. aberr büthenn kommenn, so by h
322 1915 1116 2016 In einem sack gfunden worden, hatt er zu
335 1981 1133 2064 antwortt gebenn. Was den einen hutt
327 2052 1130 2163 beange, habo er Ihr Von Peten Mosorko
335 2119 1130 2228 Hortzogenm buchste kaufft; Bormend aber
340 2189 1133 2294 die Vhigenn 4 wüßeer nuff vordensel
328 2260 1121 2372 bemelher Moste hab Ihm ins niter Jan einen
349 2334 1125 2440 geben wollen, Ien in auch zalen mußenn.
353 2399 1124 2522 syen gehätt neben dem jeingen, so er kauf
335 2481 1151 2601 Im sackfunden worden, so müße man sy d
353 2538 1148 2671 Vnwöißtend jarzun gethan haben, und es mü
1091 2619 1158 2710 4
344 2622 1080 2748 synn das ein krämen von Dumißwald, da
362 2694 1143 2793 schuldig, vnd mit welchen er ein sunck getha
354 2761 1077 2872 Ihme sölche hult Inn sack than hette
1293 305 2255 520 wo Ihm aber steecken andhelte word, hatter an¬
1317 387 2240 571 zeigt, gedachte Mester hah sy Ihmat geben, vnd
1311 456 2271 636 so sy nun in sinem saeh geunden worden, müße al er
1319 521 2169 705 sy wol gnommen labenn, Joch ir meine es nitt;
1321 558 2235 759 bald aber hatt ergsagtt, Er sye dobmal frunckenn
1314 663 2156 862 gein, ir meine, er werde sio gnomen habenn
1313 726 2216 909 Retstlichenn halberbekentt, dar ab habe sy
1325 793 2266 1010 sie dun der Sthatt obbemeltem Master Vß seinem
1322 919 1772 1043 fräuladen entragenn.
1326 942 2271 1127 Hatt vonn tkeiner anderen mißhandlung
1336 1066 1785 1199 geltig shen wolenn.
1330 1080 2307 1283 Pistell Brungenlich vmb gnad vnd Verlychung,
1337 1206 2282 1342 Vnnd expiotett sich er wolle sich zu kunfftigen
1338 1250 2308 1436 Zöttenn stutts ehrlich, vnnd wol haltenn, vnd
1338 1406 1517 1483 fragenn.
1849 1361 2106 1452 id pag 94.
1368 1539 2187 1697 grisen vorde von
1352 1652 2163 1756 Watzenwyl der kilchon
1528 1743 2052 1851 eurnenpurtig.
1401 1483 1449 1494 fragenn.
1429 1942 2262 2084 Maen lfn arty 16 17 din ge gngn
1354 2016 2201 2118 dor krommenn, Eherenbestenn, furnemmen, fursichtigen w
1368 2087 2130 2172 Heerenn, Hanns Rudolff Hornus, deß Rhatts, Pete
1361 2143 2150 2262 Verbiegern, vnnd Hins Rudoff Danrers, Goo
1355 2208 2127 2319 Christern fordi, vonn Wattenn wol der kilcheen
1376 2282 2111 2398 Vbor geziste sacenn zu Marhili inquiriert worden
1366 2351 1839 2437 nachgeschribnenn bscheidt gebenn.
1379 2409 2160 2539 allen Pfersten den e ee
1367 2508 2186 2596 Verschinner Tegenn gogenn Hanns Walthartt mit der
1370 2558 2128 2670 Vnnd der Salloartenn glofenn. Hatt er anzeigt,
1367 2614 2112 2732 bseidt gsie, sie ihme wid, vnnd pette brungen
1364 2695 1515 2794 ling.
