2448 3264
251 164 1036 486 nan
282 297 1008 522 Nodelnder gre
201 504 294 522 Vdebete  beß
188 522 1035 766 Vdebete  beß
937 522 999 559 Nodelnder gre
263 628 1006 814 Verstadt Iff hatt E Buman von
252 687 1029 889 Esch der landttbogby Banonn nachgeschribne
248 768 1015 948 diebstal zu Marzili bekentt, ver fäben, vnd
245 835 1019 1020 mit der marter erhaltenn, vnnd bestutti¬
242 898 347 988 got.
220 973 1031 1191 Doßrostenn syre, vnnd abemelte den
240 1092 987 1225 by Huttwyl iun ein sycher, den sy mitt
238 1154 1007 1298 dem schlüßel geöffnodt, gangen darußen
231 1214 1015 1376 silberne bstecki meßer ein stilbernen buche,
230 1292 996 1422 ein blauw paar hostenn, stiben oll landttug
216 1381 970 1511 2 panr schuch, vnnd 2 Bb. an gelt gestolt¬
208 1427 986 1572 diß zug sye alles (lbßo guorden die sosun
204 1514 997 1648 Etrögen, (o die sy uofgebrochenn) vor¬
203 1572 516 1697 schloffenn gsen.
167 1701 985 1829 Daselbsten habind sey ouch ein anderen steyche
207 1785 973 1895 mit dem schlußel geofueth aber mitt haus
191 1850 970 1965 geonden, wyl sy kein buch darfen fund.
189 1976 967 2120 Harwäides Rußwyl syne unnd soing
174 2060 961 2176 In ein kuller brochen, daßelbsten milch gesten¬
151 2166 945 2298 By zuleyl syere vnnd Spärz abemnde
180 2243 952 2369 eem köllengangen, daselbst mitch gesen¬
167 2302 873 2420 und angethar 4 l Euß genommen.
155 2378 965 2543 Ebstlichenn hat er bekontt, wir den he lite
149 2493 942 2614 brschinnem kiegszuppel zur Buwen tatb
149 2562 943 2681 Jeren mitt hilff sinen gsollen, deren ongebhar¬
151 2612 937 2734 gstin ih ein killer brochen und dam  zoen
138 2689 543 2771 klein käisen ervpnt.
136 2749 953 2861 Aenstlichlin aun 2 mich einen vnm 3 michen
168 2841 953 2944 und zum gmal mitt deyenn steinen befzogen worden.
355 2918 387 2955 4
149 2895 919 2990 E huti  in ds diser Bumen dn dillin er s
183 2968 894 3039 kmerten ereckt worden, hatt aber keinen anderenmi
260 3008 516 3067 richtig ein wellen
199 3007 878 3124 derhalben vff 22 Jaly 6r mich euten ußrstrchen
410 3103 890 3158 dem eyd von statt und land dder
1212 308 2014 493 sulailh Bides
1233 463 2020 541 Vonns Bachleis je Rideness
1252 509 1794 612 Sebentallprentig
1205 650 2150 773 Wie dann Vff sychem sag durch wolgen ampfe mine
1222 737 2123 828 herrenn auch Nclaus Schuder Bam Buchlenn im Nin
1225 793 2156 885 deronn Sebennthal purtig deß zugshalb, so er obbemelchen
1205 848 2117 941 beidenn, Spring, vnnd Bumen abgenommen, zu redt
1210 903 2135 1019 gstoßenn, vnnd gegenn Ehnen controntiert wordenn,
1220 967 2155 1085 hatt er vermeldett, vnnd angezeigt, wie nit wenigen
1211 1059 2162 1158 sige, dan ds er Ihnen etwan by Viermalen zug abkoufft
1212 1107 2075 1216 ouch sy darum bezalt, das er aber sy angwisen, vnnd
1220 1172 2120 1293 Vffgwigglett, das sy stälenn soltind das syr nit wohar
1217 1246 2096 1363 es werde sich auch nit erkindenn. Wol loher siye es
1212 1320 2148 1446 das er zu Ihnen gstagt, Wan sy Ehmet was bringind, so
1206 1401 2094 1509 wolleee es Ihnen abnemen, vnd paar golt denn
1195 1466 2135 1584 gebenn, Er habe auch niemalen gwußt, das sey volliche
1197 1537 2127 1652 gug gstotenn halennd, dan allein lorstlich, do er thul
1209 1608 2107 1721 umb 10 f abtouff ghann, welches erdo darnach
1194 1684 2145 1810 zu Luwen umb 12 f unnd i hüütdicken verhaufen
1200 1755 1287 1849 shan.
1196 1826 2125 1968 Vnnd als bbemother Spring, vnnd Bumershin
1191 1929 2109 2042 auch vhörtt wordenn, habend sy vermeldett er haben
1197 1992 2113 2099 eben nit mit u bdurckenlichen worten zu ihnen g.
1187 2042 2064 2190 das sy zugey senn vnnd stalenn söltind. sonnder
1187 2116 1984 2223 er habe allein gsagtt, wan sey ihm etwas bube
1176 2183 1990 2305 so welle er Ihnen gelt drum gebenn: sy soll
1175 2258 1814 2360 ezwas zubringenn, wan sy es habind
1159 2342 1886 2491 Brabe Is er ider auch keit
1181 2448 1894 2540 d er inles stlberschinnem krogs suppel zu
1163 2504 1880 2603 hilff finer gstollenn ein viertheil fleiß
1166 2567 1865 2678 huß entfrömbdet, Sye aber harum mit gfangen
1170 2629 1458 2723 gestrafft wordenn,
1177 2669 1848 2803 mat sonnsten keinen anderenn miß handli
1173 2768 1395 2843 syne wollenn.
