<?xml version="1.0" encoding="UTF-8" standalone="yes"?>
<PcGts xmlns="http://schema.primaresearch.org/PAGE/gts/pagecontent/2013-07-15" xmlns:xsi="http://www.w3.org/2001/XMLSchema-instance" xsi:schemaLocation="http://schema.primaresearch.org/PAGE/gts/pagecontent/2013-07-15 http://schema.primaresearch.org/PAGE/gts/pagecontent/2013-07-15/pagecontent.xsd">
    <Metadata>
        <Creator>prov=University of Rostock/Institute of Mathematics/CITlab|PLANET AI GmbH/Gundram Leifert/gundram.leifert@planet-ai.de:name=German_Kurrent_XVI-XVIII_M1(htr_id=19584)::::v=2.6.7
prov=University of Rostock/Institute of Mathematics/CITlab|PLANET AI GmbH/Tobias Gruening/tobias.gruening@planet-ai.de:name=de.uros.citlab.module.baseline2polygon.B2PSeamMultiOriented:v=2.6.7
prov=University of Rostock/Institute of Mathematics/CITlab|PLANET AI GmbH/Tobias Gruening/tobias.gruening@planet-ai.de:name=/net_tf/LA73_249_0mod360.pb:de.uros.citlab.segmentation.CITlab_LA_ML:v=2.6.6
Transkribus</Creator>
        <Created>2020-10-05T08:39:54.254+02:00</Created>
        <LastChange>2023-06-12T20:55:07.406+02:00</LastChange>
        <Comments>Auto-rotated according to EXIF orientation = 6</Comments>
        <TranskribusMetadata docId="1334809" pageId="52358689" pageNr="29" tsid="126774326" status="IN_PROGRESS" userId="68497" imgUrl="https://files.transkribus.eu/Get?id=DLXXEBIOXRLUYPSBHCBHAYKI&amp;fileType=view" xmlUrl="https://files.transkribus.eu/Get?id=XHRZQCBEXQGDPUYODWAEINJQ" imageId="16062617"/>
    </Metadata>
    <Page imageFilename="turmbücher 459_00029-20200922_095410.jpg" imageWidth="2448" imageHeight="3264">
        <ReadingOrder>
            <OrderedGroup id="ro_1687513835638" caption="Regions reading order">
                <RegionRefIndexed index="0" regionRef="TextRegion_1684308273115_1313"/>
                <RegionRefIndexed index="1" regionRef="TextRegion_1684308273115_1312"/>
                <RegionRefIndexed index="2" regionRef="TextRegion_1684308271931_1306"/>
                <RegionRefIndexed index="3" regionRef="r2"/>
            </OrderedGroup>
        </ReadingOrder>
        <TextRegion orientation="0.0" type="paragraph" id="TextRegion_1684308273115_1313" custom="readingOrder {index:0;} structure {type:paragraph;}">
            <Coords points="323,272 1173,272 1173,1794 323,1794"/>
            <TextLine id="r1l1" custom="readingOrder {index:0;}">
                <Coords points="426,328 525,315 619,361 996,415 1174,480 1185,430 1165,415 950,357 895,303 734,317 444,248"/>
                <Baseline points="438,300 474,308 511,317 547,324 584,333 620,341 657,348 693,356 730,364 766,371 803,379 840,386 876,394 913,403 949,411 986,420 1022,430 1059,440 1095,451 1132,461 1169,474"/>
                <TextEquiv>
                    <Unicode>era dale le</Unicode>
                </TextEquiv>
            </TextLine>
            <TextLine id="r1l2" custom="readingOrder {index:1;}">
                <Coords points="415,375 615,405 668,440 737,422 818,449 851,491 923,477 982,531 1053,510 1175,546 1187,489 1039,474 995,416 913,447 860,389 727,407 627,374 600,336 552,348 524,315 423,340"/>
                <Baseline points="423,368 460,373 498,379 535,385 573,392 610,398 648,407 685,414 723,423 760,431 798,440 835,448 873,457 910,466 948,475 985,483 1023,493 1060,501 1098,510 1135,518 1173,525"/>
                <TextEquiv>
                    <Unicode>eterne er</Unicode>
                </TextEquiv>
            </TextLine>
            <TextLine id="r1l3" custom="readingOrder {index:2;}">
                <Coords points="392,464 575,458 682,484 727,527 778,503 963,540 1113,609 1163,609 1176,547 1053,513 983,532 921,478 763,475 682,437 640,448 573,401 409,381"/>
                <Baseline points="402,441 441,445 481,449 521,454 561,460 601,467 641,473 681,480 721,489 761,497 801,507 841,516 881,525 921,535 961,545 1001,554 1041,564 1081,572 1121,581 1161,590"/>
                <TextEquiv>
                    <Unicode>Senn rs</Unicode>
                </TextEquiv>
            </TextLine>
            <TextLine id="r1l4" custom="readingOrder {index:3;}">
                <Coords points="406,521 443,542 522,527 572,562 638,540 786,610 950,604 1095,682 1165,668 1172,633 1138,603 1091,624 1040,577 949,588 881,532 812,561 715,528 680,484 419,457"/>
                <Baseline points="414,512 451,517 488,522 525,527 563,533 600,538 637,545 675,551 712,558 749,565 787,572 824,581 861,589 898,597 936,606 973,614 1010,623 1048,633 1085,642 1122,652 1160,662"/>
                <TextEquiv>
                    <Unicode>Ade entanh</Unicode>
                </TextEquiv>
            </TextLine>
            <TextLine id="r1l5" custom="readingOrder {index:4;}">
                <Coords points="412,582 1157,726 1168,664 1094,685 1044,644 789,617 713,568 628,581 551,540 494,570 422,534"/>
                <Baseline points="420,573 456,579 493,585 529,592 566,598 603,605 639,612 676,619 712,625 749,632 786,640 822,647 859,655 895,662 932,670 969,678 1005,685 1042,694 1078,702 1115,711 1152,719"/>
                <TextEquiv>
                    <Unicode>wie auch das nit, das in vermalen sin mutte</Unicode>
                </TextEquiv>
            </TextLine>
            <TextLine id="r1l6" custom="readingOrder {index:5;}">
                <Coords points="409,679 811,715 857,747 951,740 1130,798 1165,794 1175,744 1151,725 1085,752 1044,708 1003,722 978,695 926,714 869,655 776,676 642,614 564,647 498,602 421,618"/>
                <Baseline points="420,653 457,656 494,660 531,665 568,670 605,675 642,681 679,687 716,694 753,701 790,707 827,716 864,723 901,731 938,737 975,747 1012,754 1049,761 1086,769 1123,777 1161,785"/>
                <TextEquiv>
                    <Unicode>gschlagen, Er begäre mitt anders dandas man ihm</Unicode>
                </TextEquiv>
            </TextLine>
            <TextLine id="r1l7" custom="readingOrder {index:6;}">
                <Coords points="383,740 536,740 630,787 690,767 876,793 939,845 980,819 1106,853 1138,797 1083,767 1004,796 961,756 931,773 900,733 804,748 704,702 627,732 527,675 473,705 435,672 390,691"/>
                <Baseline points="390,728 426,730 463,732 500,736 537,740 573,744 610,750 647,753 684,759 720,765 757,771 794,777 831,784 867,791 904,797 941,804 978,812 1014,819 1051,826 1088,833 1125,840"/>
                <TextEquiv>
                    <Unicode>den, der es gesechen, vnder dieougen stelle.</Unicode>
                </TextEquiv>
            </TextLine>
            <TextLine id="r1l8" custom="readingOrder {index:7;}">
                <Coords points="391,807 550,810 603,853 661,833 698,865 814,849 1143,925 1153,875 1002,822 943,851 876,793 822,820 690,767 582,796 548,754 400,749"/>
                <Baseline points="399,797 436,800 473,803 510,806 547,811 584,815 621,819 659,824 696,831 733,837 770,843 807,849 844,856 881,863 919,869 956,876 993,884 1030,890 1067,897 1104,904 1142,909"/>
                <TextEquiv>
                    <Unicode>Glychermaßen sye es Pere von der warkeilt</Unicode>
                </TextEquiv>
            </TextLine>
            <TextLine id="r1l9" custom="readingOrder {index:8;} place {offset:31; length:8;}">
                <Coords points="394,883 665,893 717,947 758,917 797,955 869,928 1008,953 1033,981 1075,964 1146,986 1152,931 1031,929 977,881 887,905 826,856 504,858 402,825"/>
                <Baseline points="402,869 439,872 476,875 513,879 550,882 587,887 624,892 661,896 698,901 735,907 772,912 809,917 846,923 883,929 920,933 957,938 994,943 1031,949 1068,954 1105,958 1143,962"/>
                <TextEquiv>
                    <Unicode>das er hermalen dem B vogt von Bewangen vff</Unicode>
                </TextEquiv>
            </TextLine>
            <TextLine id="r1l10" custom="readingOrder {index:9;}">
                <Coords points="391,951 613,964 665,1003 797,988 833,1020 907,1003 954,1057 1020,1020 1173,1059 1180,1010 1120,985 1035,1002 877,931 818,961 710,953 643,899 399,892"/>
                <Baseline points="399,939 437,941 476,945 514,949 553,952 591,955 630,960 668,965 707,971 745,975 784,981 822,987 861,992 899,999 938,1004 976,1010 1015,1017 1053,1022 1092,1029 1130,1035 1169,1041"/>
                <TextEquiv>
                    <Unicode>lyb, vnnd läben gethröuwt, oder der gmeind daselbst</Unicode>
                </TextEquiv>
            </TextLine>
            <TextLine id="r1l11" custom="readingOrder {index:10;}">
                <Coords points="382,1044 429,1016 507,1022 572,1056 694,1049 747,1098 828,1064 1141,1119 1149,1057 1071,1070 1021,1019 955,1057 900,1001 848,1028 766,989 666,1003 634,972 506,985 465,952 390,982"/>
                <Baseline points="393,1008 430,1012 467,1016 504,1019 541,1023 579,1028 616,1033 653,1037 690,1041 727,1046 765,1051 802,1056 839,1061 876,1066 913,1071 951,1077 988,1082 1025,1088 1062,1093 1099,1099 1137,1106"/>
                <TextEquiv>
                    <Unicode>gethrönet habe, das dorff anzestecken noch aud</Unicode>
                </TextEquiv>
            </TextLine>
            <TextLine id="r1l12" custom="readingOrder {index:11;}">
                <Coords points="401,1089 474,1092 523,1138 627,1103 691,1157 836,1133 1131,1175 1136,1125 1077,1102 1011,1117 888,1070 761,1101 696,1051 501,1069 409,1017"/>
                <Baseline points="408,1079 445,1083 483,1088 521,1093 559,1096 597,1101 635,1105 672,1109 710,1114 748,1117 786,1122 824,1125 862,1129 899,1133 937,1138 975,1142 1013,1145 1051,1148 1089,1151 1127,1155"/>
                <TextEquiv>
                    <Unicode>das er ghörtt habe, sinen Vatter derlychenn</Unicode>
                </TextEquiv>
            </TextLine>
            <TextLine id="r1l13" custom="readingOrder {index:12;}">
                <Coords points="388,1177 573,1170 609,1195 870,1199 942,1238 991,1212 1138,1247 1144,1176 1063,1159 993,1196 952,1155 863,1169 833,1135 769,1176 693,1159 628,1103 515,1143 395,1098"/>
                <Baseline points="396,1154 432,1159 469,1162 506,1166 543,1170 580,1174 617,1177 654,1181 691,1184 728,1187 765,1190 801,1194 838,1196 875,1200 912,1203 949,1205 986,1209 1023,1212 1060,1215 1097,1219 1134,1221"/>
                <TextEquiv>
                    <Unicode>trywortb Vß stoßenn: dan do fin vatte mit</Unicode>
                </TextEquiv>
            </TextLine>
            <TextLine id="r1l14" custom="readingOrder {index:13;} place {offset:10; length:9;}">
                <Coords points="386,1237 442,1232 475,1271 570,1241 753,1258 798,1293 827,1270 987,1275 1049,1317 1157,1300 1160,1270 1075,1264 1041,1228 967,1257 905,1204 814,1241 770,1203 713,1214 681,1187 632,1180 578,1215 508,1171 470,1198 424,1164 391,1177"/>
                <Baseline points="393,1227 432,1230 472,1233 512,1236 552,1239 592,1242 632,1245 672,1248 712,1251 752,1255 792,1258 832,1261 872,1264 912,1268 952,1271 992,1274 1032,1278 1072,1281 1112,1284 1152,1287"/>
                <TextEquiv>
                    <Unicode>dem E von Sollothum grett, sye er furgangen,</Unicode>
                </TextEquiv>
            </TextLine>
            <TextLine id="r1l15" custom="readingOrder {index:14;}">
                <Coords points="395,1318 468,1304 569,1330 674,1318 778,1365 894,1344 899,1267 804,1295 767,1261 665,1294 612,1245 475,1270 439,1231 400,1247"/>
                <Baseline points="402,1301 427,1302 453,1302 478,1303 504,1305 529,1305 555,1307 581,1308 606,1310 632,1312 657,1314 683,1315 708,1318 734,1320 760,1322 785,1324 811,1326 836,1328 862,1331 888,1334"/>
                <TextEquiv>
                    <Unicode>vnd habe Ehnen nih zuglose</Unicode>
                </TextEquiv>
            </TextLine>
            <TextLine id="r1l16" custom="readingOrder {index:15;}">
                <Coords points="361,1424 415,1419 489,1459 622,1420 843,1458 967,1442 1061,1473 1162,1467 1166,1388 1054,1426 896,1368 791,1414 608,1328 532,1371 484,1346 403,1392 364,1367"/>
                <Baseline points="368,1418 407,1418 447,1418 486,1418 526,1419 565,1420 605,1421 644,1423 684,1424 723,1426 763,1428 802,1430 842,1432 881,1434 921,1436 960,1438 1000,1440 1039,1441 1079,1442 1118,1443 1158,1445"/>
                <TextEquiv>
                    <Unicode>Gatt alß keiner anderen miß handlungen gsten¬</Unicode>
                </TextEquiv>
            </TextLine>
            <TextLine id="r1l17" custom="readingOrder {index:16;}">
                <Coords points="390,1491 434,1504 489,1479 514,1485 537,1474 581,1488 613,1478 626,1487 699,1487 699,1459 673,1455 636,1422 582,1436 559,1429 526,1455 493,1458 416,1420 390,1424"/>
                <Baseline points="396,1476 423,1476 450,1476 477,1476 504,1476 531,1476 558,1476 585,1476 612,1476 639,1476 666,1476 693,1476"/>
                <TextEquiv>
                    <Unicode>dig synn wollenn.</Unicode>
                </TextEquiv>
            </TextLine>
            <TextLine id="r1l18" custom="readingOrder {index:17;}">
                <Coords points="368,1577 526,1557 1150,1575 1151,1513 996,1511 957,1543 902,1500 826,1538 760,1508 678,1544 573,1495 452,1523 369,1484"/>
                <Baseline points="374,1554 412,1556 451,1556 489,1557 528,1557 566,1559 605,1559 643,1559 682,1559 720,1559 759,1559 798,1559 836,1559 875,1559 913,1560 952,1560 990,1560 1029,1562 1067,1563 1106,1565 1145,1566"/>
                <TextEquiv>
                    <Unicode>Diewyl er derhelbenn mitt anders bekennen wöllen, vnd sie</Unicode>
                </TextEquiv>
            </TextLine>
            <TextLine id="r1l19" custom="readingOrder {index:18;}">
                <Coords points="380,1610 1139,1615 1120,1561 900,1584 870,1563 600,1583 527,1557 465,1580 381,1567"/>
                <Baseline points="387,1596 424,1596 461,1598 498,1598 536,1598 573,1599 610,1599 648,1599 685,1599 722,1599 760,1601 797,1601 834,1601 871,1601 909,1601 946,1602 983,1602 1021,1604 1058,1604 1095,1605 1133,1605"/>
                <TextEquiv>
                    <Unicode>andor sich anerpottenn, ihne zu ihm benommen und ihn das</Unicode>
                </TextEquiv>
            </TextLine>
            <TextLine id="r1l20" custom="readingOrder {index:19;}">
                <Coords points="387,1659 1107,1665 1138,1661 1139,1616 982,1629 923,1601 859,1627 639,1602 596,1626 388,1604"/>
                <Baseline points="393,1640 430,1641 467,1641 504,1643 541,1643 578,1643 615,1643 652,1644 689,1644 726,1644 763,1644 800,1644 837,1646 874,1646 911,1646 948,1647 985,1647 1022,1649 1059,1650 1096,1652 1133,1653"/>
                <TextEquiv>
                    <Unicode>seylerhandtworck 3 Vollem bloren, Ist ihme der eydt, der</Unicode>
                </TextEquiv>
            </TextLine>
            <TextLine id="r1l21" custom="readingOrder {index:20;}">
                <Coords points="372,1686 701,1707 828,1690 893,1712 969,1692 1039,1716 1116,1698 1117,1666 921,1652 895,1676 797,1647 705,1666 470,1645 372,1663"/>
                <Baseline points="378,1679 414,1680 451,1680 487,1682 524,1683 561,1683 597,1685 634,1686 670,1686 707,1688 744,1688 780,1689 817,1689 853,1689 890,1690 927,1691 963,1691 1000,1691 1036,1691 1073,1691 1110,1691"/>
                <TextEquiv>
                    <Unicode>erletftlich zu zewangen vhon statt, und Land gethen</Unicode>
                </TextEquiv>
            </TextLine>
            <TextLine id="r1l22" custom="readingOrder {index:21;}">
                <Coords points="376,1753 879,1740 972,1779 1019,1748 1152,1740 1152,1687 1130,1680 1043,1718 964,1690 896,1714 838,1693 377,1692"/>
                <Baseline points="383,1728 421,1728 459,1728 497,1728 535,1730 573,1730 611,1730 650,1731 688,1733 726,1733 764,1734 802,1734 840,1734 878,1735 917,1736 955,1736 993,1735 1031,1734 1069,1734 1107,1733 1146,1731"/>
                <TextEquiv>
                    <Unicode>Vffglißt, vnd d tf 16 tan. 1613er vß glangenschafft</Unicode>
                </TextEquiv>
            </TextLine>
            <TextLine id="line_1684308273174_1316" custom="readingOrder {index:22;} person {offset:0; length:11;} place {offset:16; length:4;}">
                <Coords points="1000,1794 1004,1792 1025,1794"/>
                <TextEquiv>
                    <Unicode>Jacb Schmid von Dofl.</Unicode>
                </TextEquiv>
            </TextLine>
            <TextLine id="r1l23" custom="readingOrder {index:23;}">
                <Coords points="375,1808 396,1803 416,1814 438,1794 474,1784 498,1795 511,1786 556,1782 609,1801 609,1765 546,1739 510,1753 484,1739 461,1755 434,1748 425,1757 395,1740 374,1756"/>
                <Baseline points="380,1782 407,1781 435,1780 463,1779 491,1778 519,1778 547,1778 575,1779 603,1781"/>
                <TextEquiv>
                    <Unicode>glaßen wordenn.</Unicode>
                </TextEquiv>
            </TextLine>
            <TextEquiv>
                <Unicode>era dale le&#13;
eterne er&#13;
Senn rs&#13;
Ade entanh&#13;
wie auch das nit, das in vermalen sin mutte&#13;
gschlagen, Er begäre mitt anders dandas man ihm&#13;
den, der es gesechen, vnder dieougen stelle.&#13;
Glychermaßen sye es Pere von der warkeilt&#13;
das er hermalen dem B vogt von Bewangen vff&#13;
lyb, vnnd läben gethröuwt, oder der gmeind daselbst&#13;
gethrönet habe, das dorff anzestecken noch aud&#13;
das er ghörtt habe, sinen Vatter derlychenn&#13;
trywortb Vß stoßenn: dan do fin vatte mit&#13;
dem E von Sollothum grett, sye er furgangen,&#13;
vnd habe Ehnen nih zuglose&#13;
Gatt alß keiner anderen miß handlungen gsten¬&#13;
dig synn wollenn.&#13;
Diewyl er derhelbenn mitt anders bekennen wöllen, vnd sie&#13;
andor sich anerpottenn, ihne zu ihm benommen und ihn das&#13;
seylerhandtworck 3 Vollem bloren, Ist ihme der eydt, der&#13;
erletftlich zu zewangen vhon statt, und Land gethen&#13;
Vffglißt, vnd d tf 16 tan. 1613er vß glangenschafft&#13;
Jacb Schmid von Dofl.&#13;
glaßen wordenn.</Unicode>
            </TextEquiv>
        </TextRegion>
        <TextRegion orientation="0.0" type="heading" id="TextRegion_1684308273115_1312" custom="readingOrder {index:1;} structure {type:heading;}">
            <Coords points="323,1794 1173,1794 1173,2015 323,2015"/>
            <TextLine id="line_1684308271984_1310" custom="readingOrder {index:0;}">
                <Coords points="1004,2007 1014,2015 995,2015"/>
                <TextEquiv>
                    <Unicode>ff füytag den 27. tag christmonats des</Unicode>
                </TextEquiv>
            </TextLine>
            <TextLine id="line_1684308273174_1315" custom="readingOrder {index:1;} person {offset:0; length:11;} place {offset:16; length:4;}">
                <Coords points="366,1808 468,1850 550,1798 601,1842 705,1805 767,1846 816,1808 920,1841 1000,1794 1025,1794 1157,1806 1162,1915 412,1923 372,1946"/>
                <Baseline points="377,1917 415,1919 454,1920 493,1920 532,1920 571,1920 610,1919 649,1917 688,1916 727,1914 766,1913 804,1911 843,1908 882,1907 921,1904 960,1902 999,1899 1038,1896 1077,1895 1116,1892 1155,1890"/>
                <TextEquiv>
                    <Unicode>Jacb Schmid von Dofl.</Unicode>
                </TextEquiv>
            </TextLine>
            <TextLine id="r1l25" custom="readingOrder {index:2;} place {offset:4; length:7;}">
                <Coords points="410,1989 525,1992 587,2030 705,1984 870,2015 905,1982 1056,1974 1046,1913 852,1940 608,1929 584,1953 490,1925 409,1961"/>
                <Baseline points="416,1985 447,1985 479,1985 510,1983 542,1983 574,1983 605,1982 637,1982 669,1980 700,1980 732,1978 764,1977 795,1976 827,1974 859,1973 890,1970 922,1968 954,1967 985,1964 1017,1962 1049,1959"/>
                <TextEquiv>
                    <Unicode>Len Fryburg gepreths</Unicode>
                </TextEquiv>
            </TextLine>
            <TextEquiv>
                <Unicode>ff füytag den 27. tag christmonats des&#13;
Jacb Schmid von Dofl.&#13;
Len Fryburg gepreths</Unicode>
            </TextEquiv>
        </TextRegion>
        <TextRegion orientation="0.0" type="paragraph" id="TextRegion_1684308271931_1306" custom="readingOrder {index:2;} structure {type:paragraph;}">
            <Coords points="323,2015 1173,2015 1173,2986 323,2986"/>
            <TextLine id="line_1684308271984_1309" custom="readingOrder {index:0;}">
                <Coords points="360,2032 433,2079 535,2042 573,2068 610,2039 785,2061 834,2023 950,2056 995,2015 1014,2015 1043,2038 1134,2041 1137,2093 1007,2099 929,2133 893,2108 842,2149 769,2107 696,2158 590,2164 537,2118 484,2146 366,2146"/>
                <Baseline points="371,2133 410,2129 450,2125 490,2121 530,2118 570,2115 610,2114 650,2112 690,2111 730,2109 770,2108 810,2106 850,2105 890,2103 930,2101 970,2098 1010,2094 1050,2091 1090,2086 1130,2081"/>
                <TextEquiv>
                    <Unicode>ff füytag den 27. tag christmonats des</Unicode>
                </TextEquiv>
            </TextLine>
            <TextLine id="r1l27" custom="readingOrder {index:1;}">
                <Coords points="363,2202 411,2217 449,2192 820,2184 893,2160 929,2181 1019,2151 1073,2179 1132,2142 1128,2085 840,2148 742,2114 699,2151 586,2158 538,2117 360,2158"/>
                <Baseline points="368,2186 405,2184 443,2182 481,2180 519,2178 557,2176 595,2174 632,2173 670,2171 708,2169 746,2167 784,2165 822,2163 860,2160 897,2157 935,2155 973,2151 1011,2147 1049,2143 1087,2139 1125,2133"/>
                <TextEquiv>
                    <Unicode>abgeloffnen 1612 Jars gungegenwürtigken</Unicode>
                </TextEquiv>
            </TextLine>
            <TextLine id="r1l28" custom="readingOrder {index:2;}">
                <Coords points="354,2261 556,2228 818,2246 887,2222 918,2242 987,2202 1040,2233 1128,2198 1125,2149 1069,2180 1015,2157 971,2188 893,2160 743,2207 616,2174 550,2217 350,2202"/>
                <Baseline points="360,2252 398,2246 436,2243 474,2239 512,2235 550,2233 588,2231 626,2228 664,2226 702,2225 741,2223 779,2222 817,2220 855,2218 893,2216 931,2213 969,2211 1007,2207 1045,2203 1083,2199 1122,2193"/>
                <TextEquiv>
                    <Unicode>der frommen fürnemmen, fürfictigen wysen</Unicode>
                </TextEquiv>
            </TextLine>
            <TextLine id="r1l29" custom="readingOrder {index:3;} person {offset:0; length:17;} person {offset:29; length:11;}">
                <Coords points="345,2316 795,2282 943,2304 1086,2256 1142,2275 1150,2194 1007,2247 948,2218 918,2242 767,2227 724,2260 658,2232 342,2272"/>
                <Baseline points="350,2309 389,2305 429,2301 469,2298 509,2295 549,2292 589,2291 629,2289 669,2288 709,2286 749,2284 788,2283 828,2280 868,2278 908,2276 948,2272 988,2268 1028,2264 1068,2258 1108,2252 1148,2243"/>
                <TextEquiv>
                    <Unicode>Hans Rudolff Homs deß klechs Hanil Bisen</Unicode>
                </TextEquiv>
            </TextLine>
            <TextLine id="r1l30" custom="readingOrder {index:4;} organization {offset:4; length:8;} person {offset:18; length:20;}">
                <Coords points="348,2385 390,2372 434,2407 486,2362 794,2350 834,2371 978,2330 1153,2329 1149,2274 1108,2264 1032,2305 981,2277 947,2303 796,2282 703,2313 586,2291 485,2338 445,2310 398,2335 343,2315"/>
                <Baseline points="353,2373 392,2369 432,2365 471,2361 511,2359 551,2356 590,2354 630,2352 669,2349 709,2347 749,2346 788,2344 828,2341 867,2338 907,2336 947,2333 986,2330 1026,2324 1065,2320 1105,2315 1145,2309"/>
                <TextEquiv>
                    <Unicode>der burgeren, Vnd Hans Rudolff Barwers, Deß</Unicode>
                </TextEquiv>
            </TextLine>
            <TextLine id="r1l31" custom="readingOrder {index:5;} person {offset:13; length:12;} place {offset:31; length:7;}">
                <Coords points="344,2449 1155,2387 1151,2328 1103,2323 1051,2359 978,2330 862,2369 483,2367 433,2408 340,2384"/>
                <Baseline points="350,2441 389,2435 429,2430 469,2426 509,2423 549,2420 589,2417 629,2415 669,2414 709,2412 749,2409 788,2408 828,2405 868,2403 908,2400 948,2398 988,2394 1028,2389 1068,2385 1108,2379 1148,2372"/>
                <TextEquiv>
                    <Unicode>Wöygels Hatt Jacob Schmid, von Noftlen frsin</Unicode>
                </TextEquiv>
            </TextLine>
            <TextLine id="r1l32" custom="readingOrder {index:6;} person {offset:33; length:9; continued:true;}">
                <Coords points="336,2546 426,2497 536,2489 571,2513 631,2486 695,2524 746,2479 844,2475 884,2504 917,2468 1075,2454 1119,2481 1134,2399 1035,2396 987,2444 871,2412 694,2457 635,2421 495,2420 436,2461 331,2477"/>
                <Baseline points="339,2502 378,2497 418,2493 457,2490 497,2487 536,2484 576,2483 615,2480 655,2478 694,2476 734,2474 774,2472 813,2471 853,2468 892,2465 932,2463 971,2460 1011,2456 1050,2452 1090,2447 1130,2441"/>
                <TextEquiv>
                    <Unicode>gepiettes folgende mußhandlungen beMartili</Unicode>
                </TextEquiv>
            </TextLine>
            <TextLine id="r1l33" custom="readingOrder {index:7;} person {offset:0; length:5; continued:true;}">
                <Coords points="340,2610 427,2572 596,2579 829,2533 899,2569 937,2539 1135,2520 1153,2475 1070,2453 1008,2498 888,2466 742,2526 656,2500 566,2514 534,2489 335,2546"/>
                <Baseline points="342,2571 382,2567 422,2563 463,2559 503,2556 543,2554 584,2552 624,2549 664,2547 705,2544 745,2543 785,2540 826,2537 866,2535 906,2532 947,2528 987,2523 1027,2519 1068,2513 1108,2506 1149,2499"/>
                <TextEquiv>
                    <Unicode>reyen willens, obne marter Verfähen, vnd bei</Unicode>
                </TextEquiv>
            </TextLine>
            <TextLine id="r1l34" custom="readingOrder {index:8;}">
                <Coords points="327,2655 338,2654 349,2642 355,2646 374,2636 398,2651 407,2651 414,2642 423,2643 434,2635 443,2636 439,2580 404,2582 386,2602 373,2607 345,2587 324,2590"/>
                <Baseline points="333,2643 359,2638 385,2636 411,2636 437,2636"/>
                <TextEquiv>
                    <Unicode>kentt.</Unicode>
                </TextEquiv>
            </TextLine>
            <TextLine id="r1l35" custom="readingOrder {index:9;}">
                <Coords points="318,2729 478,2715 530,2743 613,2700 726,2729 830,2711 873,2738 945,2685 1167,2673 1162,2594 1073,2583 968,2629 932,2608 877,2656 763,2596 461,2659 313,2651"/>
                <Baseline points="323,2723 364,2719 406,2714 448,2711 490,2708 532,2706 574,2704 615,2703 657,2701 699,2700 741,2699 783,2697 825,2694 867,2693 908,2690 950,2687 992,2682 1034,2678 1076,2671 1118,2664 1160,2657"/>
                <TextEquiv>
                    <Unicode>Namlichen deß erßen, wielohae sye als vor dech</Unicode>
                </TextEquiv>
            </TextLine>
            <TextLine id="r1l36" custom="readingOrder {index:10;} person {offset:5; length:12;} place {offset:22; length:4;}">
                <Coords points="324,2807 424,2775 946,2777 1148,2720 1162,2693 1025,2685 976,2725 873,2738 776,2711 747,2739 705,2713 675,2737 611,2701 529,2744 418,2714 319,2731"/>
                <Baseline points="329,2789 370,2785 411,2780 453,2777 494,2774 536,2771 577,2769 619,2768 660,2766 702,2763 743,2762 784,2760 826,2757 867,2754 909,2752 950,2748 992,2743 1033,2737 1075,2731 1116,2724 1158,2715"/>
                <TextEquiv>
                    <Unicode>Zyts Hans Vlinger von Eybi thene gefragt, wer</Unicode>
                </TextEquiv>
            </TextLine>
            <TextLine id="r1l37" custom="readingOrder {index:11;} person {offset:3; length:15;}">
                <Coords points="336,2850 509,2840 536,2862 567,2832 921,2828 990,2803 1052,2830 1155,2785 1151,2730 912,2794 831,2766 768,2801 667,2769 577,2805 441,2775 335,2824"/>
                <Baseline points="342,2844 382,2840 422,2836 463,2833 503,2831 543,2828 584,2826 624,2824 664,2823 705,2820 745,2820 785,2818 826,2816 866,2813 906,2811 947,2807 987,2804 1027,2799 1068,2795 1108,2787 1149,2781"/>
                <TextEquiv>
                    <Unicode>er Margrott Widmer, die er etwas zychs de</Unicode>
                </TextEquiv>
            </TextLine>
            <TextLine id="r1l38" custom="readingOrder {index:12;}">
                <Coords points="336,2914 478,2895 548,2919 622,2885 689,2914 727,2881 840,2898 1054,2852 1081,2873 1149,2829 1145,2783 1051,2830 989,2803 925,2849 801,2818 772,2852 731,2828 497,2864 438,2838 385,2880 334,2879"/>
                <Baseline points="342,2904 382,2898 422,2895 462,2891 502,2888 542,2885 582,2883 622,2882 662,2880 702,2877 742,2876 782,2873 822,2870 862,2868 902,2865 942,2862 982,2858 1022,2852 1062,2846 1102,2839 1143,2832"/>
                <TextEquiv>
                    <Unicode>vor zur ehe gnommen glan zu kilchen furen welte</Unicode>
                </TextEquiv>
            </TextLine>
            <TextLine id="r1l39" custom="readingOrder {index:13;}">
                <Coords points="329,3004 414,2960 602,2977 720,2940 1054,2922 1096,2947 1156,2898 1146,2848 1117,2873 945,2860 873,2908 823,2885 695,2918 657,2894 549,2919 478,2895 430,2932 322,2912"/>
                <Baseline points="333,2972 373,2965 414,2960 455,2956 496,2952 537,2948 577,2945 618,2942 659,2940 700,2938 741,2936 781,2934 822,2931 863,2930 904,2925 945,2922 985,2918 1026,2913 1067,2908 1108,2901 1149,2894"/>
                <TextEquiv>
                    <Unicode>as er ihm zu bscheid geben, wan er könne und glei</Unicode>
                </TextEquiv>
            </TextLine>
            <TextEquiv>
                <Unicode>ff füytag den 27. tag christmonats des&#13;
abgeloffnen 1612 Jars gungegenwürtigken&#13;
der frommen fürnemmen, fürfictigen wysen&#13;
Hans Rudolff Homs deß klechs Hanil Bisen&#13;
der burgeren, Vnd Hans Rudolff Barwers, Deß&#13;
Wöygels Hatt Jacob Schmid, von Noftlen frsin&#13;
gepiettes folgende mußhandlungen beMartili&#13;
reyen willens, obne marter Verfähen, vnd bei&#13;
kentt.&#13;
Namlichen deß erßen, wielohae sye als vor dech&#13;
Zyts Hans Vlinger von Eybi thene gefragt, wer&#13;
er Margrott Widmer, die er etwas zychs de&#13;
vor zur ehe gnommen glan zu kilchen furen welte&#13;
as er ihm zu bscheid geben, wan er könne und glei</Unicode>
            </TextEquiv>
        </TextRegion>
        <TextRegion orientation="0.0" type="paragraph" id="r2" custom="readingOrder {index:3;} structure {type:paragraph;}">
            <Coords points="1317,307 1322,3118 2321,3118 2316,307"/>
            <TextLine id="r2l2" custom="readingOrder {index:0;}">
                <Coords points="1374,470 1579,406 1661,445 1713,401 1887,389 1959,435 2079,386 2188,419 2280,386 2276,328 2125,281 2066,318 1884,323 1824,357 1646,318 1371,416"/>
                <Baseline points="1379,447 1423,438 1468,430 1513,423 1557,418 1602,412 1647,408 1691,403 1736,401 1781,398 1826,395 1870,394 1915,392 1960,390 2004,389 2049,387 2094,386 2138,384 2183,382 2228,380 2273,377"/>
                <TextEquiv>
                    <Unicode>genheit habe Er steelte er hette sy schon zu klchen</Unicode>
                </TextEquiv>
            </TextLine>
            <TextLine id="r2l3" custom="readingOrder {index:1;} person {offset:24; length:14;}">
                <Coords points="1375,530 1502,477 1751,465 1794,493 1933,445 2151,436 2215,474 2274,438 2271,388 2193,422 2071,396 1961,432 1912,392 1760,429 1713,401 1670,444 1549,433 1514,462 1372,470"/>
                <Baseline points="1379,494 1423,486 1467,480 1512,475 1556,470 1601,465 1645,463 1690,459 1734,457 1779,455 1823,453 1867,452 1912,450 1956,449 2001,447 2045,446 2090,444 2134,443 2179,441 2223,439 2268,437"/>
                <TextEquiv>
                    <Unicode>gfurtt oder aber das er ganvon Pralouw So hab</Unicode>
                </TextEquiv>
            </TextLine>
            <TextLine id="r2l4" custom="readingOrder {index:2;}">
                <Coords points="2208,518 2220,517 2233,526 2241,523 2249,516 2254,516 2257,448 2244,448 2221,469 2210,466"/>
                <Baseline points="2214,509 2249,510"/>
                <TextEquiv>
                    <Unicode>by</Unicode>
                </TextEquiv>
            </TextLine>
            <TextLine id="r2l5" custom="readingOrder {index:3;} person {offset:4; length:8;}">
                <Coords points="1374,568 1520,537 1552,560 1640,526 1681,557 1730,523 1857,516 1966,547 2068,507 2131,537 2195,522 2195,487 2132,454 1899,454 1852,491 1735,465 1703,488 1647,472 1597,509 1500,478 1372,533"/>
                <Baseline points="1379,554 1419,547 1460,541 1500,536 1541,531 1581,527 1622,525 1662,521 1703,519 1743,517 1784,516 1825,515 1865,513 1906,513 1946,513 1987,512 2027,512 2068,512 2108,512 2149,512 2190,510"/>
                <TextEquiv>
                    <Unicode>Ihn Vttinger gkragt, was er dem thutte den er</Unicode>
                </TextEquiv>
            </TextLine>
            <TextLine id="r2l6" custom="readingOrder {index:4;} person {offset:0; length:8;}">
                <Coords points="1365,626 1535,623 1581,586 1778,607 1870,573 1958,602 2114,564 2277,582 2275,535 1906,554 1771,522 1680,559 1520,537 1362,577"/>
                <Baseline points="1370,614 1415,607 1460,600 1505,595 1550,591 1595,586 1640,582 1685,579 1730,577 1775,575 1820,573 1865,571 1910,570 1955,569 2000,567 2045,566 2090,564 2135,564 2180,561 2225,560 2270,558"/>
                <TextEquiv>
                    <Unicode>Prafunde, Vff welliches er anfangs gesagt, er</Unicode>
                </TextEquiv>
            </TextLine>
            <TextLine id="r2l7" custom="readingOrder {index:5;}">
                <Coords points="1368,682 1571,669 1601,641 1711,637 1794,674 1849,635 2254,634 2249,555 2127,605 1869,574 1780,613 1622,588 1510,629 1365,626"/>
                <Baseline points="1374,677 1417,670 1461,664 1504,659 1548,655 1592,649 1635,645 1679,643 1723,639 1766,636 1810,635 1854,633 1897,631 1941,629 1985,629 2028,627 2072,626 2116,624 2159,624 2203,623 2247,621"/>
                <TextEquiv>
                    <Unicode>wuße es nit bald aber habe er sich gelutterett Er</Unicode>
                </TextEquiv>
            </TextLine>
            <TextLine id="r2l8" custom="readingOrder {index:6;} place {offset:33; length:9;}">
                <Coords points="1371,738 1446,761 1504,722 1640,728 1710,696 1745,719 1772,693 1831,734 1896,696 1990,710 2026,687 2129,719 2246,678 2244,653 2160,634 1835,650 1789,678 1753,654 1715,684 1627,651 1546,690 1454,671 1370,720"/>
                <Baseline points="1377,732 1420,726 1463,722 1506,716 1549,711 1592,708 1635,704 1679,702 1722,699 1765,696 1808,693 1851,693 1894,690 1937,689 1981,687 2024,686 2067,686 2110,684 2153,683 2196,681 2240,680"/>
                <TextEquiv>
                    <Unicode>welt Ihm mit thun Er möge wol zu vraligenn</Unicode>
                </TextEquiv>
            </TextLine>
            <TextLine id="r2l9" custom="readingOrder {index:7;}">
                <Coords points="1368,810 1495,786 1601,814 1692,767 1986,750 2069,784 2120,751 2294,744 2291,707 2202,691 2133,724 2060,694 2010,735 1907,693 1850,739 1651,720 1601,753 1503,724 1366,775"/>
                <Baseline points="1374,803 1419,795 1465,789 1511,783 1556,778 1602,772 1648,768 1693,764 1739,761 1785,758 1831,756 1876,753 1922,752 1968,750 2013,749 2059,747 2105,746 2150,744 2196,743 2242,741 2288,740"/>
                <TextEquiv>
                    <Unicode>ess gelte Ihm glych: vnd er solle nur lugen, wie er</Unicode>
                </TextEquiv>
            </TextLine>
            <TextLine id="r2l10" custom="readingOrder {index:8;}">
                <Coords points="1370,897 1616,831 1648,852 1698,823 1747,860 1902,813 2145,838 2284,800 2265,745 2062,787 1984,750 1892,781 1847,757 1817,789 1726,772 1691,806 1647,789 1579,820 1460,791 1364,810"/>
                <Baseline points="1373,861 1418,855 1463,851 1508,846 1553,841 1599,837 1644,833 1689,830 1734,826 1779,824 1825,821 1870,818 1915,814 1960,812 2005,810 2051,807 2096,804 2141,801 2186,799 2231,795 2277,792"/>
                <TextEquiv>
                    <Unicode>sy überreden möge, das sy syns willenspflage ufl</Unicode>
                </TextEquiv>
            </TextLine>
            <TextLine id="r2l11" custom="readingOrder {index:9;}">
                <Coords points="1368,931 1520,941 1553,904 1648,891 1902,917 1967,881 2018,905 2088,874 2255,877 2270,821 2180,853 2025,816 1861,866 1775,841 1690,872 1618,831 1562,876 1518,857 1476,893 1446,874 1366,901"/>
                <Baseline points="1373,920 1417,914 1462,910 1507,906 1551,902 1596,897 1641,895 1685,892 1730,888 1775,887 1820,884 1864,881 1909,879 1954,878 1998,876 2043,875 2088,872 2132,871 2177,869 2222,867 2267,864"/>
                <TextEquiv>
                    <Unicode>das er möge kon erakommen, er wolle hinden nahm</Unicode>
                </TextEquiv>
            </TextLine>
            <TextLine id="r2l12" custom="readingOrder {index:10;}">
                <Coords points="1375,1014 1505,963 1660,959 1722,999 1832,950 1909,981 1968,942 2260,941 2276,879 2176,870 2125,913 2073,880 2004,910 1953,884 1855,928 1652,895 1617,925 1556,903 1501,953 1464,929 1371,944"/>
                <Baseline points="1379,983 1423,977 1468,972 1513,967 1557,964 1602,960 1647,956 1691,954 1736,952 1781,948 1826,946 1870,944 1915,942 1960,940 2004,938 2049,936 2094,935 2138,933 2183,932 2228,930 2273,927"/>
                <TextEquiv>
                    <Unicode>schlychen, vnd ob in Ihn schon by frakinde so welle</Unicode>
                </TextEquiv>
            </TextLine>
            <TextLine id="r2l13" custom="readingOrder {index:11;}">
                <Coords points="1373,1039 1546,1043 1573,1020 1662,1051 1694,1018 1792,1039 1911,1000 1955,1027 2246,985 2244,950 2162,971 2111,938 2046,971 2000,937 1896,992 1831,948 1726,998 1649,958 1602,988 1524,974 1489,1005 1372,1013"/>
                <Baseline points="1379,1037 1422,1033 1465,1028 1508,1025 1551,1023 1594,1020 1637,1018 1680,1016 1723,1014 1766,1012 1809,1010 1852,1008 1895,1006 1938,1005 1981,1002 2024,999 2067,997 2110,993 2153,990 2196,986 2240,980"/>
                <TextEquiv>
                    <Unicode>er ihm doch nit z gaaar synn. Darneben aber</Unicode>
                </TextEquiv>
            </TextLine>
            <TextLine id="r2l14" custom="readingOrder {index:12;}">
                <Coords points="1374,1111 1776,1079 1842,1107 2058,1064 2299,1080 2295,1014 2263,1032 2196,994 2080,1025 2033,998 1988,1031 1720,1016 1659,1070 1572,1039 1518,1078 1424,1032 1371,1053"/>
                <Baseline points="1379,1101 1424,1098 1470,1095 1515,1093 1561,1089 1607,1088 1652,1086 1698,1083 1743,1083 1789,1080 1835,1079 1880,1077 1926,1074 1971,1072 2017,1071 2063,1067 2108,1064 2154,1060 2199,1056 2245,1050 2291,1046"/>
                <TextEquiv>
                    <Unicode>last er auch vormeltett, wie das in tiebor Aun Ehorgrist</Unicode>
                </TextEquiv>
            </TextLine>
            <TextLine id="r2l15" custom="readingOrder {index:13;}">
                <Coords points="1355,1178 1465,1188 1554,1143 1636,1173 1712,1143 1799,1180 1834,1152 1934,1173 1995,1135 2070,1177 2168,1119 2298,1119 2296,1090 2133,1097 2063,1067 1980,1114 1579,1091 1353,1145"/>
                <Baseline points="1361,1167 1407,1161 1454,1157 1500,1153 1547,1149 1593,1146 1640,1143 1686,1141 1733,1139 1779,1137 1826,1136 1872,1134 1919,1133 1965,1131 2012,1130 2058,1128 2105,1126 2151,1124 2198,1121 2244,1117 2291,1113"/>
                <TextEquiv>
                    <Unicode>keritt sye damit er begunstigung erlangtte oban¬</Unicode>
                </TextEquiv>
            </TextLine>
            <TextLine id="r2l16" custom="readingOrder {index:14;} person {offset:8; length:16;}">
                <Coords points="1357,1261 1402,1224 1444,1252 1544,1206 1619,1240 1686,1201 1710,1223 2121,1190 2225,1228 2277,1210 2273,1120 2199,1179 2138,1140 2070,1177 1990,1151 1788,1182 1719,1149 1629,1178 1593,1152 1355,1206"/>
                <Baseline points="1362,1224 1407,1221 1452,1219 1498,1216 1543,1212 1589,1211 1634,1209 1679,1206 1725,1203 1770,1202 1816,1199 1861,1197 1906,1196 1952,1195 1997,1194 2043,1193 2088,1191 2133,1191 2179,1191 2224,1191 2270,1191"/>
                <TextEquiv>
                    <Unicode>geregte Margiett Reidmen zu filchen skuren Er</Unicode>
                </TextEquiv>
            </TextLine>
            <TextLine id="r2l17" custom="readingOrder {index:15;}">
                <Coords points="1370,1323 1713,1270 1874,1291 2024,1265 2079,1302 2130,1258 2235,1258 2272,1284 2328,1269 2323,1152 2228,1231 2173,1198 2054,1245 1907,1206 1854,1244 1766,1206 1651,1254 1544,1206 1367,1254"/>
                <Baseline points="1374,1293 1421,1289 1468,1286 1516,1282 1563,1279 1610,1275 1658,1273 1705,1271 1752,1268 1800,1266 1847,1264 1894,1263 1942,1262 1989,1259 2036,1257 2084,1257 2131,1256 2178,1254 2226,1253 2273,1251 2321,1250"/>
                <TextEquiv>
                    <Unicode>sye aber dadannen fur nin 4. R. einen Ersamen khre</Unicode>
                </TextEquiv>
            </TextLine>
            <TextLine id="r2l18" custom="readingOrder {index:16;}">
                <Coords points="1371,1355 2145,1320 2212,1353 2282,1326 2279,1253 2217,1296 2149,1260 2083,1302 2014,1271 1822,1269 1757,1299 1705,1271 1607,1303 1579,1282 1505,1325 1415,1298 1370,1329"/>
                <Baseline points="1377,1347 1424,1346 1471,1343 1518,1340 1566,1338 1613,1335 1660,1332 1708,1331 1755,1329 1802,1328 1850,1325 1897,1324 1944,1322 1992,1321 2039,1320 2086,1319 2134,1319 2181,1317 2228,1317 2276,1317"/>
                <TextEquiv>
                    <Unicode>allhie ewisenn wordenn, vnd wie wol er willens ghin</Unicode>
                </TextEquiv>
            </TextLine>
            <TextLine id="r2l19" custom="readingOrder {index:17;}">
                <Coords points="1374,1449 1570,1406 1741,1397 1786,1425 1851,1390 2219,1403 2268,1391 2266,1326 2211,1353 2145,1321 2090,1367 2037,1329 1993,1349 1941,1326 1836,1376 1718,1330 1371,1359"/>
                <Baseline points="1379,1418 1423,1414 1467,1410 1511,1407 1555,1403 1599,1401 1643,1398 1688,1395 1732,1394 1776,1392 1820,1391 1864,1389 1908,1388 1952,1387 1997,1386 2041,1385 2085,1385 2129,1385 2173,1385 2217,1383 2262,1383"/>
                <TextEquiv>
                    <Unicode>daselbsten vmb vnwilligungangehalten, so hab In</Unicode>
                </TextEquiv>
            </TextLine>
            <TextLine id="r2l20" custom="readingOrder {index:18;}">
                <Coords points="1353,1503 2016,1457 2098,1495 2130,1462 2241,1459 2240,1426 2125,1392 2058,1439 1992,1386 1898,1441 1678,1405 1572,1407 1480,1456 1407,1418 1351,1439"/>
                <Baseline points="1359,1482 1402,1479 1446,1476 1490,1473 1534,1471 1578,1469 1621,1467 1665,1464 1709,1462 1753,1461 1797,1459 1840,1458 1884,1457 1928,1455 1972,1455 2016,1454 2059,1454 2103,1454 2147,1452 2191,1452 2235,1452"/>
                <TextEquiv>
                    <Unicode>doch dercosten abgewendt, dan er Vermeint ghan, er</Unicode>
                </TextEquiv>
            </TextLine>
            <TextLine id="r2l21" custom="readingOrder {index:19;}">
                <Coords points="1362,1545 1545,1563 1881,1529 1943,1564 1994,1527 2051,1555 2171,1521 2247,1552 2303,1534 2281,1461 2214,1488 2173,1463 2116,1500 1869,1467 1772,1511 1642,1474 1521,1480 1489,1513 1459,1485 1361,1496"/>
                <Baseline points="1368,1539 1414,1538 1460,1538 1507,1537 1553,1536 1600,1535 1646,1533 1693,1532 1739,1530 1786,1527 1832,1526 1878,1524 1925,1523 1971,1521 2018,1520 2064,1518 2111,1517 2157,1517 2204,1517 2250,1517 2297,1518"/>
                <TextEquiv>
                    <Unicode>wurde solches ohne eesten nit erlangen mögen, Inmassen</Unicode>
                </TextEquiv>
            </TextLine>
            <TextLine id="r2l22" custom="readingOrder {index:20;}">
                <Coords points="1355,1616 1506,1603 1563,1648 1621,1599 1677,1621 2234,1586 2310,1617 2309,1540 2260,1575 2171,1520 2068,1564 2026,1537 1942,1565 1904,1535 1835,1558 1734,1533 1647,1580 1506,1541 1431,1579 1354,1552"/>
                <Baseline points="1361,1602 1408,1602 1455,1601 1502,1601 1549,1601 1596,1599 1643,1599 1691,1598 1738,1598 1785,1596 1832,1595 1879,1595 1926,1593 1973,1593 2021,1593 2068,1592 2115,1592 2162,1592 2209,1592 2256,1593 2304,1593"/>
                <TextEquiv>
                    <Unicode>das ers vnderlaßsen, Nach wärdts habe er das hochzytt n</Unicode>
                </TextEquiv>
            </TextLine>
            <TextLine id="r2l23" custom="readingOrder {index:21;}">
                <Coords points="1374,1683 1952,1651 2137,1685 2184,1651 2265,1664 2296,1606 2128,1591 2048,1620 2007,1594 1931,1631 1871,1593 1673,1638 1623,1599 1563,1646 1506,1603 1442,1637 1373,1618"/>
                <Baseline points="1379,1664 1424,1664 1470,1664 1515,1664 1561,1662 1607,1662 1652,1662 1698,1661 1743,1661 1789,1659 1835,1659 1880,1658 1926,1656 1971,1656 2017,1655 2063,1653 2108,1652 2154,1651 2199,1650 2245,1649 2291,1647"/>
                <TextEquiv>
                    <Unicode>inem Beymatangestels Aber es habe abgedacht Wid</Unicode>
                </TextEquiv>
            </TextLine>
            <TextLine id="r2l24" custom="readingOrder {index:22;}">
                <Coords points="1361,1727 1570,1747 1888,1708 2010,1759 2274,1725 2274,1668 2182,1653 2118,1691 1949,1650 1900,1676 1780,1656 1712,1704 1605,1707 1549,1666 1360,1692"/>
                <Baseline points="1367,1718 1412,1718 1457,1718 1502,1718 1547,1718 1592,1718 1637,1718 1682,1718 1727,1718 1772,1718 1817,1718 1862,1718 1907,1718 1952,1718 1997,1718 2042,1718 2087,1717 2132,1716 2177,1716 2222,1716 2268,1716"/>
                <TextEquiv>
                    <Unicode>eweun nit dahin sonen wellen Vngeacht, das sey durch</Unicode>
                </TextEquiv>
            </TextLine>
            <TextLine id="r2l25" custom="readingOrder {index:23;}">
                <Coords points="1347,1821 1664,1777 2247,1801 2286,1789 2286,1721 2151,1759 1923,1728 1825,1751 1773,1715 1539,1756 1347,1741"/>
                <Baseline points="1353,1782 1399,1780 1445,1779 1492,1777 1538,1776 1584,1776 1631,1775 1677,1775 1723,1775 1770,1776 1816,1776 1862,1776 1909,1778 1955,1778 2001,1779 2048,1779 2094,1779 2140,1780 2187,1781 2233,1781 2280,1781"/>
                <TextEquiv>
                    <Unicode>Ihn Jahin erkordrett und pruft worden. sonder habe im</Unicode>
                </TextEquiv>
            </TextLine>
            <TextLine id="r2l26" custom="readingOrder {index:24;}">
                <Coords points="1368,1863 1415,1882 1539,1838 1633,1883 1701,1842 1756,1868 1918,1835 2124,1850 2161,1880 2268,1850 2268,1824 2197,1801 2004,1805 1908,1774 1836,1806 1784,1777 1662,1818 1588,1785 1369,1821"/>
                <Baseline points="1374,1844 1418,1842 1462,1839 1507,1838 1551,1837 1596,1836 1640,1836 1684,1836 1729,1836 1773,1837 1818,1838 1862,1839 1906,1839 1951,1841 1995,1842 2040,1843 2084,1844 2128,1845 2173,1845 2217,1845 2262,1845"/>
                <TextEquiv>
                    <Unicode>gegen teil sich an gwußen orten verlutten lassenn</Unicode>
                </TextEquiv>
            </TextLine>
            <TextLine id="r2l27" custom="readingOrder {index:25;} person {offset:12; length:9;}">
                <Coords points="1368,1917 1596,1899 1711,1936 1827,1903 1975,1936 2206,1900 2278,1933 2262,1848 2160,1880 2029,1845 1980,1881 1853,1854 1621,1884 1538,1838 1424,1886 1369,1862"/>
                <Baseline points="1374,1907 1421,1905 1468,1902 1515,1901 1563,1899 1610,1898 1657,1898 1705,1898 1752,1898 1799,1899 1847,1899 1894,1901 1941,1902 1989,1902 2036,1904 2083,1905 2131,1906 2178,1907 2225,1908 2273,1908"/>
                <TextEquiv>
                    <Unicode>Was sey dem Leyburger nachfrage: sey welle kein</Unicode>
                </TextEquiv>
            </TextLine>
            <TextLine id="r2l28" custom="readingOrder {index:26;}">
                <Coords points="1335,2011 1378,1987 1436,1981 1471,1997 1505,1975 1532,1983 1562,1969 1603,1979 1646,1974 1645,1942 1622,1943 1564,1906 1544,1921 1518,1910 1483,1923 1452,1912 1424,1930 1390,1915 1356,1947 1333,1949"/>
                <Baseline points="1340,1970 1365,1969 1390,1968 1415,1967 1440,1967 1465,1965 1490,1965 1515,1964 1540,1963 1565,1962 1590,1962 1615,1962 1640,1961"/>
                <TextEquiv>
                    <Unicode>fryburglehalten.</Unicode>
                </TextEquiv>
            </TextLine>
            <TextLine id="r2l29" custom="readingOrder {index:27;}">
                <Coords points="1332,2094 1390,2114 1450,2072 1781,2057 2057,2094 2087,2069 2208,2077 2208,1983 2056,2051 1956,1977 1877,2023 1734,1971 1643,2015 1569,1993 1473,2026 1409,1984 1332,2018"/>
                <Baseline points="1338,2069 1381,2066 1424,2064 1467,2063 1510,2063 1554,2061 1597,2061 1640,2061 1683,2061 1726,2061 1770,2061 1813,2063 1856,2063 1899,2064 1942,2064 1986,2066 2029,2066 2072,2067 2115,2067 2158,2069 2202,2069"/>
                <TextEquiv>
                    <Unicode>Ertlichen halle bekent, das er kl ein eyt al</Unicode>
                </TextEquiv>
            </TextLine>
            <TextLine id="r2l30" custom="readingOrder {index:28;} place {offset:40; length:5;}">
                <Coords points="1370,2142 1883,2116 1996,2163 2049,2129 2177,2132 2177,2085 2093,2072 2039,2105 1958,2082 1887,2105 1782,2058 1656,2106 1548,2061 1466,2111 1371,2080"/>
                <Baseline points="1376,2129 1415,2126 1455,2124 1495,2123 1535,2121 1574,2120 1614,2120 1654,2120 1694,2120 1733,2120 1773,2120 1813,2121 1853,2121 1892,2123 1932,2124 1972,2126 2012,2126 2051,2127 2091,2129 2131,2129 2171,2130"/>
                <TextEquiv>
                    <Unicode>hinnen ab einem mantt kommen sich gegen kttin</Unicode>
                </TextEquiv>
            </TextLine>
            <TextLine id="r2l31" custom="readingOrder {index:29;}">
                <Coords points="1761,2164 1776,2161 1794,2171 1806,2162 1840,2170 1874,2160 1904,2172 1930,2173 1931,2147 1910,2132 1904,2137 1884,2117 1856,2136 1836,2123 1762,2133"/>
                <Baseline points="1767,2153 1793,2154 1819,2154 1846,2156 1872,2157 1898,2157 1925,2160"/>
                <TextEquiv>
                    <Unicode>erhutterett</Unicode>
                </TextEquiv>
            </TextLine>
            <TextLine id="r2l32" custom="readingOrder {index:30;}">
                <Coords points="1370,2198 1447,2218 1549,2192 1609,2232 1698,2191 1755,2212 1801,2190 2125,2207 2151,2197 2151,2132 1914,2174 1760,2166 1711,2125 1572,2164 1523,2123 1451,2169 1370,2163"/>
                <Baseline points="1376,2189 1414,2187 1452,2186 1491,2184 1529,2184 1568,2184 1606,2184 1645,2184 1683,2184 1722,2186 1760,2186 1798,2187 1837,2187 1875,2189 1914,2189 1952,2190 1991,2190 2029,2191 2068,2192 2106,2192 2145,2192"/>
                <TextEquiv>
                    <Unicode>erongkaid antrofenn, berunet habe das e</Unicode>
                </TextEquiv>
            </TextLine>
            <TextLine id="r2l33" custom="readingOrder {index:31;}">
                <Coords points="1362,2251 1710,2243 1848,2276 1981,2252 2028,2276 2148,2249 2149,2198 1990,2234 1918,2193 1737,2197 1666,2227 1618,2193 1547,2224 1492,2191 1459,2216 1362,2216"/>
                <Baseline points="1368,2243 1406,2241 1445,2241 1484,2241 1522,2241 1561,2241 1600,2241 1638,2241 1677,2242 1716,2243 1755,2244 1793,2244 1832,2246 1871,2246 1909,2247 1948,2247 1987,2249 2025,2249 2064,2250 2103,2250 2142,2250"/>
                <TextEquiv>
                    <Unicode>einer dienen dinmal vergaßenn, de habe </Unicode>
                </TextEquiv>
            </TextLine>
            <TextLine id="r2l34" custom="readingOrder {index:32;}">
                <Coords points="1361,2309 1447,2341 1514,2308 1676,2307 1707,2327 1870,2317 1909,2344 1984,2311 2114,2326 2115,2253 1981,2290 1954,2266 1842,2285 1788,2253 1740,2275 1706,2244 1662,2275 1593,2251 1540,2282 1507,2252 1469,2272 1403,2242 1361,2270"/>
                <Baseline points="1367,2304 1404,2303 1441,2303 1478,2303 1515,2303 1552,2303 1589,2303 1626,2304 1663,2304 1700,2306 1738,2306 1775,2307 1812,2307 1849,2309 1886,2309 1923,2310 1960,2310 1997,2310 2034,2310 2071,2310 2109,2309"/>
                <TextEquiv>
                    <Unicode>allein schimpfswyß grott, dan es sye Ihmen</Unicode>
                </TextEquiv>
            </TextLine>
            <TextLine id="r2l35" custom="readingOrder {index:33;}">
                <Coords points="1346,2393 1497,2372 1552,2406 1621,2374 1747,2404 1880,2376 1916,2400 2020,2379 2102,2404 2119,2337 2059,2309 1921,2347 1799,2316 1738,2340 1649,2308 1484,2356 1392,2305 1346,2338"/>
                <Baseline points="1352,2378 1390,2376 1428,2374 1466,2372 1504,2372 1542,2370 1580,2370 1618,2370 1656,2370 1694,2370 1732,2370 1770,2372 1808,2372 1846,2372 1884,2373 1922,2373 1960,2375 1998,2376 2036,2376 2074,2378 2112,2378"/>
                <TextEquiv>
                    <Unicode>kommen, vegstalt zemußhandlen, vnd Vile</Unicode>
                </TextEquiv>
            </TextLine>
            <TextLine id="r2l36" custom="readingOrder {index:34;}">
                <Coords points="1371,2441 1405,2441 1418,2430 1446,2450 1461,2440 1480,2448 1512,2430 1583,2443 1583,2413 1520,2396 1494,2374 1471,2397 1456,2396 1447,2405 1420,2394 1407,2401 1371,2400"/>
                <Baseline points="1377,2429 1402,2430 1427,2430 1452,2429 1477,2429 1502,2429 1527,2430 1552,2431 1577,2433"/>
                <TextEquiv>
                    <Unicode>ers gethann.</Unicode>
                </TextEquiv>
            </TextLine>
            <TextLine id="r2l37" custom="readingOrder {index:35;}">
                <Coords points="1362,2613 1499,2574 1675,2568 1719,2591 1752,2572 1867,2607 1921,2570 2108,2564 2107,2489 2011,2498 1924,2549 1848,2539 1795,2498 1686,2526 1595,2494 1566,2515 1505,2477 1413,2525 1361,2494"/>
                <Baseline points="1368,2571 1404,2570 1441,2569 1478,2568 1514,2568 1551,2567 1588,2567 1624,2567 1661,2566 1698,2565 1735,2565 1771,2565 1808,2565 1845,2565 1881,2564 1918,2564 1955,2564 1991,2563 2028,2562 2065,2562 2102,2561"/>
                <TextEquiv>
                    <Unicode>f solbe syn fleidth kegen gere mis ande</Unicode>
                </TextEquiv>
            </TextLine>
            <TextLine id="r2l38" custom="readingOrder {index:36;}">
                <Coords points="1369,2643 1438,2671 1578,2628 1733,2623 1775,2655 1833,2623 2063,2663 2088,2655 2087,2569 1969,2571 1935,2603 1902,2580 1803,2602 1671,2568 1368,2605"/>
                <Baseline points="1374,2625 1409,2625 1444,2625 1480,2625 1515,2625 1551,2624 1586,2624 1621,2622 1657,2622 1692,2622 1728,2621 1763,2621 1798,2619 1834,2619 1869,2619 1905,2618 1940,2618 1975,2618 2011,2618 2046,2619 2082,2619"/>
                <TextEquiv>
                    <Unicode>nun g. h. Bhätt und Burger zu recht erkent</Unicode>
                </TextEquiv>
            </TextLine>
            <TextLine id="r2l39" custom="readingOrder {index:37;}">
                <Coords points="1317,2742 1525,2723 1653,2730 1683,2757 1710,2730 1834,2724 1880,2754 1960,2725 2004,2758 2106,2722 2090,2647 2061,2672 1787,2650 1707,2706 1634,2642 1514,2704 1316,2638"/>
                <Baseline points="1322,2733 1360,2730 1399,2727 1438,2726 1477,2724 1516,2723 1555,2723 1594,2723 1633,2721 1672,2723 1711,2723 1749,2723 1788,2723 1827,2723 1866,2723 1905,2723 1944,2723 1983,2721 2022,2720 2061,2719 2100,2717"/>
                <TextEquiv>
                    <Unicode>Das er ein stund langan das Balsihen gste</Unicode>
                </TextEquiv>
            </TextLine>
            <TextLine id="r2l40" custom="readingOrder {index:38;}">
                <Coords points="1355,2800 1424,2780 1507,2808 1556,2779 1647,2803 1714,2776 1954,2793 2033,2774 2070,2800 2069,2728 2004,2723 1879,2754 1836,2726 1798,2750 1709,2731 1625,2762 1523,2725 1355,2763"/>
                <Baseline points="1361,2781 1396,2780 1431,2777 1466,2776 1501,2775 1536,2774 1571,2774 1607,2774 1642,2774 1677,2774 1712,2774 1747,2774 1782,2774 1817,2774 1853,2775 1888,2774 1923,2774 1958,2774 1993,2772 2028,2771 2064,2769"/>
                <TextEquiv>
                    <Unicode>Demnach voff ein geschworen vrphend, das er</Unicode>
                </TextEquiv>
            </TextLine>
            <TextLine id="r2l41" custom="readingOrder {index:39;}">
                <Coords points="1355,2835 1496,2822 1578,2854 1616,2829 1719,2840 1748,2817 1779,2835 1906,2824 1949,2847 2064,2827 2064,2794 2038,2774 1905,2810 1860,2779 1753,2798 1715,2777 1647,2803 1612,2778 1514,2807 1431,2789 1355,2808"/>
                <Baseline points="1361,2826 1395,2825 1430,2825 1465,2823 1500,2823 1535,2822 1570,2822 1604,2822 1639,2822 1674,2822 1709,2822 1744,2822 1779,2823 1814,2823 1848,2823 1883,2823 1918,2823 1953,2822 1988,2822 2023,2822 2058,2820"/>
                <TextEquiv>
                    <Unicode>an niemand rechen wolle vnd wan er sich wi</Unicode>
                </TextEquiv>
            </TextLine>
            <TextLine id="r2l42" custom="readingOrder {index:40;}">
                <Coords points="1355,2898 1487,2869 1784,2870 1817,2895 1903,2867 1934,2895 2036,2874 2036,2835 1935,2851 1803,2824 1723,2848 1680,2825 1596,2851 1493,2821 1416,2857 1354,2844"/>
                <Baseline points="1361,2879 1394,2875 1427,2872 1461,2870 1494,2867 1528,2867 1561,2865 1595,2865 1628,2865 1662,2867 1695,2867 1728,2867 1762,2868 1795,2868 1829,2870 1862,2870 1896,2870 1929,2869 1963,2868 1996,2867 2030,2865"/>
                <TextEquiv>
                    <Unicode>Ihm alldan nuws, vnd alts zusamen gmä</Unicode>
                </TextEquiv>
            </TextLine>
            <TextLine id="r2l43" custom="readingOrder {index:41;}">
                <Coords points="1361,2941 1433,2912 1551,2965 1617,2923 1651,2943 1699,2920 1748,2942 1847,2923 1896,2950 2014,2930 2014,2875 1937,2900 1901,2867 1827,2900 1783,2874 1742,2896 1684,2872 1649,2896 1558,2871 1489,2896 1425,2873 1361,2909"/>
                <Baseline points="1367,2922 1399,2919 1431,2916 1463,2915 1495,2913 1527,2913 1559,2913 1591,2913 1623,2913 1655,2915 1688,2915 1720,2915 1752,2916 1784,2916 1816,2918 1848,2918 1880,2918 1912,2916 1944,2916 1976,2913 2009,2912"/>
                <TextEquiv>
                    <Unicode>midt dem eydt zun synn heymat gwisen</Unicode>
                </TextEquiv>
            </TextLine>
            <TextLine id="r2l44" custom="readingOrder {index:42;}">
                <Coords points="1379,3034 1432,3001 1554,3028 1643,2994 1817,3024 1921,2971 2015,2962 2015,2931 1785,2972 1748,2942 1636,2955 1604,2931 1553,2967 1521,2939 1448,2939 1412,2915 1380,2930"/>
                <Baseline points="1385,2997 1416,2996 1447,2995 1478,2994 1509,2994 1541,2994 1572,2994 1603,2994 1634,2994 1665,2994 1697,2996 1728,2996 1759,2996 1790,2997 1821,2997 1853,2997 1884,2997 1915,2997 1946,2997 1977,2996 2009,2994"/>
                <TextEquiv>
                    <Unicode>Pfsambstag en 12. januari 6</Unicode>
                </TextEquiv>
            </TextLine>
            <TextLine id="r2l45" custom="readingOrder {index:43;}">
                <Coords points="1369,3055 1429,3057 1464,3042 1516,3066 1595,3042 1620,3052 1639,3043 1718,3065 1739,3057 1739,3015 1707,3002 1684,3015 1645,2995 1591,3000 1554,3026 1468,3019 1449,3002 1427,3004 1400,3030 1368,3019"/>
                <Baseline points="1374,3045 1399,3044 1425,3042 1450,3041 1476,3041 1502,3039 1527,3039 1553,3039 1579,3039 1604,3039 1630,3041 1656,3041 1681,3041 1707,3041 1733,3041"/>
                <TextEquiv>
                    <Unicode>in ihm erstattett worden.</Unicode>
                </TextEquiv>
            </TextLine>
            <TextLine id="r2l46" custom="readingOrder {index:44;}">
                <Coords points="1404,3110 1425,3119 1464,3103 1494,3108 1523,3101 1533,3110 1599,3115 1631,3105 1632,3071 1615,3068 1599,3051 1575,3065 1545,3058 1508,3074 1480,3062 1450,3075 1430,3059 1404,3064"/>
                <Baseline points="1410,3104 1436,3101 1463,3101 1490,3101 1517,3101 1544,3102 1571,3103 1598,3104 1625,3105"/>
                <TextEquiv>
                    <Unicode>Waib sievor</Unicode>
                </TextEquiv>
            </TextLine>
            <TextEquiv>
                <Unicode>genheit habe Er steelte er hette sy schon zu klchen&#13;
gfurtt oder aber das er ganvon Pralouw So hab&#13;
by&#13;
Ihn Vttinger gkragt, was er dem thutte den er&#13;
Prafunde, Vff welliches er anfangs gesagt, er&#13;
wuße es nit bald aber habe er sich gelutterett Er&#13;
welt Ihm mit thun Er möge wol zu vraligenn&#13;
ess gelte Ihm glych: vnd er solle nur lugen, wie er&#13;
sy überreden möge, das sy syns willenspflage ufl&#13;
das er möge kon erakommen, er wolle hinden nahm&#13;
schlychen, vnd ob in Ihn schon by frakinde so welle&#13;
er ihm doch nit z gaaar synn. Darneben aber&#13;
last er auch vormeltett, wie das in tiebor Aun Ehorgrist&#13;
keritt sye damit er begunstigung erlangtte oban¬&#13;
geregte Margiett Reidmen zu filchen skuren Er&#13;
sye aber dadannen fur nin 4. R. einen Ersamen khre&#13;
allhie ewisenn wordenn, vnd wie wol er willens ghin&#13;
daselbsten vmb vnwilligungangehalten, so hab In&#13;
doch dercosten abgewendt, dan er Vermeint ghan, er&#13;
wurde solches ohne eesten nit erlangen mögen, Inmassen&#13;
das ers vnderlaßsen, Nach wärdts habe er das hochzytt n&#13;
inem Beymatangestels Aber es habe abgedacht Wid&#13;
eweun nit dahin sonen wellen Vngeacht, das sey durch&#13;
Ihn Jahin erkordrett und pruft worden. sonder habe im&#13;
gegen teil sich an gwußen orten verlutten lassenn&#13;
Was sey dem Leyburger nachfrage: sey welle kein&#13;
fryburglehalten.&#13;
Ertlichen halle bekent, das er kl ein eyt al&#13;
hinnen ab einem mantt kommen sich gegen kttin&#13;
erhutterett&#13;
erongkaid antrofenn, berunet habe das e&#13;
einer dienen dinmal vergaßenn, de habe &#13;
allein schimpfswyß grott, dan es sye Ihmen&#13;
kommen, vegstalt zemußhandlen, vnd Vile&#13;
ers gethann.&#13;
f solbe syn fleidth kegen gere mis ande&#13;
nun g. h. Bhätt und Burger zu recht erkent&#13;
Das er ein stund langan das Balsihen gste&#13;
Demnach voff ein geschworen vrphend, das er&#13;
an niemand rechen wolle vnd wan er sich wi&#13;
Ihm alldan nuws, vnd alts zusamen gmä&#13;
midt dem eydt zun synn heymat gwisen&#13;
Pfsambstag en 12. januari 6&#13;
in ihm erstattett worden.&#13;
Waib sievor</Unicode>
            </TextEquiv>
        </TextRegion>
    </Page>
</PcGts>
