2448 3264
402 197 1191 461 eelen eten
415 257 1158 499 ertert a e
410 333 1172 567 e egeh logense dee
410 391 1180 648 be hes gitlig
396 476 1185 698 Er sye aber dadannen fue ein Esamen Rhatt
395 560 1158 756 gwisenn worden. Vnd wie wol in willens gsin
372 615 1153 810 daselbsten Vmb Vorwilligungende halten,
372 675 1178 889 so hab Ehn Joch der coßten abgeschreckt, den m Vor¬
395 775 1156 944 meint ghan, er wurde sölliches ohne erstenn
397 842 1183 1025 if erlangen mögen, Also das er es vnderlaßen
370 909 1117 1068 Nachwerdts habe in das hochtytt zu sinem
362 982 1141 1144 heymat angstelt, aber es habe obgemelte
364 1060 1135 1188 sin domalige Versprochne uit dahin korden
372 1128 1143 1284 wollenn, Vngeacht sy dahin erporderet worden
358 1219 1135 1335 sonder Ihm gegen theil sich angwußen orten
365 1277 1150 1404 verluffen laßsen, Was so dem Eryburger nadh
359 1354 1096 1477 frage, Sy wolle kein fryburg thalenn.
349 1442 1157 1586 Entlichen betreffend, dier sich gegen Vtlung
346 1536 1119 1633 srumpt habenn sölle, das er sich mit einer
347 1593 1165 1699 dirnen diemal vergäßenn habe, Sye es lohn
347 1649 1128 1756 das er solches zu Ihm grott aber es sye allein
341 1716 1116 1826 In schimpfs wyß gschechen, dan es sye Ihm
336 1775 1140 1884 nie Iun sumkomen Irgstalt zmußhandlen,
341 1843 896 1943 Vnd vil nun der habe ersthen.
317 1912 1148 2050 Prtoff trungenliches vmb gnad, vnnd ver¬
331 2008 549 2107 zyhung.
740 2120 839 2180 58 60
309 2129 1151 2277 Viae Hernach pagina 8lt 4 nechst folgend
1357 273 2207 487 Aecht ungesen us
1486 384 2160 527 dem Güggearg der herr
1497 442 2112 603 1 chafft Schwartzennburg
2167 592 2208 603 Weden pf 23 decembr 1617 imm der krommenn
1984 603 2133 667 I bshen
1364 603 2294 791 Weden pf 23 decembr 1617 imm der krommenn
1379 634 2315 827 furnommenn, fursichtigenn, wysenn Herrn Hans Rludolff
1497 603 1524 604 1 chafft Schwartzennburg
1366 717 2319 884 Hubers, toß kleinen Gotts, Jacob Moniers der Burgeren
1379 778 2306 932 vnnd Hans Rudolff darwers, großweybels, Albrechtt
1368 843 2342 997 Ringdsten, Vß dem Buggisworg, der Herrschafft Schwart
1378 879 2351 1046 Jurg purtig, vber gezigte sachenn zu Marzili mit marte
1380 965 2348 1115 epaminders, vnnd erfecklt wordenn; Hatt er sich vff nach
1380 1056 1830 1176 eshibne form vbrsprochenn.
1381 1096 2298 1258 vanlicenn Ieserstenn, ander flragt wordenn, Wol ene
1376 1203 2315 1326 mit dem geltt kommenn, das er säglihenn zeberthun und zu bon
1366 1219 2335 1362 Herrn gsan. Hatter zu bscheid gebenn, er habe ein gutte volt
1372 1303 2307 1413 daser einem schmid Im Buggisporg Kolett Mitt welcher
1367 1366 2319 1481 erbeitten Ihme by sichß fronenn abtbordienett. Das er als
1370 1436 2337 1530 eiicenn nutzer entkömbdett oder deemalen einichen sost
1364 1494 2311 1616 Vffgebrochen, oder golffen habe vpprechenn, Sio nit wee
1355 1575 2327 1711 Natdisem Ister greacht orden ob er ih Jacken vffei
1351 1674 2303 1764 bergein großenn allpfostel entragenn, vnnd Jas yfen Jacab
1355 1717 2267 1809 quordenn, vnnd es verschmidett. Satb er geantwortett
1356 1789 2289 1888 Nein, es sye gentzlich nit lhar, das er Termal ein sölchen
1361 1842 2221 1930 kofel eit kömbdett. Wol so os War ds er etliche
1355 1916 2187 2003 gschmidelt, oder schmiden lassenn, er habe aber ein theil daß
1365 1974 2142 2059 vom Uli iher vborkommenn, der ihmettliche stun
1368 2039 2151 2140 radtschinnen habind argfage achthalb elund gwegen
1362 2098 2140 2205 steltt Jannn er Ihne Eyer bezaltt, Denne habe
1346 2156 2165 2257 Peter Kasen ettliche kasonn vmb zwo achsten
1359 2218 2152 2330 tenen vnd ein nuwe trtin verzuschett, Nun
1350 2280 2125 2365 Thail diß ysens als auch einer alten Hallparten
1344 2346 2128 2440 gsin habber acht wlysenn laßen schundenn. W
1350 2405 2104 2501 istenn habe er nit ghann vnnd so fere sye es d
1350 2468 2079 2567 Ackesel enteumbdith, vn ds er Iin gungste
1361 2532 2039 2635 solden diebstal mitt wuste, so lohan Ihm
1351 2580 2080 2695 sille, Vnd wan er es wuste, wolle ers fur
1341 2672 1500 2748 anzeigen.
1351 2692 2096 2823 Vnd doman en gflaß, Vaharer mit ander
1343 2788 2061 2874 kommenn halber zu bscheid gebenn, doß weybel
1334 2838 2000 2939 sperg sin habind ihme by einem dentn
