<?xml version="1.0" encoding="UTF-8" standalone="yes"?>
<PcGts xmlns="http://schema.primaresearch.org/PAGE/gts/pagecontent/2013-07-15" xmlns:xsi="http://www.w3.org/2001/XMLSchema-instance" xsi:schemaLocation="http://schema.primaresearch.org/PAGE/gts/pagecontent/2013-07-15 http://schema.primaresearch.org/PAGE/gts/pagecontent/2013-07-15/pagecontent.xsd">
    <Metadata>
        <Creator>prov=University of Rostock/Institute of Mathematics/CITlab|PLANET AI GmbH/Gundram Leifert/gundram.leifert@planet-ai.de:name=German_Kurrent_XVI-XVIII_M1(htr_id=19584)::::v=2.6.7
prov=University of Rostock/Institute of Mathematics/CITlab|PLANET AI GmbH/Tobias Gruening/tobias.gruening@planet-ai.de:name=de.uros.citlab.module.baseline2polygon.B2PSeamMultiOriented:v=2.6.7
prov=University of Rostock/Institute of Mathematics/CITlab|PLANET AI GmbH/Tobias Gruening/tobias.gruening@planet-ai.de:name=/net_tf/LA73_249_0mod360.pb:de.uros.citlab.segmentation.CITlab_LA_ML:v=2.6.6
Transkribus</Creator>
        <Created>2020-10-05T08:39:54.940+02:00</Created>
        <LastChange>2023-06-12T21:00:07.260+02:00</LastChange>
        <Comments>Auto-rotated according to EXIF orientation = 6</Comments>
        <TranskribusMetadata docId="1334809" pageId="52358836" pageNr="55" tsid="126774919" status="IN_PROGRESS" userId="68497" imgUrl="https://files.transkribus.eu/Get?id=PKCKRZJGNRFJAHRKYIOQHXTZ&amp;fileType=view" xmlUrl="https://files.transkribus.eu/Get?id=OAGOOXEBWOQWFPNIRTGJXLSL" imageId="16062719"/>
    </Metadata>
    <Page imageFilename="turmbücher 459_00055-20200922_100042.jpg" imageWidth="2448" imageHeight="3264">
        <ReadingOrder>
            <OrderedGroup id="ro_1687513837537" caption="Regions reading order">
                <RegionRefIndexed index="0" regionRef="r1"/>
                <RegionRefIndexed index="1" regionRef="r3"/>
                <RegionRefIndexed index="2" regionRef="r2"/>
            </OrderedGroup>
        </ReadingOrder>
        <TextRegion orientation="0.0" type="paragraph" id="r1" custom="readingOrder {index:0;} structure {type:paragraph;}">
            <Coords points="186,447 186,3175 1025,3175 1025,447"/>
            <TextLine id="r1l1" custom="readingOrder {index:0;} place {offset:3; length:8;}">
                <Coords points="216,522 460,538 525,508 583,532 654,500 946,466 992,489 1031,466 1028,431 984,420 871,457 757,411 533,488 316,503 212,470"/>
                <Baseline points="221,519 261,519 301,519 341,518 381,516 422,514 462,512 502,507 542,504 582,501 623,498 663,495 703,490 743,488 783,484 824,481 864,478 904,476 944,474 984,473 1025,473"/>
                <TextEquiv>
                    <Unicode>Zu Oberöntz den Agithis huß habe er aut h </Unicode>
                </TextEquiv>
            </TextLine>
            <TextLine id="r1l2" custom="readingOrder {index:1;}">
                <Coords points="232,624 338,576 502,580 642,547 810,560 961,534 1020,556 1015,487 945,502 881,478 572,538 519,514 472,541 394,518 227,535"/>
                <Baseline points="236,579 274,578 313,576 352,573 391,571 430,568 469,564 507,561 546,557 585,554 624,551 663,548 702,545 741,542 779,540 818,539 857,537 896,536 935,536 974,537 1013,537"/>
                <TextEquiv>
                    <Unicode>Vilgedahten Eychhernus, nachts ein Spycher Voffbrog</Unicode>
                </TextEquiv>
            </TextLine>
            <TextLine id="r1l3" custom="readingOrder {index:2;}">
                <Coords points="222,645 443,654 501,625 538,641 921,594 985,620 1025,609 1022,559 937,544 889,574 667,549 603,590 321,579 220,617"/>
                <Baseline points="227,638 266,638 306,636 345,634 385,632 425,629 464,626 504,623 543,620 583,616 623,612 662,610 702,606 741,603 781,602 821,600 860,598 900,597 939,597 979,598 1019,600"/>
                <TextEquiv>
                    <Unicode>lanuß sey ettliche lylachenn, vnd brots genommen, welchen</Unicode>
                </TextEquiv>
            </TextLine>
            <TextLine id="r1l4" custom="readingOrder {index:3;}">
                <Coords points="221,715 348,700 386,726 547,685 905,700 933,671 1023,670 1021,637 922,594 861,627 827,598 793,625 502,631 435,674 381,634 333,631 294,671 251,641 218,656"/>
                <Baseline points="227,708 266,706 305,702 345,699 384,696 424,693 463,691 503,688 542,685 582,683 621,681 660,678 700,675 739,674 779,672 818,670 858,668 897,668 937,666 976,665 1016,665"/>
                <TextEquiv>
                    <Unicode>sy offten zegner Dbille verkaufft, syend Ihm zwe</Unicode>
                </TextEquiv>
            </TextLine>
            <TextLine id="r1l5" custom="readingOrder {index:4;}">
                <Coords points="214,797 283,770 341,779 361,769 368,773 375,764 395,775 436,769 433,731 391,730 362,709 332,725 310,715 271,723 250,708 222,736 208,736"/>
                <Baseline points="218,773 244,768 270,765 296,762 323,759 349,758 375,756 401,753 428,752"/>
                <TextEquiv>
                    <Unicode>E wordenn.</Unicode>
                </TextEquiv>
            </TextLine>
            <TextLine id="r1l6" custom="readingOrder {index:5;} place {offset:3; length:8;}">
                <Coords points="207,912 263,880 303,913 341,879 659,864 1031,885 1029,796 947,759 831,809 643,813 573,844 487,842 356,783 294,822 205,819"/>
                <Baseline points="212,884 252,882 293,879 333,878 374,876 415,874 455,871 496,869 537,867 577,865 618,863 659,861 699,860 740,860 781,858 821,859 862,860 903,860 943,863 984,865 1025,869"/>
                <TextEquiv>
                    <Unicode>Im Emanthal an einem Duth mithilff Reunn</Unicode>
                </TextEquiv>
            </TextLine>
            <TextLine id="r1l7" custom="readingOrder {index:6;}">
                <Coords points="210,964 463,925 644,944 699,917 727,942 840,908 895,939 943,917 1019,945 1029,883 943,896 871,866 817,897 751,868 713,892 581,865 397,911 360,881 306,917 259,884 208,921"/>
                <Baseline points="215,944 255,941 296,939 336,936 377,933 417,930 458,928 498,925 539,922 579,920 620,917 660,916 701,914 741,914 782,912 822,912 863,912 903,914 944,915 984,917 1025,920"/>
                <TextEquiv>
                    <Unicode>abormalon ein Spycher vesbrochenn, Hanuß ellliche</Unicode>
                </TextEquiv>
            </TextLine>
            <TextLine id="r1l8" custom="readingOrder {index:7;}">
                <Coords points="219,1028 285,995 396,1022 445,997 489,1021 528,989 645,972 674,996 771,976 891,994 1000,992 1006,967 828,910 788,939 752,919 643,944 460,925 216,968"/>
                <Baseline points="224,1007 262,1005 301,1002 340,999 379,996 418,993 457,990 495,988 534,986 573,983 612,981 651,979 690,978 729,977 767,975 806,975 845,975 884,977 923,978 962,980 1001,984"/>
                <TextEquiv>
                    <Unicode>rick vnnd hosen genommen vnd dieselben Im</Unicode>
                </TextEquiv>
            </TextLine>
            <TextLine id="r1l9" custom="readingOrder {index:8;}">
                <Coords points="200,1091 360,1067 406,1096 441,1069 593,1057 654,1077 824,1050 1019,1062 1018,1034 938,1027 894,991 822,1011 770,976 675,994 646,972 615,1002 584,983 506,1030 445,997 383,1027 286,994 198,1027"/>
                <Baseline points="206,1074 246,1072 286,1068 327,1067 367,1063 407,1061 448,1059 488,1056 528,1054 569,1053 609,1051 649,1050 690,1049 730,1047 770,1047 811,1047 851,1047 891,1049 932,1049 972,1051 1013,1053"/>
                <TextEquiv>
                    <Unicode>Elleß denmn Judern Verkaufft, Sigend Ihme 3</Unicode>
                </TextEquiv>
            </TextLine>
            <TextLine id="r1l10" custom="readingOrder {index:9;}">
                <Coords points="208,1162 219,1164 240,1142 263,1134 284,1146 304,1137 333,1141 367,1131 402,1141 426,1132 422,1093 410,1098 358,1067 313,1104 284,1088 251,1090 236,1078 219,1095 201,1091"/>
                <Baseline points="212,1145 237,1139 263,1136 289,1131 315,1129 341,1128 367,1125 393,1123 419,1121"/>
                <TextEquiv>
                    <Unicode>t wordenn.</Unicode>
                </TextEquiv>
            </TextLine>
            <TextLine id="r1l11" custom="readingOrder {index:10;}">
                <Coords points="192,1287 475,1254 982,1261 994,1191 920,1145 873,1147 830,1190 745,1161 671,1194 621,1170 566,1205 527,1177 468,1222 409,1192 284,1195 250,1163 189,1190"/>
                <Baseline points="197,1274 236,1270 276,1267 315,1263 355,1261 395,1259 434,1257 474,1256 513,1254 553,1254 593,1253 632,1251 672,1251 711,1251 751,1251 791,1251 830,1251 870,1251 909,1251 949,1251 989,1253"/>
                <TextEquiv>
                    <Unicode>Witahalbind er der Reune vnd ver kinmer</Unicode>
                </TextEquiv>
            </TextLine>
            <TextLine id="r1l12" custom="readingOrder {index:11;} place {offset:9; length:7;}">
                <Coords points="210,1351 459,1323 587,1355 726,1314 861,1353 899,1322 1007,1319 1006,1270 842,1274 817,1252 678,1276 635,1254 585,1302 517,1275 453,1302 331,1261 283,1299 252,1274 208,1294"/>
                <Baseline points="215,1334 254,1332 293,1331 332,1328 372,1326 411,1325 450,1325 490,1323 529,1322 568,1320 608,1320 647,1319 686,1319 725,1317 765,1317 804,1317 843,1317 883,1317 922,1317 961,1317 1001,1317"/>
                <TextEquiv>
                    <Unicode>Rüsch zu Obreind ein spycher vpfbrochen unnd</Unicode>
                </TextEquiv>
            </TextLine>
            <TextLine id="r1l13" custom="readingOrder {index:12;}">
                <Coords points="210,1405 279,1443 421,1386 637,1387 701,1415 745,1391 804,1414 830,1389 990,1388 989,1329 959,1320 861,1353 701,1318 664,1352 615,1328 585,1359 538,1323 448,1325 354,1374 309,1344 210,1360"/>
                <Baseline points="216,1395 254,1394 292,1391 331,1389 369,1389 408,1388 446,1386 484,1386 523,1385 561,1385 600,1385 638,1385 676,1385 715,1385 753,1385 792,1385 830,1385 868,1385 907,1385 945,1383 984,1383"/>
                <TextEquiv>
                    <Unicode>ettlichs gwand Hanuß entzucktt, welches sey vmb</Unicode>
                </TextEquiv>
            </TextLine>
            <TextLine id="r1l14" custom="readingOrder {index:13;}">
                <Coords points="210,1470 655,1451 876,1494 987,1462 987,1403 928,1399 864,1439 779,1406 562,1390 488,1437 423,1386 296,1440 210,1437"/>
                <Baseline points="216,1463 254,1461 292,1458 330,1458 369,1457 407,1455 445,1455 483,1454 522,1454 560,1454 598,1454 636,1454 675,1454 713,1454 751,1454 789,1454 828,1455 866,1455 904,1456 942,1457 981,1458"/>
                <TextEquiv>
                    <Unicode>3. E verkaufft: Vnd weyl ettliche vorschlohne</Unicode>
                </TextEquiv>
            </TextLine>
            <TextLine id="r1l15" custom="readingOrder {index:14;}">
                <Coords points="197,1542 251,1562 293,1528 413,1567 555,1517 607,1548 656,1522 700,1563 763,1523 940,1549 1005,1543 1005,1473 904,1474 866,1504 806,1464 735,1491 654,1450 609,1475 456,1459 421,1492 377,1468 197,1483"/>
                <Baseline points="203,1529 242,1526 282,1525 322,1523 362,1522 402,1521 441,1520 481,1519 521,1518 561,1518 601,1518 640,1518 680,1518 720,1518 760,1520 800,1521 839,1522 879,1523 919,1525 959,1527 999,1529"/>
                <TextEquiv>
                    <Unicode>zugdarfun ghin, habind sy dieselben auch Vof</Unicode>
                </TextEquiv>
            </TextLine>
            <TextLine id="r1l16" custom="readingOrder {index:15;}">
                <Coords points="194,1622 363,1596 611,1632 642,1606 815,1603 814,1542 721,1571 645,1524 609,1547 542,1534 417,1568 353,1537 194,1556"/>
                <Baseline points="200,1596 230,1595 260,1595 291,1593 321,1593 352,1592 382,1592 413,1590 443,1590 474,1589 504,1589 534,1589 565,1587 595,1587 626,1587 656,1589 687,1589 717,1589 748,1590 778,1592 809,1593"/>
                <TextEquiv>
                    <Unicode>brochen, vnd 6. fr dauuß enswerdt.</Unicode>
                </TextEquiv>
            </TextLine>
            <TextLine id="r1l17" custom="readingOrder {index:16;} place {offset:34; length:7;}">
                <Coords points="180,1766 386,1733 938,1740 980,1770 1023,1746 1023,1682 937,1638 802,1645 749,1690 645,1634 574,1665 489,1634 291,1683 180,1638"/>
                <Baseline points="186,1737 227,1736 269,1734 310,1734 352,1733 393,1733 435,1733 476,1733 518,1733 559,1733 601,1734 643,1734 684,1734 726,1736 767,1736 809,1736 850,1736 892,1736 933,1736 975,1734 1017,1734"/>
                <TextEquiv>
                    <Unicode>Item Vatter bekent, Winder sih zu Kernnge</Unicode>
                </TextEquiv>
            </TextLine>
            <TextLine id="r1l18" custom="readingOrder {index:17;}">
                <Coords points="210,1823 455,1790 521,1823 612,1797 681,1817 718,1790 888,1796 938,1827 990,1795 989,1769 884,1743 790,1769 716,1733 606,1762 563,1736 503,1775 383,1736 336,1771 291,1738 210,1758"/>
                <Baseline points="216,1797 254,1796 292,1794 331,1793 369,1793 408,1793 446,1793 484,1793 523,1793 561,1793 600,1793 638,1793 676,1793 715,1794 753,1794 792,1794 830,1794 868,1793 907,1793 945,1791 984,1791"/>
                <TextEquiv>
                    <Unicode>auth einer wybspeesonn, das schwartz Möri gen</Unicode>
                </TextEquiv>
            </TextLine>
            <TextLine id="r1l19" custom="readingOrder {index:18;}">
                <Coords points="197,1879 237,1896 288,1867 366,1886 463,1861 523,1890 621,1859 858,1897 965,1865 944,1828 846,1837 794,1799 743,1830 625,1802 524,1827 456,1790 355,1822 314,1797 282,1828 198,1834"/>
                <Baseline points="203,1857 240,1854 278,1854 316,1853 354,1851 392,1851 429,1851 467,1853 505,1853 543,1854 581,1854 618,1856 656,1857 694,1857 732,1859 770,1859 807,1859 845,1859 883,1859 921,1858 959,1857"/>
                <TextEquiv>
                    <Unicode>nampt mit Vrkunschen wercken vorgeßonn.</Unicode>
                </TextEquiv>
            </TextLine>
            <TextLine id="r1l20" custom="readingOrder {index:19;}">
                <Coords points="189,2031 322,1998 376,2026 460,1998 959,1994 964,1959 872,1970 775,1908 689,1961 601,1897 501,1930 426,1912 353,1951 296,1926 240,1985 187,1968"/>
                <Baseline points="194,2006 232,2004 270,2001 308,1998 347,1997 385,1995 423,1994 461,1993 500,1992 538,1991 576,1991 614,1991 653,1989 691,1989 729,1989 767,1988 806,1987 844,1986 882,1985 920,1983 959,1982"/>
                <TextEquiv>
                    <Unicode>So habind sy beid Eychhorn und er einer</Unicode>
                </TextEquiv>
            </TextLine>
            <TextLine id="r1l21" custom="readingOrder {index:20;} person {offset:16; length:10;}">
                <Coords points="198,2069 349,2097 390,2060 679,2050 736,2085 816,2044 937,2074 1008,2041 1007,2011 914,1986 840,2020 680,1988 553,2038 463,1999 404,2031 197,2030"/>
                <Baseline points="204,2060 243,2058 283,2057 323,2056 363,2055 403,2054 443,2054 483,2052 523,2051 563,2051 603,2049 642,2048 682,2048 722,2046 762,2045 802,2043 842,2040 882,2039 922,2036 962,2033 1002,2031"/>
                <TextEquiv>
                    <Unicode>vybsperson, das Gabi Kumli genampt, ge</Unicode>
                </TextEquiv>
            </TextLine>
            <TextLine id="r1l22" custom="readingOrder {index:21;}">
                <Coords points="198,2145 475,2125 516,2154 552,2123 728,2113 770,2140 898,2103 937,2131 989,2097 988,2077 847,2041 735,2092 688,2056 586,2085 547,2060 455,2104 195,2075"/>
                <Baseline points="203,2130 242,2129 281,2127 320,2125 359,2124 398,2123 437,2121 476,2120 515,2119 554,2118 593,2117 632,2115 671,2114 710,2112 749,2111 788,2109 827,2107 866,2105 905,2102 944,2099 983,2097"/>
                <TextEquiv>
                    <Unicode>thröuws, wan es ihren willen nit beebungen</Unicode>
                </TextEquiv>
            </TextLine>
            <TextLine id="r1l23" custom="readingOrder {index:22;}">
                <Coords points="201,2215 319,2190 519,2207 635,2173 767,2196 886,2170 924,2200 1020,2177 1017,2123 973,2140 916,2115 886,2145 816,2113 729,2159 668,2119 562,2125 519,2156 475,2124 315,2166 271,2130 198,2148"/>
                <Baseline points="206,2198 246,2196 286,2193 327,2192 367,2190 407,2189 448,2188 488,2186 528,2184 569,2183 609,2181 649,2180 690,2178 730,2177 770,2174 811,2172 851,2171 891,2169 932,2166 972,2164 1013,2160"/>
                <TextEquiv>
                    <Unicode>welte, so welchind sey es wan es Ihnen begegnet,</Unicode>
                </TextEquiv>
            </TextLine>
            <TextLine id="r1l24" custom="readingOrder {index:23;}">
                <Coords points="207,2280 446,2257 484,2290 712,2249 779,2282 819,2247 871,2268 900,2243 989,2246 987,2197 836,2171 757,2202 464,2193 392,2228 325,2191 252,2244 205,2243"/>
                <Baseline points="212,2265 250,2265 289,2264 327,2262 366,2261 404,2261 443,2259 481,2258 520,2256 558,2255 597,2253 636,2252 674,2251 713,2249 751,2247 790,2246 828,2243 867,2240 905,2238 944,2235 983,2232"/>
                <TextEquiv>
                    <Unicode>ermürden: doch sy end sy eben deß Vorfatzes</Unicode>
                </TextEquiv>
            </TextLine>
            <TextLine id="r1l25" custom="readingOrder {index:24;} place {offset:43; length:4; continued:true;}">
                <Coords points="211,2341 278,2379 360,2337 564,2329 644,2352 682,2323 950,2317 1002,2301 999,2241 940,2260 905,2239 871,2268 837,2248 773,2289 692,2257 631,2284 594,2257 504,2306 438,2265 209,2303"/>
                <Baseline points="216,2337 255,2337 294,2335 333,2334 372,2332 411,2330 450,2329 489,2328 528,2326 567,2324 606,2323 645,2321 684,2318 723,2316 762,2313 801,2312 840,2309 879,2305 918,2302 957,2298 996,2295"/>
                <TextEquiv>
                    <Unicode>ab gstin, es zu ermunden, sonder allein zu not¬</Unicode>
                </TextEquiv>
            </TextLine>
            <TextLine id="r1l26" custom="readingOrder {index:25;} place {offset:0; length:8; continued:true;}">
                <Coords points="201,2440 212,2440 240,2422 252,2432 270,2429 301,2444 316,2426 332,2424 354,2409 368,2418 390,2417 388,2381 310,2384 295,2374 287,2382 216,2340 203,2355 195,2355"/>
                <Baseline points="206,2417 231,2413 256,2409 281,2407 307,2406 332,2405 357,2403 383,2402"/>
                <TextEquiv>
                    <Unicode>zwingenn.</Unicode>
                </TextEquiv>
            </TextLine>
            <TextLine id="r1l27" custom="readingOrder {index:26;}">
                <Coords points="194,2601 299,2556 412,2579 438,2553 643,2540 970,2549 1019,2487 963,2492 885,2436 788,2481 617,2434 543,2471 469,2447 371,2460 312,2519 237,2461 188,2468"/>
                <Baseline points="198,2565 238,2561 279,2559 320,2556 361,2553 402,2552 442,2551 483,2550 524,2549 565,2548 606,2547 646,2546 687,2544 728,2544 769,2542 810,2538 850,2535 891,2532 932,2527 973,2521 1014,2514"/>
                <TextEquiv>
                    <Unicode>dane adie deß Iumns zu Rittng kenben ihr</Unicode>
                </TextEquiv>
            </TextLine>
            <TextLine id="r1l28" custom="readingOrder {index:27;}">
                <Coords points="200,2635 418,2616 458,2645 576,2604 683,2608 719,2639 776,2604 960,2592 961,2565 906,2534 824,2579 784,2550 745,2584 692,2580 646,2548 605,2580 550,2554 418,2577 375,2554 197,2592"/>
                <Baseline points="206,2633 243,2628 281,2624 318,2621 356,2618 393,2615 431,2613 468,2612 506,2610 543,2609 581,2609 618,2607 656,2606 693,2604 731,2603 768,2600 806,2597 843,2594 881,2591 918,2587 956,2582"/>
                <TextEquiv>
                    <Unicode>Dlue vnnd obgedachtem sinem gespanen dem</Unicode>
                </TextEquiv>
            </TextLine>
            <TextLine id="r1l29" custom="readingOrder {index:28;}">
                <Coords points="202,2716 427,2683 789,2690 857,2664 931,2690 1020,2655 1018,2609 893,2594 821,2637 776,2604 725,2651 644,2610 565,2660 418,2617 340,2661 282,2629 198,2654"/>
                <Baseline points="206,2697 246,2694 286,2690 327,2688 367,2686 407,2684 448,2682 488,2681 528,2681 569,2679 609,2678 649,2676 690,2675 730,2673 770,2671 811,2668 851,2664 891,2660 932,2654 972,2647 1013,2640"/>
                <TextEquiv>
                    <Unicode>Syckhern uberthan und sy ohne sonderlaß gschlagen,</Unicode>
                </TextEquiv>
            </TextLine>
            <TextLine id="r1l30" custom="readingOrder {index:29;}">
                <Coords points="210,2776 312,2757 366,2788 414,2755 467,2782 509,2747 541,2772 589,2751 729,2775 775,2740 1003,2723 999,2654 923,2697 856,2664 770,2711 670,2687 620,2725 523,2679 475,2715 346,2694 305,2738 240,2695 207,2721"/>
                <Baseline points="215,2771 254,2766 293,2761 332,2757 371,2754 410,2752 449,2750 488,2749 527,2748 566,2747 605,2745 644,2744 683,2743 722,2741 761,2739 800,2736 839,2733 878,2730 917,2725 956,2720 996,2712"/>
                <TextEquiv>
                    <Unicode>Eien sy In ein solchen rach göreigen wilen gehelen</Unicode>
                </TextEquiv>
            </TextLine>
            <TextLine id="r1l31" custom="readingOrder {index:30;}">
                <Coords points="222,2885 335,2828 433,2825 477,2851 538,2824 598,2864 644,2817 717,2853 753,2815 929,2791 965,2813 1002,2778 998,2722 818,2758 790,2738 697,2794 590,2752 520,2785 412,2757 361,2793 311,2759 215,2775"/>
                <Baseline points="225,2841 263,2836 302,2832 340,2829 379,2826 417,2823 456,2821 494,2820 533,2818 571,2816 610,2815 649,2814 687,2811 726,2810 764,2807 803,2804 841,2801 880,2796 918,2791 957,2785 996,2778"/>
                <TextEquiv>
                    <Unicode>Iß dem Amman syn Schur angesteckt, vnndt</Unicode>
                </TextEquiv>
            </TextLine>
            <TextLine id="r1l32" custom="readingOrder {index:31;}">
                <Coords points="216,2916 459,2889 520,2921 545,2896 583,2916 727,2883 776,2921 820,2881 932,2889 1011,2843 1006,2773 965,2813 907,2800 842,2848 762,2816 683,2856 628,2833 598,2865 546,2826 502,2857 431,2825 212,2859"/>
                <Baseline points="221,2909 260,2905 299,2901 338,2899 377,2896 417,2894 456,2892 495,2891 534,2889 573,2888 613,2886 652,2883 691,2881 730,2879 769,2876 809,2872 848,2868 887,2863 926,2856 965,2850 1005,2843"/>
                <TextEquiv>
                    <Unicode>verbrontt und solches habind sy durch mittel hiser</Unicode>
                </TextEquiv>
            </TextLine>
            <TextLine id="r1l33" custom="readingOrder {index:32;}">
                <Coords points="216,2977 370,2992 418,2962 574,2958 651,2995 697,2957 873,2964 1017,2921 1013,2859 933,2889 819,2882 775,2922 743,2893 661,2910 636,2889 488,2925 450,2905 389,2939 309,2905 212,2918"/>
                <Baseline points="222,2973 261,2969 300,2966 340,2963 379,2961 419,2960 458,2958 497,2958 537,2957 576,2955 616,2955 655,2954 694,2952 734,2949 773,2946 813,2943 852,2937 891,2932 931,2925 970,2917 1010,2906"/>
                <TextEquiv>
                    <Unicode>Rutt zwegen bracht, welche gluch sie fe de handen das</Unicode>
                </TextEquiv>
            </TextLine>
            <TextLine id="r1l34" custom="readingOrder {index:33;}">
                <Coords points="228,3040 288,3063 351,3022 521,3044 583,3022 696,3053 900,2995 981,3013 1006,3005 1001,2929 909,2974 820,2950 745,2995 648,2955 494,2990 402,2968 306,3010 223,2973"/>
                <Baseline points="233,3036 271,3034 309,3033 347,3030 386,3029 424,3027 462,3027 500,3026 539,3024 577,3023 615,3021 653,3019 692,3017 730,3014 768,3010 806,3006 845,3001 883,2995 921,2988 959,2980 998,2972"/>
                <TextEquiv>
                    <Unicode>vragen. und damndt sy dieselbige nict bönnen möst</Unicode>
                </TextEquiv>
            </TextLine>
            <TextLine id="r1l35" custom="readingOrder {index:34;}">
                <Coords points="226,3128 413,3090 513,3089 545,3114 681,3069 758,3099 927,3050 965,3070 1004,3038 1001,3004 959,3024 911,3003 858,3031 816,3011 732,3028 702,3061 627,3058 584,3023 417,3055 350,3022 289,3064 220,3053"/>
                <Baseline points="230,3107 268,3103 306,3101 345,3097 383,3095 422,3094 460,3091 498,3089 537,3087 575,3085 614,3082 652,3081 690,3077 729,3075 767,3071 806,3066 844,3061 882,3056 921,3049 959,3043 998,3033"/>
                <TextEquiv>
                    <Unicode>abind sy die glutt uß einer land in die andere ge</Unicode>
                </TextEquiv>
            </TextLine>
            <TextLine id="r1l36" custom="readingOrder {index:35;}">
                <Coords points="216,3171 267,3193 295,3168 350,3160 409,3187 521,3148 579,3176 677,3135 760,3140 760,3112 669,3081 627,3106 593,3088 545,3114 519,3092 430,3091 372,3127 314,3104 274,3132 213,3131"/>
                <Baseline points="221,3161 247,3161 274,3162 301,3161 327,3161 354,3159 381,3158 407,3156 434,3154 461,3152 488,3150 514,3148 541,3145 568,3143 594,3140 621,3138 648,3137 674,3135 701,3135 728,3134 755,3134"/>
                <TextEquiv>
                    <Unicode>worfenn, biß sy zur Schürkommen.</Unicode>
                </TextEquiv>
            </TextLine>
            <TextEquiv>
                <Unicode>Zu Oberöntz den Agithis huß habe er aut h 
Vilgedahten Eychhernus, nachts ein Spycher Voffbrog
lanuß sey ettliche lylachenn, vnd brots genommen, welchen
sy offten zegner Dbille verkaufft, syend Ihm zwe
E wordenn.
Im Emanthal an einem Duth mithilff Reunn
abormalon ein Spycher vesbrochenn, Hanuß ellliche
rick vnnd hosen genommen vnd dieselben Im
Elleß denmn Judern Verkaufft, Sigend Ihme 3
t wordenn.
Witahalbind er der Reune vnd ver kinmer
Rüsch zu Obreind ein spycher vpfbrochen unnd
ettlichs gwand Hanuß entzucktt, welches sey vmb
3. E verkaufft: Vnd weyl ettliche vorschlohne
zugdarfun ghin, habind sy dieselben auch Vof
brochen, vnd 6. fr dauuß enswerdt.
Item Vatter bekent, Winder sih zu Kernnge
auth einer wybspeesonn, das schwartz Möri gen
nampt mit Vrkunschen wercken vorgeßonn.
So habind sy beid Eychhorn und er einer
vybsperson, das Gabi Kumli genampt, ge
thröuws, wan es ihren willen nit beebungen
welte, so welchind sey es wan es Ihnen begegnet,
ermürden: doch sy end sy eben deß Vorfatzes
ab gstin, es zu ermunden, sonder allein zu not¬
zwingenn.
dane adie deß Iumns zu Rittng kenben ihr
Dlue vnnd obgedachtem sinem gespanen dem
Syckhern uberthan und sy ohne sonderlaß gschlagen,
Eien sy In ein solchen rach göreigen wilen gehelen
Iß dem Amman syn Schur angesteckt, vnndt
verbrontt und solches habind sy durch mittel hiser
Rutt zwegen bracht, welche gluch sie fe de handen das
vragen. und damndt sy dieselbige nict bönnen möst
abind sy die glutt uß einer land in die andere ge
worfenn, biß sy zur Schürkommen.</Unicode>
            </TextEquiv>
        </TextRegion>
        <TextRegion orientation="0.0" type="paragraph" id="r3" custom="readingOrder {index:1;} structure {type:paragraph;}">
            <Coords points="1139,362 1136,2889 2163,2889 2166,362"/>
            <TextLine id="r3l2" custom="readingOrder {index:0;} person {offset:25; length:4;}">
                <Coords points="1230,514 1598,481 1646,520 1820,469 1999,516 2060,462 2105,471 2104,432 1962,386 1809,427 1741,386 1228,458"/>
                <Baseline points="1235,501 1278,500 1321,498 1364,495 1407,494 1451,491 1494,489 1537,487 1580,485 1623,483 1667,481 1710,479 1753,477 1796,476 1839,474 1883,472 1926,471 1969,470 2012,468 2055,468 2099,467"/>
                <TextEquiv>
                    <Unicode>Berner hatter bekennt Er Glur vnnd sin gehorn</Unicode>
                </TextEquiv>
            </TextLine>
            <TextLine id="r3l3" custom="readingOrder {index:1;} place {offset:20; length:9;}">
                <Coords points="1223,572 1503,547 1572,587 1627,549 1989,555 2099,528 2097,476 2060,463 2002,513 1884,475 1720,484 1661,523 1598,481 1386,526 1221,513"/>
                <Baseline points="1229,564 1272,560 1315,556 1358,554 1401,551 1445,548 1488,546 1531,545 1574,543 1617,542 1661,540 1704,539 1747,537 1790,537 1833,536 1877,534 1920,533 1963,531 2006,530 2049,528 2093,525"/>
                <TextEquiv>
                    <Unicode>Eychhornn habind zu Forrenbor im Oberen zuß Cre</Unicode>
                </TextEquiv>
            </TextLine>
            <TextLine id="r3l4" custom="readingOrder {index:2;}">
                <Coords points="1229,628 1517,599 1625,647 1709,603 1862,623 1939,588 2093,582 2091,552 2026,534 1832,573 1765,537 1695,581 1403,556 1228,597"/>
                <Baseline points="1235,618 1277,615 1320,613 1362,612 1405,609 1448,608 1490,606 1533,605 1575,604 1618,603 1661,602 1703,600 1746,599 1788,597 1831,595 1874,593 1916,591 1959,587 2001,585 2044,581 2087,578"/>
                <TextEquiv>
                    <Unicode>verenter zemelden) mit einem kleinen schwartzenn</Unicode>
                </TextEquiv>
            </TextLine>
            <TextLine id="r3l5" custom="readingOrder {index:3;}">
                <Coords points="1215,710 1253,687 1298,724 1439,679 1578,699 1716,661 1784,693 1842,652 1900,689 1941,653 2064,654 2062,618 1879,607 1854,630 1805,601 1626,647 1516,599 1212,652"/>
                <Baseline points="1220,686 1261,683 1303,681 1345,679 1387,677 1429,675 1471,674 1512,672 1554,670 1596,667 1638,665 1680,663 1722,662 1764,659 1805,657 1847,654 1889,651 1931,648 1973,645 2015,641 2057,638"/>
                <TextEquiv>
                    <Unicode>Füli sichleider vorgesornn, welches filin an eine</Unicode>
                </TextEquiv>
            </TextLine>
            <TextLine id="r3l6" custom="readingOrder {index:4;}">
                <Coords points="1231,764 1265,779 1285,762 1309,780 1343,755 1402,793 1458,744 1534,778 1555,774 1601,735 1620,737 1616,672 1565,706 1535,683 1515,695 1486,681 1408,719 1358,691 1296,725 1226,697"/>
                <Baseline points="1236,756 1261,754 1286,750 1311,748 1336,746 1362,744 1387,742 1412,741 1437,739 1462,738 1488,737 1513,735 1538,734 1563,734 1588,733 1614,732"/>
                <TextEquiv>
                    <Unicode>kipffen angebunden gsin</Unicode>
                </TextEquiv>
            </TextLine>
            <TextLine id="r3l7" custom="readingOrder {index:5;}">
                <Coords points="1243,880 1699,828 1910,842 2002,808 2064,823 2062,791 1946,735 1876,780 1753,745 1669,816 1512,766 1456,810 1360,767 1236,770"/>
                <Baseline points="1248,869 1288,863 1328,859 1369,854 1409,851 1450,847 1490,843 1531,841 1571,838 1612,836 1652,833 1692,831 1733,828 1773,827 1814,825 1854,823 1895,821 1935,819 1976,817 2016,814 2057,812"/>
                <TextEquiv>
                    <Unicode>Vffliliches sye Ihnen zu Deund, vffeinem</Unicode>
                </TextEquiv>
            </TextLine>
            <TextLine id="r3l8" custom="readingOrder {index:6;}">
                <Coords points="1233,943 1391,911 1469,948 1517,908 1621,917 1741,877 1834,898 1986,875 2031,905 2090,866 2003,808 1898,853 1774,826 1698,868 1578,837 1492,876 1460,851 1230,887"/>
                <Baseline points="1238,926 1280,921 1322,917 1364,914 1407,910 1449,906 1491,903 1534,900 1576,897 1618,894 1661,891 1703,888 1745,885 1787,882 1830,879 1872,877 1914,875 1957,872 1999,869 2041,867 2084,863"/>
                <TextEquiv>
                    <Unicode>Hoff der böste geyß erschinnen, welcher allerdingen</Unicode>
                </TextEquiv>
            </TextLine>
            <TextLine id="r3l9" custom="readingOrder {index:7;}">
                <Coords points="1225,1019 1311,978 1485,997 1667,952 2083,949 2144,922 2139,853 2029,913 1921,875 1796,931 1680,889 1552,929 1519,907 1470,948 1346,917 1221,967"/>
                <Baseline points="1229,986 1274,981 1319,978 1365,976 1410,972 1456,970 1501,966 1547,963 1592,961 1638,958 1683,955 1728,952 1774,948 1819,946 1865,942 1910,939 1956,936 2001,932 2047,928 2092,924 2138,920"/>
                <TextEquiv>
                    <Unicode>gumn bekleidt gsin unnd vör der ein fuß einem geiß</Unicode>
                </TextEquiv>
            </TextLine>
            <TextLine id="r3l10" custom="readingOrder {index:8;}">
                <Coords points="1228,1072 1250,1055 1316,1092 1460,1040 1510,1059 1696,1020 1762,1042 1791,1013 1859,1049 1913,1005 1971,1033 2103,988 2100,943 1975,932 1942,961 1804,947 1705,976 1667,953 1576,998 1522,968 1486,997 1313,979 1225,1025"/>
                <Baseline points="1233,1052 1276,1047 1319,1044 1362,1040 1405,1036 1449,1033 1492,1030 1535,1026 1578,1023 1621,1020 1665,1018 1708,1015 1751,1013 1794,1009 1837,1007 1881,1003 1924,1001 1967,998 2010,995 2053,990 2097,987"/>
                <TextEquiv>
                    <Unicode>fuß glych gsin, Iemstelligen bösenn geyst habind</Unicode>
                </TextEquiv>
            </TextLine>
            <TextLine id="r3l11" custom="readingOrder {index:9;}">
                <Coords points="1224,1153 1362,1106 2068,1084 2152,1047 2149,1004 1868,1050 1802,1013 1756,1046 1577,1026 1466,1085 1415,1064 1315,1091 1260,1057 1219,1084"/>
                <Baseline points="1229,1130 1274,1121 1320,1115 1366,1109 1412,1104 1458,1100 1504,1096 1550,1092 1596,1089 1642,1086 1688,1083 1733,1082 1779,1079 1825,1076 1871,1074 1917,1072 1963,1070 2009,1067 2055,1064 2101,1061 2147,1056"/>
                <TextEquiv>
                    <Unicode>sy sich ergeben, midt versprochen, das sy sen woltind syn</Unicode>
                </TextEquiv>
            </TextLine>
            <TextLine id="r3l12" custom="readingOrder {index:10;}">
                <Coords points="1216,1215 1521,1187 1561,1159 1605,1184 1779,1148 1827,1185 1859,1152 2070,1151 2111,1134 2106,1059 1917,1110 1687,1088 1490,1136 1346,1117 1213,1169"/>
                <Baseline points="1221,1196 1265,1190 1309,1185 1353,1181 1397,1177 1442,1171 1486,1168 1530,1164 1574,1160 1618,1156 1663,1154 1707,1150 1751,1146 1795,1145 1839,1142 1884,1138 1928,1136 1972,1133 2016,1130 2060,1128 2105,1124"/>
                <TextEquiv>
                    <Unicode>daruff er jedem (alb sy bedunck ghanm) die h</Unicode>
                </TextEquiv>
            </TextLine>
            <TextLine id="r3l13" custom="readingOrder {index:11;}">
                <Coords points="1226,1293 1358,1242 1423,1265 2137,1211 2142,1125 2009,1178 1885,1156 1829,1188 1777,1148 1625,1199 1499,1173 1221,1233"/>
                <Baseline points="1229,1262 1274,1258 1320,1254 1365,1249 1411,1245 1457,1242 1502,1237 1548,1233 1593,1229 1639,1226 1685,1222 1730,1220 1776,1217 1821,1214 1867,1211 1913,1209 1958,1206 2004,1205 2049,1203 2095,1203 2141,1202"/>
                <TextEquiv>
                    <Unicode>gebenn. Dieselben syennd aber hernach anders mitt dan</Unicode>
                </TextEquiv>
            </TextLine>
            <TextLine id="r3l14" custom="readingOrder {index:12;}">
                <Coords points="1229,1332 1487,1313 1556,1338 1596,1302 1634,1332 1667,1303 1808,1315 1912,1284 2022,1305 2127,1283 2126,1252 2056,1211 1916,1250 1804,1218 1669,1257 1541,1239 1424,1267 1355,1242 1227,1292"/>
                <Baseline points="1235,1325 1279,1322 1323,1320 1367,1318 1412,1315 1456,1313 1500,1310 1545,1307 1589,1303 1633,1301 1678,1297 1722,1294 1766,1292 1810,1289 1855,1287 1899,1284 1943,1283 1988,1281 2032,1280 2076,1280 2121,1278"/>
                <TextEquiv>
                    <Unicode>laub gsin. Vnnd ale habe gedaciter Iemeister Ihnenn</Unicode>
                </TextEquiv>
            </TextLine>
            <TextLine id="r3l15" custom="readingOrder {index:13;}">
                <Coords points="1223,1397 2096,1348 2095,1323 2027,1326 1972,1287 1886,1341 1845,1307 1725,1296 1636,1330 1595,1303 1554,1339 1471,1312 1408,1357 1369,1326 1221,1339"/>
                <Baseline points="1229,1391 1272,1386 1315,1383 1358,1380 1401,1377 1444,1375 1487,1372 1530,1370 1573,1368 1616,1367 1659,1365 1702,1363 1745,1361 1788,1359 1831,1358 1874,1356 1917,1354 1960,1351 2003,1349 2046,1345 2090,1343"/>
                <TextEquiv>
                    <Unicode>bekolchenn, vnchistennlich zehandlen, gebrönnen</Unicode>
                </TextEquiv>
            </TextLine>
            <TextLine id="r3l16" custom="readingOrder {index:14;}">
                <Coords points="1233,1473 1677,1435 1812,1447 1868,1483 1927,1430 1997,1425 1995,1389 1905,1402 1788,1361 1595,1394 1557,1375 1521,1402 1367,1387 1232,1447"/>
                <Baseline points="1239,1464 1276,1458 1314,1452 1351,1448 1389,1444 1427,1440 1464,1437 1502,1436 1539,1434 1577,1433 1615,1431 1652,1431 1690,1430 1727,1430 1765,1428 1803,1428 1840,1427 1878,1425 1915,1424 1953,1421 1991,1418"/>
                <TextEquiv>
                    <Unicode>gomürden unnd alles böses zu vorbringenn.</Unicode>
                </TextEquiv>
            </TextLine>
            <TextLine id="r3l17" custom="readingOrder {index:15;}">
                <Coords points="1217,1611 1350,1621 1373,1597 1432,1622 1484,1588 1527,1614 1766,1576 2007,1593 2129,1571 2127,1514 2056,1488 1913,1524 1816,1484 1736,1525 1619,1490 1515,1529 1467,1493 1308,1537 1214,1529"/>
                <Baseline points="1223,1601 1268,1598 1313,1595 1358,1593 1403,1590 1448,1589 1493,1587 1538,1585 1583,1583 1628,1581 1673,1581 1718,1579 1763,1577 1808,1577 1853,1575 1898,1574 1943,1572 1988,1571 2033,1569 2078,1568 2123,1566"/>
                <TextEquiv>
                    <Unicode>lah disem sunnd sy fnein wald konnen, allda aen</Unicode>
                </TextEquiv>
            </TextLine>
            <TextLine id="r3l18" custom="readingOrder {index:16;}">
                <Coords points="1130,1628 1136,1628 1151,1638 1164,1637 1171,1641 1180,1630 1190,1628 1184,1573 1175,1573 1169,1577 1161,1573 1155,1576 1134,1573 1131,1577 1125,1578"/>
                <Baseline points="1136,1622 1182,1617"/>
                <TextEquiv>
                    <Unicode>3.</Unicode>
                </TextEquiv>
            </TextLine>
            <TextLine id="r3l19" custom="readingOrder {index:17;}">
                <Coords points="1232,1673 1377,1693 1466,1656 1517,1691 1628,1644 2128,1654 2169,1646 2168,1576 2042,1575 1974,1619 1915,1593 1872,1624 1733,1583 1695,1622 1630,1585 1431,1622 1372,1597 1342,1627 1231,1606"/>
                <Baseline points="1238,1659 1284,1656 1330,1654 1376,1652 1423,1650 1469,1648 1515,1646 1561,1646 1608,1644 1654,1643 1700,1641 1746,1641 1793,1640 1839,1640 1885,1639 1931,1638 1978,1638 2024,1638 2070,1637 2116,1637 2163,1637"/>
                <TextEquiv>
                    <Unicode>Vil böse geyster In schwartzenn mardlen, vnnd wyn</Unicode>
                </TextEquiv>
            </TextLine>
            <TextLine id="r3l20" custom="readingOrder {index:18;}">
                <Coords points="1164,1744 1270,1721 1407,1747 1580,1710 1631,1747 1700,1712 1794,1743 1972,1705 2101,1731 2119,1642 1881,1646 1746,1689 1645,1642 1518,1691 1466,1656 1391,1695 1261,1663 1163,1684"/>
                <Baseline points="1169,1725 1216,1723 1263,1721 1310,1719 1358,1717 1405,1716 1452,1715 1499,1713 1547,1712 1594,1712 1641,1710 1688,1710 1736,1709 1783,1709 1830,1709 1877,1707 1925,1707 1972,1706 2019,1706 2066,1705 2114,1704"/>
                <TextEquiv>
                    <Unicode>auch Vileley stpysen, Item Vßgnommenn faltz, vnnd brott,</Unicode>
                </TextEquiv>
            </TextLine>
            <TextLine id="r3l21" custom="readingOrder {index:19;}">
                <Coords points="1223,1806 1339,1791 1413,1823 1496,1778 1642,1784 1686,1815 1918,1778 2084,1812 2158,1776 2158,1735 2012,1740 1966,1706 1788,1744 1462,1721 1400,1767 1266,1722 1222,1741"/>
                <Baseline points="1229,1793 1275,1790 1321,1787 1367,1785 1413,1784 1460,1782 1506,1782 1552,1781 1598,1781 1644,1781 1691,1781 1737,1781 1783,1781 1829,1781 1875,1781 1922,1779 1968,1779 2014,1778 2060,1776 2106,1774 2153,1772"/>
                <TextEquiv>
                    <Unicode>Vorhanden ghie dalbon er (.fines bedunckens Grechte</Unicode>
                </TextEquiv>
            </TextLine>
            <TextLine id="r3l22" custom="readingOrder {index:20;}">
                <Coords points="1226,1901 1440,1855 1641,1857 1677,1891 1795,1854 2120,1865 2153,1805 1915,1781 1843,1827 1787,1784 1695,1824 1642,1785 1512,1817 1461,1786 1414,1827 1350,1795 1226,1830"/>
                <Baseline points="1232,1865 1277,1861 1323,1858 1369,1856 1415,1854 1460,1851 1506,1851 1552,1850 1598,1850 1643,1850 1689,1851 1735,1851 1781,1851 1826,1853 1872,1853 1918,1853 1964,1853 2009,1853 2055,1852 2101,1851 2147,1850"/>
                <TextEquiv>
                    <Unicode>gscheffenn tuncken unnd gäßenn. Vnnd habunndt</Unicode>
                </TextEquiv>
            </TextLine>
            <TextLine id="r3l23" custom="readingOrder {index:21;}">
                <Coords points="1224,1973 1285,1939 1454,1929 1490,1961 1663,1922 1787,1964 1850,1928 1989,1954 2150,1930 2150,1853 1975,1901 1873,1860 1784,1907 1591,1857 1490,1896 1437,1857 1224,1902"/>
                <Baseline points="1230,1935 1275,1932 1321,1928 1367,1926 1412,1925 1458,1923 1504,1923 1549,1923 1595,1923 1641,1923 1687,1923 1732,1925 1778,1925 1824,1926 1869,1926 1915,1926 1961,1928 2006,1928 2052,1926 2098,1926 2144,1925"/>
                <TextEquiv>
                    <Unicode>gemelte bosenn geystor zu Ihnen gesagt, Ey sollen</Unicode>
                </TextEquiv>
            </TextLine>
            <TextLine id="r3l24" custom="readingOrder {index:22;}">
                <Coords points="1236,2010 1996,2010 2111,1997 2111,1935 1952,1973 1866,1930 1770,1968 1663,1921 1593,1965 1531,1931 1489,1965 1410,1948 1236,1979"/>
                <Baseline points="1241,1998 1284,1997 1327,1995 1370,1995 1413,1995 1457,1994 1500,1994 1543,1994 1586,1994 1629,1994 1673,1995 1716,1995 1759,1995 1802,1997 1845,1997 1889,1998 1932,2000 1975,2000 2018,2001 2061,2003 2105,2004"/>
                <TextEquiv>
                    <Unicode>iemorncher bättenn. Nach dem aber das mal Vote</Unicode>
                </TextEquiv>
            </TextLine>
            <TextLine id="r3l25" custom="readingOrder {index:23;}">
                <Coords points="1218,2108 1596,2070 1636,2100 1732,2071 1808,2121 1874,2075 1904,2099 1997,2066 2055,2094 2054,1998 1867,2008 1819,2048 1725,2002 1607,2049 1559,2002 1475,2034 1363,2008 1305,2041 1259,2013 1217,2041"/>
                <Baseline points="1223,2081 1264,2078 1305,2077 1346,2075 1388,2073 1429,2072 1470,2072 1511,2070 1553,2070 1594,2069 1635,2069 1676,2069 1718,2069 1759,2069 1800,2070 1841,2070 1883,2070 1924,2072 1965,2072 2006,2072 2048,2073"/>
                <TextEquiv>
                    <Unicode>syen gedachten köstenn geyster eine sie Vßen d</Unicode>
                </TextEquiv>
            </TextLine>
            <TextLine id="line_1684311277638_2808" custom="readingOrder {index:24;}">
                <Coords points="1217,2106 1373,2077 1597,2073 2003,2067 2167,2125 2159,2178 2122,2196 1849,2205 1407,2204 1217,2171"/>
                <Baseline points="1223,2156 1261,2154 1300,2154 1339,2153 1377,2151 1416,2151 1455,2150 1493,2150 1532,2150 1571,2150 1610,2150 1648,2150 1687,2151 1726,2151 1764,2151 1803,2153 1842,2153 1880,2154 1919,2154 1958,2156 1997,2156 2088,2162 2121,2167 2154,2171"/>
                <TextEquiv>
                    <Unicode>törtt Vfengeshoren, vnnd habe er sich in einem</Unicode>
                </TextEquiv>
            </TextLine>
            <TextLine id="r3l28" custom="readingOrder {index:25;}">
                <Coords points="1221,2278 1309,2231 2001,2251 2001,2159 1973,2155 1855,2209 1697,2155 1605,2156 1530,2207 1385,2211 1335,2166 1222,2190"/>
                <Baseline points="1227,2235 1265,2232 1303,2231 1342,2229 1380,2228 1419,2227 1457,2226 1495,2226 1534,2226 1572,2226 1611,2226 1649,2226 1687,2228 1726,2228 1764,2229 1803,2231 1841,2231 1879,2233 1918,2234 1956,2235 1995,2237"/>
                <TextEquiv>
                    <Unicode>befunden an einem ordt, ds Ihm vnbekannt s</Unicode>
                </TextEquiv>
            </TextLine>
            <TextLine id="r3l29" custom="readingOrder {index:26;} place {offset:17; length:14;}">
                <Coords points="1212,2406 1296,2428 1402,2393 1516,2413 1554,2392 1650,2425 1696,2401 1825,2425 1935,2415 1936,2361 1845,2388 1773,2344 1726,2368 1646,2304 1589,2296 1438,2360 1370,2297 1304,2355 1262,2331 1213,2348"/>
                <Baseline points="1218,2396 1253,2396 1289,2394 1324,2393 1360,2393 1395,2391 1431,2391 1466,2392 1502,2393 1537,2393 1573,2394 1609,2394 1644,2396 1680,2396 1715,2398 1751,2399 1786,2400 1822,2402 1857,2403 1893,2405 1929,2406"/>
                <TextEquiv>
                    <Unicode>Jenge habe er zu Wückerschwendi gen</Unicode>
                </TextEquiv>
            </TextLine>
            <TextLine id="r3l30" custom="readingOrder {index:27;}">
                <Coords points="1214,2497 1292,2468 1396,2499 1461,2451 1629,2484 1766,2460 1826,2499 1861,2469 1904,2501 1934,2477 1934,2414 1826,2429 1738,2406 1695,2440 1602,2400 1563,2427 1531,2398 1440,2436 1393,2400 1341,2437 1249,2398 1214,2426"/>
                <Baseline points="1220,2465 1255,2462 1290,2460 1326,2458 1361,2457 1397,2456 1432,2456 1467,2456 1503,2456 1538,2456 1574,2456 1609,2457 1644,2458 1680,2459 1715,2460 1751,2462 1786,2463 1821,2463 1857,2465 1892,2465 1928,2465"/>
                <TextEquiv>
                    <Unicode>huß vndt gunst vor CGristenlichen ohren</Unicode>
                </TextEquiv>
            </TextLine>
            <TextLine id="r3l31" custom="readingOrder {index:28;}">
                <Coords points="1224,2542 1510,2526 1694,2557 1766,2527 1859,2579 1941,2571 1941,2486 1855,2513 1767,2462 1629,2485 1462,2450 1385,2508 1298,2473 1225,2505"/>
                <Baseline points="1230,2528 1265,2528 1300,2526 1335,2526 1371,2525 1406,2525 1441,2524 1476,2523 1512,2523 1547,2523 1582,2523 1617,2523 1653,2523 1688,2524 1723,2525 1758,2526 1794,2527 1829,2528 1864,2530 1899,2532 1935,2534"/>
                <TextEquiv>
                    <Unicode>midt einer roen kalteten Im stall eines</Unicode>
                </TextEquiv>
            </TextLine>
            <TextLine id="r3l32" custom="readingOrder {index:29;}">
                <Coords points="1225,2635 1271,2606 1297,2608 1316,2601 1328,2610 1350,2607 1372,2621 1388,2604 1401,2605 1399,2536 1319,2547 1273,2522 1223,2565"/>
                <Baseline points="1230,2601 1257,2599 1285,2597 1312,2595 1340,2595 1367,2595 1395,2598"/>
                <TextEquiv>
                    <Unicode>gelandlet</Unicode>
                </TextEquiv>
            </TextLine>
            <TextLine id="r3l33" custom="readingOrder {index:30;}">
                <Coords points="1758,2695 1771,2695 1782,2684 1788,2684 1788,2629 1781,2629 1778,2631 1774,2626 1768,2626 1765,2629 1758,2629"/>
                <Baseline points="1764,2687 1782,2687"/>
                <TextEquiv>
                    <Unicode></Unicode>
                </TextEquiv>
            </TextLine>
            <TextLine id="r3l34" custom="readingOrder {index:31;}">
                <Coords points="1211,2748 1298,2724 1390,2758 1418,2733 1531,2783 1596,2731 1683,2759 1738,2741 1929,2756 1943,2667 1877,2688 1812,2668 1746,2700 1636,2633 1557,2675 1482,2648 1418,2680 1372,2641 1214,2650"/>
                <Baseline points="1218,2724 1253,2724 1289,2723 1325,2723 1361,2724 1397,2724 1432,2726 1468,2727 1504,2729 1540,2730 1576,2733 1611,2734 1647,2736 1683,2738 1719,2739 1755,2741 1790,2742 1826,2743 1862,2744 1898,2744 1934,2742"/>
                <TextEquiv>
                    <Unicode>Endtlichen Satterbekant, sach dem </Unicode>
                </TextEquiv>
            </TextLine>
            <TextLine id="r3l35" custom="readingOrder {index:32;} place {offset:20; length:7;}">
                <Coords points="1223,2838 1330,2785 1404,2839 1449,2800 1524,2823 1720,2794 1761,2836 1808,2801 1895,2811 1896,2753 1795,2770 1741,2745 1666,2774 1620,2729 1536,2780 1427,2736 1323,2776 1225,2756"/>
                <Baseline points="1230,2796 1264,2795 1299,2793 1334,2792 1368,2792 1403,2792 1438,2793 1472,2793 1507,2795 1542,2796 1576,2796 1611,2798 1646,2799 1680,2801 1715,2802 1750,2804 1784,2804 1819,2805 1854,2805 1889,2805"/>
                <TextEquiv>
                    <Unicode>gspoan Eychdoren zu Wbangen hingrichte</Unicode>
                </TextEquiv>
            </TextLine>
            <TextLine id="r3l36" custom="readingOrder {index:33;} place {offset:28; length:9;}">
                <Coords points="1218,2884 1361,2863 1422,2897 1565,2866 1810,2905 1864,2873 1892,2898 1909,2816 1804,2804 1762,2836 1716,2794 1656,2824 1614,2807 1585,2833 1554,2813 1401,2842 1297,2794 1219,2838"/>
                <Baseline points="1224,2859 1257,2859 1291,2859 1325,2859 1359,2861 1393,2861 1427,2862 1461,2864 1495,2865 1529,2867 1563,2868 1596,2870 1630,2871 1664,2871 1698,2873 1732,2873 1766,2874 1800,2874 1834,2873 1868,2873 1902,2871"/>
                <TextEquiv>
                    <Unicode>Im der bose goyst obenthalb Vezstorff</Unicode>
                </TextEquiv>
            </TextLine>
            <TextEquiv>
                <Unicode>Berner hatter bekennt Er Glur vnnd sin gehorn&#13;
Eychhornn habind zu Forrenbor im Oberen zuß Cre&#13;
verenter zemelden) mit einem kleinen schwartzenn&#13;
Füli sichleider vorgesornn, welches filin an eine&#13;
kipffen angebunden gsin&#13;
Vffliliches sye Ihnen zu Deund, vffeinem&#13;
Hoff der böste geyß erschinnen, welcher allerdingen&#13;
gumn bekleidt gsin unnd vör der ein fuß einem geiß&#13;
fuß glych gsin, Iemstelligen bösenn geyst habind&#13;
sy sich ergeben, midt versprochen, das sy sen woltind syn&#13;
daruff er jedem (alb sy bedunck ghanm) die h&#13;
gebenn. Dieselben syennd aber hernach anders mitt dan&#13;
laub gsin. Vnnd ale habe gedaciter Iemeister Ihnenn&#13;
bekolchenn, vnchistennlich zehandlen, gebrönnen&#13;
gomürden unnd alles böses zu vorbringenn.&#13;
lah disem sunnd sy fnein wald konnen, allda aen&#13;
3.&#13;
Vil böse geyster In schwartzenn mardlen, vnnd wyn&#13;
auch Vileley stpysen, Item Vßgnommenn faltz, vnnd brott,&#13;
Vorhanden ghie dalbon er (.fines bedunckens Grechte&#13;
gscheffenn tuncken unnd gäßenn. Vnnd habunndt&#13;
gemelte bosenn geystor zu Ihnen gesagt, Ey sollen&#13;
iemorncher bättenn. Nach dem aber das mal Vote&#13;
syen gedachten köstenn geyster eine sie Vßen d&#13;
törtt Vfengeshoren, vnnd habe er sich in einem&#13;
befunden an einem ordt, ds Ihm vnbekannt s&#13;
Jenge habe er zu Wückerschwendi gen&#13;
huß vndt gunst vor CGristenlichen ohren&#13;
midt einer roen kalteten Im stall eines&#13;
gelandlet&#13;
&#13;
Endtlichen Satterbekant, sach dem &#13;
gspoan Eychdoren zu Wbangen hingrichte&#13;
Im der bose goyst obenthalb Vezstorff</Unicode>
            </TextEquiv>
        </TextRegion>
        <TextRegion orientation="0.0" type="marginalia" id="r2" custom="readingOrder {index:2;} structure {type:marginalia;}">
            <Coords points="1032,739 1029,930 1194,930 1197,739"/>
            <TextLine id="r2l1" custom="readingOrder {index:0;}">
                <Coords points="1131,526 1150,520 1159,522 1162,518 1169,521 1202,519 1198,475 1169,478 1160,486 1154,483 1134,497 1128,498"/>
                <Baseline points="1136,518 1166,512 1196,512"/>
                <TextEquiv>
                    <Unicode>2.</Unicode>
                </TextEquiv>
            </TextLine>
            <TextLine id="r2l2" custom="readingOrder {index:1;}">
                <Coords points="1058,879 1076,882 1082,875 1089,879 1093,873 1099,877 1130,854 1141,860 1156,860 1171,851 1187,855 1180,812 1167,812 1152,821 1126,814 1107,821 1070,805 1065,811 1047,813"/>
                <Baseline points="1062,867 1091,861 1120,857 1149,854 1179,846"/>
                <TextEquiv>
                    <Unicode> hatte</Unicode>
                </TextEquiv>
            </TextLine>
            <TextLine id="r2l3" custom="readingOrder {index:2;}">
                <Coords points="1060,923 1084,910 1096,911 1100,906 1123,909 1137,892 1165,892 1160,863 1145,863 1132,854 1110,875 1103,875 1086,863 1072,875 1052,878"/>
                <Baseline points="1062,900 1094,896 1126,890 1158,885"/>
                <TextEquiv>
                    <Unicode>ehant e</Unicode>
                </TextEquiv>
            </TextLine>
            <TextEquiv>
                <Unicode>2.
 hatte
ehant e</Unicode>
            </TextEquiv>
        </TextRegion>
    </Page>
</PcGts>
