2448 3264
242 350 1150 485 Bantehh Capas woi
567 474 930 584 We puttig
298 660 1178 806 uff abbenampfem tag ist angegeüigeit dun
295 739 1118 859 nach sliebor bemolten mineß Herrenn, Ganßli
300 799 1131 916 Caspar von 16ri pürtig, sines alters ongefarliden
294 862 1181 982 deyzechenn, oder viertzechenn Jänig gezigter sachen
315 926 1159 1041 alb examiniert, unnd befragtt worden, en hatt sih
324 983 939 1087 Vof folgende form versprochenn.
303 1076 1177 1203 Namlichen wietohar sye das er ingefhar Viezeben
323 1157 1144 1266 tag darvvor ob en gfangenn worden obbemelten
314 1205 1128 1324 Mens destouenaulp zu Rebeng anbioffenn
327 1277 1155 1385 sidt welcher zyth harer mih zhm umbharzogenn
333 1344 1149 1460 Bngd bättlett biß, das sy abgeloffner tagen en
343 1412 1175 1537 Wyler komenn, Da san er Destoneneaulp zuge¬
326 1475 1143 1564 Thawenn, vnnd Auch mittel einer leittern obenn
314 1556 1136 1660 Dunch das tach hinzn In ein Seycher gstigenn
342 1629 1157 1734 ßo welchem er Paspar Ihme gholffen etwas
343 1696 1160 1815 zugs stälen unnd enzwenden, er wüße aber
348 1769 983 1886 nit was sölliches fürzuggsin.
348 1856 1154 1986 vndt doer gfragt vodt Soer uff gefachten
331 1933 1168 2059 Dethonereaulp anleithung zu stölchem diebsta
345 1997 1191 2118 gebenn und ihn darzu angeitzt habe. Hatt e
326 2067 1068 2193 daß keines wogs gestendig syn wollen.
338 2139 1193 2304 Bekiagt, wannenber bemelher Destonment
359 2204 1196 2347 midt dem paar hoson kommen, so man by ihm und
344 2259 1196 2418 Hatter zu bscheid geben in habe sy von eine Prun¬
344 2360 879 2518 Pletli genant gekriff.
332 2414 1191 2607 di gefiagt, wo er Paspar die steumpff mont
358 2490 1193 2678 Sit by ihm funden worden, Salter vermehtet g
363 2563 1136 2739 achter Derfouenbaulp hab Ihm sy geben,
355 2665 1197 2860 Belliagt, wo re das tuchgnommen, wellhes
368 2724 1198 2918 einer frouwgeben, das sy Ihm gembdli damß mail
375 2762 1205 2982 sölte Batterzen antwortt erfolgen laßen, s
380 2853 1208 3079 Achs such hab Im ein welsche gonw geben, die end
388 2922 1210 3145 konne, aber syn mutter kkenne sy wol, Janß
398 3100 690 3233 ihren glien
1363 404 2243 521 Befragt war Ihm die kleider gebenn, so er anhei¬
2116 1315 2296 1388 gwisen worden.
1386 479 2210 586 ge: hatt er geanswortett, Syn muttter habe ihn ver¬
1382 532 1834 637 schinnen Martini bkleidtt
1387 578 2221 702 Hott alß keine anderen vothaltenn gstendig sin
1393 663 2232 751 wellenn. mitt vermelden, sölcher khaler syr dhm
1402 711 2253 799 vonn grind sines heutrens leydt, eEr patte gott
1394 772 2211 859 den allmechtigen bnnd ein gnädige obrigkei
1390 802 2216 914 brungenlichest vmb verzychnng, wölle sich iun
1389 856 2249 965 kunfftigem dermaßen balten, das man ob Gott
1392 902 2271 1024 Wil ab Ihme billicher wyß nith werde zu dagenn
1390 1006 1527 1082 habenn.
1378 1013 2227 1160 gatt hieneben angezeigetn, er sye zum theil im
1398 1085 2284 1242 ergöüw zum theil in der gegne by Anberg bmbhar
1399 1144 2270 1271 und zum theil dan auch im einerum pittt erzogen
1550 1259 2309 1360 er also nit anders bekannen wollen, ist er uf 12 feb 163
1401 1256 1577 1318 wordenn.
1431 1308 2099 1416 seine jugend wegen ledig glasen und in einhtingt
1419 1370 2211 1524 rgel Gnen 3
1553 1486 2058 1593 Biberer äßhafft.
1389 1712 2267 1841 Dyderemahenn Ist selbigenn tags auch gedachte
1422 1791 2245 1897 eine Herrenn ouch Margiett Halley in Biberenn
1408 1847 2281 1961 Huß Haff Peter Schulers buseruw vber gebitt s
1415 1910 2277 2020 sonderlichen deß ein lytt dahar gebuchten Inzuet
1415 1980 2280 2085 liederlichen ghindts gefragt worden. Die hats sich
1421 2037 2075 2138 sprochenn, wie darnach geschicken stadt.
1420 2085 2188 2206 Namlich deit minder vor dan d sig eeren la
1412 2178 2189 2271 darumb angspprochen, bezaberget habe, aber fun
1408 2238 2177 2333 Wüßens Hudellieb siyend Was bemelten
1420 2290 2186 2410 betraffe habt siy demselben woar herberzee
1403 2359 2117 2454 dren willen, vnd wegen sy Ihne gförchte
1425 2420 2151 2530 seßen, dan m hab zren bösen bscheid geben
1415 2495 2128 2610 Dunicl Pagon ertieffe, seye es nihm dane
1419 2554 2096 2654 Ihn bezwongett, Ja in dan Dozmal einest
1431 2615 2097 2730 mil by in Jren huß vbrnacht gsin vn
1423 2677 2072 2819 r daselbst geßen, habe n von dren kr
1428 2755 2077 2873 sy dermalen gsechen habe, Ine einiche
1431 2828 2052 2949 Vrbungen, sonderlich aber, munthen
1427 2910 1719 3024 güngsten ade.
