2448 3264
375 97 1183 427 e
422 251 1112 491 zedigentgen
589 360 839 504 Prinsig
374 538 1178 804 dsler eten el
377 649 1183 884 ent s etegen
382 717 1179 942 Vostenn, furnemmenn, fursichtigen, wysen h
359 788 1193 993 Petor Fröndenychs, Ieß Rbatts, Janiel
364 876 1208 1094 Bischiffs, der Burgerenn vnnd Hans Rudolf
360 968 1206 1140 Garwers, Großweybels, Vber gezigte sachem
380 1032 1197 1194 Der Buprig abermalren zu Martili mit martor
382 1122 1201 1270 mauiriort worden. So hatt sy doch, wie das ve
386 1191 1181 1353 dermal durch Eß kerner mißhandlungen gibtig
383 1252 611 1349 syn welenn.
363 1349 1176 1508 Ist erstlich lir, zum andern mit einem vnd
375 1458 1200 1589 zum dikern mal mit zweyeen steynen ufdest
382 1541 567 1615 wordenn.
377 1602 1169 1736 Vnd diewyl sy nun mitt bkantlich synn wolen
374 1688 1170 1802 ast sy lff 6 Martii 163 Von muerhis
374 1751 1168 1845 statt uund lannd u mit dem ey de verwißen
370 1818 553 1895 wordenn.
967 1847 1016 1902 17.
770 1830 1150 1942 Vide sag. 7. biebr.
316 2080 1108 2229 anch sewer
465 2177 1049 2287 von Bätierkindirs
811 1942 1149 1979 Vide sag. 7. biebr.
360 2467 1184 2637 Vennnd baund Bruber vonm Pfterken
343 2567 1180 2706 der Amptgung landtskut uf Sambstar dem
327 2636 1188 2771 Martii 16 Auch H. Hanns Ridolff d
325 2696 1185 2831 wor Großweybol Vber gebigte sachenn mit erst
327 2772 1193 2932 hafftenn wortenn In der Mannenkeffe examinit
335 2829 1187 2976 worden. Hatt er sich nach folgender mußen erlüdtert.
1365 429 2277 574 Forstlichenn abergefragt werde, wo wie vd
1412 502 2283 633 dfewas Vrsach er denn Jenigen Ack midtflochs
1403 570 2264 705 so hinder ihmfunden worden einfrömbdett habe.
1404 605 2324 746 hatter zu bscheid gebenn., Er habe den selbigen sack
1408 696 2273 796 nit vervnthüngett, sonder die sach siye also
1401 752 2277 871 beschaffenn, Namlichenn, Eh habe Ihn einer
1419 802 2312 966 Vonn Basel angsprochenn, Ihme stöllichen sack
1398 876 2330 1010 zebragen, wan er ihm ihne biß gan frouwbur
1408 941 2333 1064 frage, wölle er ihn gastieren, tage er Ihn aber
1400 1010 2321 1140 wytter, so wölle er ihm für toden sag ein batzen
1390 1081 2328 1224 gebenn. Solliches siye er Guber Ingangenn.
1405 1150 2357 1266 Vnd als er nun In deß bastottenmacher huß, alle
1384 1226 2333 1340 vo den Jahin der Baßler kommen stöllen, gangen
1383 1295 2318 1441 Vnnd Ihm deselbst gwartett, er aber nit kommen
1381 1368 2300 1473 wollenn: Danono er denn sacke vnnd wolle
1384 1440 2322 1559 darint Vf Frougebunnen zu. Vnnd alßo habe in
1381 1516 2321 1640 stillichenn sack geonden, iidt daß sines, Ihn zu¬
1389 1594 2342 1709 entwenden, sonder das er gmeint es sye gradt der
1385 1659 2333 1788 sock, den Ihm der Baslor Verdinge  habe zu¬
1382 1757 1551 1846 tragenn.
1367 1816 2305 1942 Do Ihm aber fürehaltenn worden, wie es kon
1385 1914 2268 2040 Das als er behändigett und gflragt worden, wo
1388 1975 2228 2086 er mit dem fack komme er zu bscheid geben,
1376 2048 2153 2172 einem vonn Basel, Vnd Iorselb sye die
1373 2112 2187 2233 deß Pfister Buß Vnd als man de Jaha
1364 2188 2131 2291 furenn wollenn, er vnderstanden flucke
1377 2254 2117 2386 zestetzenn, Vatter zu antwort erforgen
1372 2329 2170 2442 Er habe nict fliehenn wollen, er sye
1385 2384 2073 2496 tunck Raden gsin, vnd habe zu einen
1374 2461 2031 2570 hinvf zum Giffluttenn wöllenn.
1349 2542 2096 2694 Defest aberker kennglen so
1374 2651 2072 2752 geben, er habe ein schönen kraam ghan
1367 2711 2062 2810 denselben vaß samethafft ander lith
1369 2774 2045 2895 Vnd roffemalen zum weyen zogenn
1347 2857 1622 2941 Denn kommenn.
