2448 3264
385 181 1208 437 o atiges
405 294 1166 459 Lilchori Münsitegenen unnd
338 347 1148 579 Jacob Schnudvon
434 557 612 613 ff Sambstag den 27. Decemb. 1677
467 471 1135 613 Nofflen Fryburstieths.
429 613 1190 767 ff Sambstag den 27. Decemb. 1677
398 647 1195 849 durch der kionden, firnemmen fursecztigen, Kste
400 724 1177 908 herren Hans Rudolff Hornn, deß kleinen dats
989 613 1129 650 Nofflen Fryburstieths.
394 789 1179 966 In byßin Hh. Poter Tormans der burgeren vnd
393 851 1186 1027 Eh. Hans Rudolf Garwors, Großweylels
397 929 1178 1104 Hanns Vfinger vonn Eycei, der Kilchori Mufung
403 984 1157 1133 unnd Jabe Jacob Schmid von Noflenn im dey
397 1055 1172 1193 burgpiett Vber den bichs, so mine Herrn die ha¬
387 1129 1151 1278 richtor minen g. S. zugeschickt, mit betröwung
383 1178 1131 1318 der marter zu Mardili examiniert wordenn,
384 1242 1149 1377 Die sind nun nit folgendem bscheid begegnet.
377 1382 1139 1516 Vnd hatt restlichen gemelter Hans Wlinger
373 1462 1155 1575 als er enetzig unnd besonder gefragt worden, Ver¬
377 1522 1122 1635 moldell Namlichen wie den vor etwas zuts
389 1585 1179 1690 gedachter Schmid als er von Sinnen Vß der Statt
377 1649 1150 1755 ab einem mantt kommenn, Ihme Vottlinger be¬
363 1708 1179 1804 kontt habe, das er sich mit einern die mal Vergangen
350 1773 1169 1889 Item angekan vor Jritthalbem Jaar habe Schiind
371 1840 1155 1946 zu ihme Vttinger gsagt, das er nemen wole,
353 1911 1170 2023 das er by der jenigen wybsperson, deren er kschin
365 1981 1154 2081 hievon die eheversporochen, schlaffe, wan ers thun
360 2046 1166 2152 welhe, so welthe er sich vorborgen damit, wane
343 2109 1155 2221 sy dan by einanderen funde er Vesach bette, sich
346 2170 1155 2281 von ihra scheiden zlassenn, es sölle ihm aber kein
347 2239 1145 2347 leid widerklaren. Voff welliches er Vlhinger sich
352 2307 1137 2416 mit ira vergesenn. Er schmid aber habe ihn
333 2364 1150 2472 Duch obgeörte sine wortt darzu gwitgt, vnd an
516 2422 1152 2548 Fürs diet habe verschinnesige
332 2463 512 2556 gwisenn.
344 2493 1135 2609 er schmid zu ihme im lochgesagt Baner
346 2562 1119 2666 den Jutten Khäler begangen hette, wie er So
328 2621 1131 2723 Welteer, waner zue Thorstuben Aß kame sie
332 2688 1148 2783 tagen ab unnd zur statt lbst, welhe also dem i
343 2758 1149 2847 nit erwarten. Vnd wan schon dem Gorweybel senn
321 2807 1154 2910 tägen hab, so mußt Ihn das nit zuen, in welt den
324 2872 1139 3006 ugen mitt nachfragen, Er welte ober durch hin¬
1393 265 2303 454 Dmne Valter Vlfinere vermeldet, wie wohee sihe
1413 343 2246 520 d verschinnen Mittwuchens bemelts Schmidts
1414 384 2293 578 Vogt mit ein Vllingers Vatter zu Bhuen vus Lon
1402 466 2288 622 kommenn, adan der vogt zu Ihnen gesprochenn
1414 521 2275 673 stellennd uß der sach der sind gutt gstellen gstin
1399 610 1995 751 gebend einanderenn nit also ann
1412 682 2280 859 Vnnd diß alles habe sich shantaffticklich also
1400 748 2332 885 verloffenn, Darob wolle er die marter bestendig
1384 812 2213 955 klich bß sthann, Ia sterbenn, vnnd guafenn.
1391 878 2304 1051 Vnnd als nach disem er Schmid auch bescickt vnd
1388 958 2296 1124 glych thals sonderban examiniert wordenn, hatt
1389 1019 2267 1160 er vber den ersten pundten disen bscheid gebenn
1383 1044 2327 1232 Er dabe nit keiner wybserson nie reschaffen gee
1390 1137 2322 1281 dan mit obbemelten, Diewyl er sy aber gertliche
1403 1225 2339 1341 ghrepb, Vermeine er guttrecht zu Ira ghan ge haben
1392 1279 2330 1398 Vnd vor keiner anderen dabe er nich grott, wie ober vlen
1381 1349 2286 1472 Ihne deßen falschlickenn anclage, nach wardts hatt er
1399 1404 2325 1533 gsagt, erkönne nit stagen, ob er also zu Ihm grett habe
1394 1466 2322 1586 oder it bald aber hatter gsagt, er habe sich kurdz un
1381 1543 2310 1653 keins wegs gegen ihm brumpt, das er sich vermalen mit
1390 1616 2109 1715 einicher dienen diemal Vergangen habe.
1341 1689 2331 1833 Deß anderom artiushalb hab erglich halb nit gfon
1397 1789 1655 1877 dig synn wollen.
2233 1856 2276 1965 Ei
1340 1841 2206 1993 Deß dieben pundfens halb hatter zu bscheid geben
1391 1934 2216 2032 student, so sich Barben genauestet Vnd Comal g
1368 1987 2204 2103 doch glegen habe angfangen darkon reden, Indor
1373 2048 2193 2154 wyß, vnd das vff dise wyß, Wan einer dem eyde
1381 2116 2130 2213 erwartete, sonder sich darvon machte, wie der
1766 2176 1853 2219 wurde.
1372 2172 2168 2274 Obenthalor gethan, was einem In sölchem E
2218 2205 2252 2252 1
1367 2240 2133 2351 wurdt, Jo habe n Schmid, wie glychfhalt au
1376 2313 2132 2416 all, so by ihm hmnaoch gfin uff gl�che meinem
1373 2372 2223 2470 Jedoch nit In ernst, sonder mir zu schimpf
1364 2437 2001 2544 Ihn mie glieißen ghan, Vnd sich Vßeren¬
1362 2499 2151 2646 Erlechen, wal die nd betaffen so sin bele
1363 2598 2135 2687 Han habe er schmid anders nütt görtt, dan de
1373 2660 2124 2755 mans, sy sollind einandownn Vß der sach hab
1366 2729 2109 2845 Nacdisen ft liger linder un haten besehen
1372 2807 2088 2882 Ihme Schmid confrontiert worden, welcher Ihme
1361 2857 2093 2945 deron er Ihn hieoben angeclagt, Vndermundten
1366 2910 2066 2993 aber Vngeacht ist Schmid by angehörtem senne
1373 2963 1864 3066 versprochen durchlß beharrett.
