2448 3264
327 313 1144 463 noch dem en sy angetroffenn habe er snder kein
312 405 1158 523 anders, dann ein Bämfendlin dingenn wollenn,
307 455 1159 575 also hab er sich Inn E Hauftman von Wattemeihr
302 524 1147 630 diennst begebenn, wie er sich nun In demselben dien
318 581 1153 705 vehalfenn, Jarum werde wolben ampter Aß Haupt
305 642 1133 746 menn zugsame geben können, Man solle Ihn Pre
287 699 1123 803 der getröstenn hoffnung werde mitt böses, noch
303 770 1129 872 Bnehrlichs von Ihm reden. Nach endung dießer
300 835 1105 948 Vnwon, wyl Ihm mine g h. Landtschafft noch
305 885 1120 992 it geoffnett gsin, darumb sye in widerumb Ens
284 948 1141 1083 Egburgridtt In die Riederen zogen. Alda er sich
284 1013 1138 1141 s haltenn biß das er vff lobstverschinner vndt
282 1077 1074 1195 Jagt Vß Pyyburgeiott vorwisenn wordenn
275 1149 1134 1260 wetliches, möge er wol drechnung machen, Vß kein
278 1213 1101 1325 anderen Vrsach beschechen, dan d er von ettlichen, die
277 1280 1114 1402 hm Vfsettig, Borleidett worden, das er nitt
275 1348 1114 1466 wolle dn die Maßahanne Sonnst habe n sic
278 1415 1124 1547 selbst die gantze zytt lß, die er da gsein, wol hoal¬
276 1485 1107 1606 Man sölle aber die purenn daselbst fragenn.
269 1543 1060 1648 Vnnd wyl er nun lß beyburg piett wychenn
269 1610 1117 1723 muben er aber anderst mit dan durch hochge¬
249 1667 1079 1776 ter einen g. E. landtschafft daruß kommenn
243 1731 1091 1844 konnenn Syo er den die den Jegenn Alda
261 1791 1084 1898 Alsbald der Mullor beküneth sampt andoronn
257 1851 1081 1956 weren zu ihmkommen, bermeldende wie das sy
246 1918 1068 2024 dliche prasthafferoß habind, Bettind Ihne
260 1973 1113 2090 dasy kommen ganarthnen, es muße Ahnkein
275 2043 1054 2156 Woiderfharenn, vff welche Er pitt, vnnd
321 2112 1101 2216 löffung hin, er mitt Guengangenn, vnd
323 2176 1056 2281 Bwiderem zwäg brachtt. Wenig sytts
324 2234 1095 2344 isem komme ein brautenwyntragen zu Ihm
317 2302 1091 2408 enwol kenne allein der nam sye Ihm Vnbe
333 2370 1074 2469 der bichte Ihn, wie das Ime kundt zu
330 2411 1099 2504 kuwen, vnd In der Landtschafft Vnterlacken
311 2489 1074 2598 herbenn, er sölle sich vfhinmachen gantz
321 2555 1073 2650 Diß habe ihn bewegtt hinf zezuchenn.
318 2616 1056 2724 nun nit wytteer vonn Lädlingenn gsin
299 2679 1043 2786 ein kuger mit einem Ruli Jahar dheseltig
311 2740 1087 2851 sye, sinem furgebenn nach, Vß Oballis purtz
306 2808 1077 2925 Ulch Vrpbend hatter Boller mit zu Gottar thanen
304 2884 1031 2948 schworenn vnnd bestättiget vnd Ist haupft dunch hi
300 2920 1077 3026 Erbel Nß. und ledig faßenn worden. E tum 8. Noc
1311 230 2205 476 Vndt habe disenn kuter denn Pinenn von Will
1312 301 2212 500 wyl darkey de Luterbunnen gmoldenn vnnd
1327 358 2199 562 widerum heim dnn Callis zrechenn wollenn sy
1315 419 2189 615 nam sye Ihm Vnbekentt, dan er Ihn deßelben
1317 467 2212 674 nit grichtt. Dister keyer nun komme mit dem er
1308 550 2279 740 zu Ihme gfangnen, vnd trage Ihn wo re Bß
2226 624 2286 692 g
2221 667 2309 746 elt
1308 634 2178 795 Vnd als ers Ihme angezeigt, Pette in Ihn, er
1302 667 2201 864 Ihm das bemelt Luli gann Cäßingen Einen
1308 741 2208 915 Ihm Blon dig batzen geben, oder zwo man
1311 797 2201 980 halen, welches erlieben wolle Er habe nit v
1315 878 2199 1034 Von dannen einem ein kaß Berkoufft, w
1304 935 2204 1109 ghan das gelt wichenn, vnd angentz nahin von
1301 982 2209 1174 Ihme gfangnen syie in stillichem keins wege
1297 1093 2201 1226 zu stenkonden, das solches fuli eines ander
1299 1129 2189 1286 van deßelben fugess syn stölte. Sye vnlee
1291 1203 2174 1385 den padt mit Ihm vngangen, habe das al
1297 1277 2165 1420 an d handgnommen vnd damit uff Lußen
1290 1352 2175 1494 zogenn, Als eraben gen Tädlingen kommen,
2168 1456 2259 1550 sab
1302 1452 2164 1561 ettliche Landhutt laselbst zugefharen, vnnd
2191 1550 2226 1602 a
1298 1517 2169 1637 Ihm das Luli gnomen furgebende er hab
1289 1585 2141 1698 einem so sich paspar in der abne namse in
1289 1661 2123 1758 Dartum aber Ihme geoblich Vnrechtt von Ihn
1292 1728 2115 1849 beschehenn. Vnnd vff sölliches stye er glein
1290 1801 2019 1901 angenomen worden, Ob bemetter fuypr
1277 1877 2027 1985 fuli entkömbdett habe, oder nitt, möge
1292 1943 2092 2072 wißen, aber das siye die Cutore wacheitt
1275 2017 2036 2148 füger es Ihme obgehörter Wyß ver
1270 2096 1994 2230 Pitett höchlichenn Vmb lediglaßunge
1277 2164 1975 2317 Doiorod vf 5 Noctb. 1611 dars in bywesen der ob
1296 2257 1981 2368 ursichtig wys. h. Jolans Zenders zugheeren vnd deß
1289 2298 2005 2418 garters dor Burgeren und Hans Rudolff Därwes
1291 2341 2012 2456 Hans Boltor von Peuttingen vborgezigte diebstul zu s
1288 2397 1990 2512 nacter examiniert worden, So hatt er doch anders nüt
1271 2421 1976 2585 Dan der voreiner gutten zitt zu Kolenbach 4 oder g
1282 2478 1968 2610 und zu futlingen einem schryber, Peter Trachsel genomen
1275 2520 1975 2677 doch nachwedts als derselb nachseles vernommen, habe e
1286 2560 1945 2719 nit desto wießdunbschechen, er sye eych, in Bolor aber
1292 2590 1967 2749 haben. Denne das Ihm ettliche landlutt molchen
1293 2636 1959 2804 ns In sinen nutz verwert, Jannenhar er In gett
1282 2674 1952 2853 von Fuittingen hinweg wychen mußen. Andowen
1280 2714 1967 2899 duechbß nit gstendig syn wellen. Pitetttrungen in
1282 2767 1943 2949 Ist das erstmallär, 2 mit dem kleinsten stein. 3
1288 2831 1952 3008 digen: Vnd das zmal aber mit diyen steinen Vf
1279 2863 1940 3054 Aachten lises sollens sach fur min s h. Ihn gesahnen
1269 2915 1953 3109 Ie g. (damntman deste baß vhff Ihnachten möge  Ihme
1283 2957 1928 3130 budgepiet widerum bruchen möge, darneben aor erkennt
1281 3012 1930 3172 cahu ein Bophend vff sich selbs schweren solle, ds er di
1274 3038 1726 3175 vertee eer
1275 3069 1565 3159 Ihe biu sch erlinden
1283 3102 1706 3193 cher vorliefte dan wo sohte halten
1721 3136 1828 3203 snder
1285 3135 1455 3207 on solle bnde
1526 3165 1768 3251 he de
1280 3171 1580 3263 n der h en
1161 2833 1262 2922 Becd
