2448 3264
281 411 990 592 wund als er gefragt worden, ober mit zu
263 488 983 648 den weybel zu Rkingen grets habe wenenal
250 564 984 723 Vß der gflangen schafft gledigett worde wollen
247 642 977 788 sich aller erß widerum gan Rlingen Verfugen
245 711 968 852 unnd sy wordinds kein böseren fyrnd habenn
248 788 981 926 dan ihn  hatter zu bscheid geben, Er habenst
236 851 971 998 grott, Wan gehierben ledig worde, So haben
239 932 966 1072 sty zwen fyend gefangen und do en gfegt
243 1007 914 1140 worden warenn. habe er zu bscheid gebenn
222 1089 978 1223 er werdeam Bucheggberg harnun zuchen, vnd
231 1164 673 1265 das allmusenn höüschenn.
240 1240 752 1381 Hat dornebemn vbrmeldet.
218 1372 940 1529 Obbemelter Rouw sir nit ganlang, dacs
219 1466 982 1594 dick, wyßmundig habe große backonn ein schwaste
205 1538 943 1641 bartt einrouwe red. Soer Ihn das lotst mal
200 1601 925 1701 gstetenn habe erteyß wullin dosen, vnd ein
214 1660 927 1788 wyßen zwilchenen Tschoppen angban vnd ein
209 1748 962 1838 schwartzen sohen hutt Vfffragenn. Trnge ge¬
200 1808 941 1917 werlich ein schaser. Dsor Rouw hab Ihme
188 1878 932 1988 kkontt, Erhabe Im Elsaß In einem burrehu
200 1954 769 2072 Vß einem rock dey guedin gnommen.
178 2055 954 2205 Der Kermen lasto bersen din la
197 2164 964 2268 Imantlitt bleidh, vnnd Voll koubflackenn be
196 2214 968 2322 Eein bant labe falbes har Aaget ein wyßen zeielh
191 2272 746 2387 e bfleidung, vnnd ein Schoukhuf.
182 2447 967 2613 relensen dif geneeten hlu d
199 2563 968 2688 ven bekante hohe, schweie, vnnd abschurbliche nuß¬
207 2624 951 2758 edlungenn Habennd Hochgenampt nin gnädig
1132 356 1989 545 Honenn Schulhn s. Rbat, vnd Burger
1141 462 2035 610 diser loblicheen statt Beren u6ff dwen eydt zu recht
1128 556 1570 678 erkennt, vnnd gsporochenn
1207 686 2052 821 es man Ihne dom Nachinhten bebelchenn der
1105 771 2049 917 Jenobenn vß vff gwonnliche Richtstatt füren Ihme
1155 843 2037 952 Mda lß sonderbaror Ihme von siner fugend wegen be¬
1153 898 2034 1017 wißner Guad, sin hauff abschlachenn, demnach denn
1153 959 2077 1099 Pörpel in ein brömend fürrworffen zu pulber unnd
1153 1030 2069 1153 eshen bekronnen vnnd also Ihne vom Laben zum Todt
1172 1107 1850 1222 nach Keisorlichem Rechtenn richten stölle.
1159 1223 2094 1390 v ff Suchstan kon 9 May 1617 Ist dise Verthel
1172 1341 1584 1445 an ihm erstattett wordenn.
1697 1377 1997 1479 Vid. pab 99 105.
1202 1497 1335 1595 und
1184 1570 2069 1709 ragen zwaldt vonoden.
1142 1678 1988 1803 Baßli Enr wyßlands ueereige.
1161 1889 2024 2014 Dieohl dise Klägelin z Wald von Oerzuß li be
1198 1979 1979 2083 Wysland pürtigongephar vor 17 jaron ein kin
1191 2040 1930 2149 sys by Jasop lugelin aucß von bemoltem Hußli
1189 2105 1896 2216 Vstort der ebe erbuget, Irem dosmal gehortt
1194 2168 1905 2280 zutouffenn laßenn, vnnd erst Ietzunder
1191 2248 1867 2352 Ihros ehemans Eydtlichem Einschoid reder
1196 2310 1869 2427 Nigelin zugereigenet. So dst so von solle
1180 2379 1843 2498 Phulers wegenn von einen g.  Schuld
1196 2450 1830 2551 vrstatt Bernn einstund langen das
1197 2548 1360 2615 wordenn.
1201 2587 1809 2728 Wrlle erenseuht vnd berseil v
1220 2693 1688 2799 an Irenn erstattett wordenn.
1542 2779 1745 2926 4
