<?xml version="1.0" encoding="UTF-8" standalone="yes"?>
<PcGts xmlns="http://schema.primaresearch.org/PAGE/gts/pagecontent/2013-07-15" xmlns:xsi="http://www.w3.org/2001/XMLSchema-instance" xsi:schemaLocation="http://schema.primaresearch.org/PAGE/gts/pagecontent/2013-07-15 http://schema.primaresearch.org/PAGE/gts/pagecontent/2013-07-15/pagecontent.xsd">
    <Metadata>
        <Creator>prov=University of Rostock/Institute of Mathematics/CITlab|PLANET AI GmbH/Gundram Leifert/gundram.leifert@planet-ai.de:name=German_Kurrent_XVI-XVIII_M1(htr_id=19584)::::v=2.6.7
prov=University of Rostock/Institute of Mathematics/CITlab|PLANET AI GmbH/Tobias Gruening/tobias.gruening@planet-ai.de:name=de.uros.citlab.module.baseline2polygon.B2PSeamMultiOriented:v=2.6.7
prov=University of Rostock/Institute of Mathematics/CITlab|PLANET AI GmbH/Tobias Gruening/tobias.gruening@planet-ai.de:name=/net_tf/LA73_249_0mod360.pb:de.uros.citlab.segmentation.CITlab_LA_ML:v=2.6.6
Transkribus</Creator>
        <Created>2020-10-05T08:39:55.325+02:00</Created>
        <LastChange>2023-06-12T21:02:09.486+02:00</LastChange>
        <Comments>Auto-rotated according to EXIF orientation = 6</Comments>
        <TranskribusMetadata docId="1334809" pageId="52358895" pageNr="66" tsid="126774964" status="IN_PROGRESS" userId="68497" imgUrl="https://files.transkribus.eu/Get?id=ONZDDVYAUHWOQSDVSNMSFQDW&amp;fileType=view" xmlUrl="https://files.transkribus.eu/Get?id=YQVRJQRKNYGNQVBCUZRVJOTK" imageId="16062763"/>
    </Metadata>
    <Page imageFilename="turmbücher 459_00066-20200922_100349.jpg" imageWidth="2448" imageHeight="3264">
        <ReadingOrder>
            <OrderedGroup id="ro_1687513838374" caption="Regions reading order">
                <RegionRefIndexed index="0" regionRef="r1"/>
                <RegionRefIndexed index="1" regionRef="r2"/>
            </OrderedGroup>
        </ReadingOrder>
        <TextRegion orientation="0.0" type="paragraph" id="r1" custom="readingOrder {index:0;} structure {type:paragraph;}">
            <Coords points="273,443 270,2934 1106,2935 1109,444"/>
            <TextLine id="r1l1" custom="readingOrder {index:0;} place {offset:4; length:12;}">
                <Coords points="427,550 594,547 645,594 689,559 730,556 788,597 843,565 1019,604 1056,635 1069,567 976,545 927,489 845,479 751,511 711,476 655,485 585,430 512,476 483,455 436,467"/>
                <Baseline points="434,539 465,540 496,540 527,542 558,543 590,545 621,546 652,548 683,550 714,553 746,555 777,558 808,562 839,566 870,571 902,576 933,581 964,588 995,595 1026,603 1058,612"/>
                <TextEquiv>
                    <Unicode>ven dinffinsefen dilbest</Unicode>
                </TextEquiv>
            </TextLine>
            <TextLine id="r1l2" custom="readingOrder {index:1;} person {offset:3; length:7;}">
                <Coords points="407,620 533,616 585,652 650,615 866,630 940,647 967,676 1001,664 1063,688 1066,645 1025,608 952,588 787,597 720,556 643,594 549,540 497,572 412,568"/>
                <Baseline points="414,608 446,609 478,609 510,611 542,611 575,611 607,612 639,612 671,614 703,615 736,616 768,618 800,622 832,624 864,629 897,633 929,638 961,645 993,651 1025,661 1058,671"/>
                <TextEquiv>
                    <Unicode>er Binpard zu kommer kundtschafft</Unicode>
                </TextEquiv>
            </TextLine>
            <TextLine id="r1l3" custom="readingOrder {index:2;}">
                <Coords points="405,680 674,697 773,681 842,734 933,708 1060,754 1065,687 967,676 940,646 856,675 818,634 777,651 681,634 616,662 553,635 408,640"/>
                <Baseline points="411,671 443,672 475,673 507,674 539,675 572,676 604,677 636,678 668,679 700,681 733,683 765,686 797,689 829,692 861,695 894,699 926,704 958,710 990,716 1022,724 1055,732"/>
                <TextEquiv>
                    <Unicode>emerucher, nach erlaat der geordneten se</Unicode>
                </TextEquiv>
            </TextLine>
            <TextLine id="r1l4" custom="readingOrder {index:3;}">
                <Coords points="411,746 607,748 667,757 697,777 756,754 820,769 823,711 773,682 737,683 679,725 655,724 629,702 579,718 529,688 485,704 414,680"/>
                <Baseline points="417,734 443,735 470,737 496,737 523,738 549,739 576,740 602,741 629,743 655,744 682,746 708,747 735,749 761,751 788,754 815,756"/>
                <TextEquiv>
                    <Unicode>brucht werdenn sölle.</Unicode>
                </TextEquiv>
            </TextLine>
            <TextLine id="r1l5" custom="readingOrder {index:4;}">
                <Coords points="428,838 557,839 602,868 651,846 722,866 801,857 823,879 901,865 981,895 1012,875 1058,896 1064,830 988,839 825,778 725,793 677,770 574,771 432,794"/>
                <Baseline points="435,830 465,831 496,833 527,834 558,834 589,836 620,837 651,840 682,840 713,843 744,846 774,848 805,852 836,855 867,858 898,861 929,867 960,872 991,878 1022,884 1053,891"/>
                <TextEquiv>
                    <Unicode>ber hatt er sich also versprochenn V</Unicode>
                </TextEquiv>
            </TextLine>
            <TextLine id="r1l6" custom="readingOrder {index:5;} person {offset:3; length:7;} place {offset:15; length:7;}">
                <Coords points="452,903 852,919 990,960 1067,961 1071,917 1013,876 970,897 845,866 823,879 805,858 734,874 707,848 613,880 558,840 498,869 456,857"/>
                <Baseline points="459,893 489,894 519,896 549,897 579,899 609,901 639,902 669,905 699,905 729,907 760,910 790,912 820,915 850,918 880,922 910,926 940,931 970,935 1000,940 1030,945 1061,953"/>
                <TextEquiv>
                    <Unicode>er Murerin von Villard by 3. B zei</Unicode>
                </TextEquiv>
            </TextLine>
            <TextLine id="r1l7" custom="readingOrder {index:6;}">
                <Coords points="431,973 475,1000 549,960 587,991 618,980 645,1006 675,988 706,1011 786,988 811,1013 867,990 929,1037 978,1011 1060,1030 1066,954 994,971 953,948 867,957 760,916 657,929 534,904 480,940 434,939"/>
                <Baseline points="438,960 468,964 499,966 530,968 561,971 592,972 623,974 653,975 684,978 715,979 746,981 777,983 808,986 839,987 869,990 900,994 931,997 962,1001 993,1006 1024,1010 1055,1017"/>
                <TextEquiv>
                    <Unicode>n gsin Hab siy Ihn laßsen wurßen, van</Unicode>
                </TextEquiv>
            </TextLine>
            <TextLine id="r1l8" custom="readingOrder {index:7;}">
                <Coords points="474,1059 505,1043 641,1071 841,1064 1066,1103 1070,1048 1039,1030 979,1018 934,1046 850,992 813,1017 780,988 647,1013 607,982 549,1020 478,1014"/>
                <Baseline points="482,1044 512,1046 542,1047 573,1049 603,1052 634,1052 664,1054 695,1055 725,1056 756,1058 786,1061 817,1062 847,1064 878,1067 908,1069 939,1072 969,1076 1000,1079 1030,1084 1061,1089"/>
                <TextEquiv>
                    <Unicode>gegen Marze Buerkentt enthebenn</Unicode>
                </TextEquiv>
            </TextLine>
            <TextLine id="r1l9" custom="readingOrder {index:8;}">
                <Coords points="524,1133 637,1163 667,1142 702,1163 737,1142 782,1164 821,1146 861,1176 923,1150 1082,1165 1084,1110 1014,1084 970,1105 939,1077 907,1096 850,1070 810,1088 777,1060 722,1085 664,1062 618,1083 584,1056 526,1075"/>
                <Baseline points="530,1127 557,1128 584,1130 611,1130 639,1131 666,1132 693,1133 721,1134 748,1135 775,1136 803,1136 830,1137 857,1139 884,1140 912,1142 939,1144 966,1145 994,1147 1021,1150 1048,1152 1076,1155"/>
                <TextEquiv>
                    <Unicode>unde sy daß zu freiden fien, Vnd lid</Unicode>
                </TextEquiv>
            </TextLine>
            <TextLine id="r1l10" custom="readingOrder {index:9;}">
                <Coords points="531,1212 768,1213 794,1238 858,1214 1082,1237 1084,1177 1037,1167 978,1185 937,1168 874,1193 820,1147 752,1191 651,1190 534,1140"/>
                <Baseline points="537,1199 564,1200 591,1202 618,1203 645,1205 672,1205 699,1206 726,1207 753,1208 780,1208 807,1209 834,1209 861,1211 888,1211 915,1212 942,1214 969,1215 996,1216 1023,1218 1050,1220 1077,1223"/>
                <TextEquiv>
                    <Unicode>die mirenn mit bemeltem Burc</Unicode>
                </TextEquiv>
            </TextLine>
            <TextLine id="r1l11" custom="readingOrder {index:10;}">
                <Coords points="482,1278 634,1266 686,1302 722,1278 773,1293 813,1277 1083,1305 1085,1250 1050,1226 938,1218 897,1237 850,1215 790,1247 759,1213 564,1221 508,1198 485,1214"/>
                <Baseline points="489,1262 518,1264 547,1265 577,1266 606,1268 636,1268 665,1269 694,1271 724,1272 753,1273 783,1274 812,1275 841,1278 871,1278 900,1280 930,1282 959,1283 988,1284 1018,1287 1047,1289 1077,1292"/>
                <TextEquiv>
                    <Unicode>kommen. Do habe Burkandt zu Ihm</Unicode>
                </TextEquiv>
            </TextLine>
            <TextLine id="r1l12" custom="readingOrder {index:11;}">
                <Coords points="506,1344 581,1346 622,1371 650,1350 674,1376 776,1347 809,1368 871,1353 904,1380 966,1353 1029,1382 1086,1358 1087,1335 1055,1314 1030,1327 992,1296 971,1307 950,1285 869,1312 820,1276 703,1322 640,1274 556,1319 507,1306"/>
                <Baseline points="513,1337 541,1337 569,1339 598,1341 626,1342 654,1343 683,1343 711,1344 739,1344 768,1346 796,1346 824,1346 853,1346 881,1347 909,1347 938,1348 966,1349 994,1350 1023,1352 1051,1354 1080,1355"/>
                <TextEquiv>
                    <Unicode>an erthugegen Gröig dem Schär</Unicode>
                </TextEquiv>
            </TextLine>
            <TextLine id="r1l13" custom="readingOrder {index:12;}">
                <Coords points="506,1440 589,1451 626,1427 718,1426 812,1449 1012,1425 1051,1450 1077,1443 1074,1381 1041,1396 925,1365 901,1381 870,1355 731,1384 697,1359 675,1377 650,1350 618,1378 508,1357"/>
                <Baseline points="513,1415 540,1415 568,1417 596,1418 624,1419 652,1421 680,1421 708,1422 736,1422 764,1424 792,1424 819,1424 847,1425 875,1425 903,1425 931,1427 959,1427 987,1427 1015,1428 1043,1428 1071,1430"/>
                <TextEquiv>
                    <Unicode>solche seim Zethen Breteben weltn</Unicode>
                </TextEquiv>
            </TextLine>
            <TextLine id="r1l14" custom="readingOrder {index:13;}">
                <Coords points="527,1543 640,1501 803,1506 831,1526 926,1505 1030,1535 1076,1516 1077,1465 1009,1422 815,1465 718,1464 681,1432 608,1468 529,1438"/>
                <Baseline points="534,1493 560,1494 587,1495 614,1496 641,1496 668,1497 695,1497 721,1499 748,1499 775,1499 802,1500 829,1500 856,1500 883,1501 909,1502 936,1502 963,1502 990,1502 1017,1502 1044,1503 1071,1503"/>
                <TextEquiv>
                    <Unicode>Ihen auch wortent syn. Welches</Unicode>
                </TextEquiv>
            </TextLine>
            <TextLine id="r1l15" custom="readingOrder {index:14;}">
                <Coords points="503,1585 547,1571 601,1602 649,1572 677,1599 734,1584 805,1611 847,1580 884,1594 946,1574 1005,1623 1088,1584 1089,1526 1025,1536 976,1511 871,1547 804,1506 762,1521 721,1502 675,1540 504,1534"/>
                <Baseline points="509,1566 537,1566 566,1566 595,1567 623,1568 652,1568 681,1568 709,1568 738,1569 767,1569 796,1569 824,1569 853,1571 882,1571 910,1571 939,1571 968,1571 996,1571 1025,1571 1054,1571 1083,1571"/>
                <TextEquiv>
                    <Unicode>Par gegen Ihm zugangen, vnd habe</Unicode>
                </TextEquiv>
            </TextLine>
            <TextLine id="r1l16" custom="readingOrder {index:15;}">
                <Coords points="477,1671 506,1649 624,1682 779,1654 825,1680 857,1648 1085,1650 1085,1628 1050,1609 939,1615 850,1582 767,1620 724,1586 696,1601 644,1579 597,1606 538,1572 477,1610"/>
                <Baseline points="483,1643 512,1643 542,1643 572,1644 602,1644 632,1644 661,1644 691,1643 721,1643 751,1643 781,1643 810,1643 840,1643 870,1643 900,1643 930,1643 959,1644 989,1644 1019,1646 1049,1646 1079,1649"/>
                <TextEquiv>
                    <Unicode>bßerafft stolcher padfung gedachen</Unicode>
                </TextEquiv>
            </TextLine>
            <TextLine id="r1l17" custom="readingOrder {index:16;} person {offset:0; length:6;}">
                <Coords points="551,1761 648,1718 801,1746 845,1715 875,1735 1058,1723 1086,1739 1086,1681 1032,1647 980,1661 946,1645 910,1667 882,1647 825,1680 768,1656 701,1704 596,1684 551,1700"/>
                <Baseline points="557,1719 583,1719 609,1719 635,1721 661,1721 687,1721 713,1721 740,1721 766,1721 792,1721 818,1721 844,1721 870,1721 896,1721 923,1721 949,1721 975,1720 1001,1719 1027,1719 1053,1718 1080,1718"/>
                <TextEquiv>
                    <Unicode>eloron bezalt, dar ver bern</Unicode>
                </TextEquiv>
            </TextLine>
            <TextLine id="r1l18" custom="readingOrder {index:17;} place {offset:0; length:14;}">
                <Coords points="516,1789 619,1825 670,1790 715,1805 761,1791 787,1817 886,1790 933,1821 992,1791 1082,1787 1082,1757 1031,1729 1006,1748 962,1733 920,1752 825,1731 787,1763 647,1719 516,1754"/>
                <Baseline points="522,1782 549,1783 577,1784 605,1785 632,1785 660,1787 688,1787 715,1787 743,1787 771,1787 799,1787 826,1786 854,1785 882,1785 909,1785 937,1784 965,1784 992,1784 1020,1782 1048,1782 1076,1781"/>
                <TextEquiv>
                    <Unicode>edeyßigbathenn habe sr schon thnet</Unicode>
                </TextEquiv>
            </TextLine>
            <TextLine id="r1l19" custom="readingOrder {index:18;}">
                <Coords points="476,1855 596,1857 650,1903 691,1905 790,1848 880,1884 918,1860 1097,1863 1098,1794 1014,1789 964,1833 892,1795 850,1819 822,1797 767,1816 671,1790 618,1825 534,1788 476,1805"/>
                <Baseline points="482,1851 512,1851 542,1851 573,1851 603,1851 634,1851 664,1851 695,1853 725,1853 756,1853 786,1853 816,1854 847,1854 877,1854 908,1854 938,1854 969,1854 999,1853 1030,1853 1060,1852 1091,1851"/>
                <TextEquiv>
                    <Unicode>ettentrichtett shan, welche in Burcken</Unicode>
                </TextEquiv>
            </TextLine>
            <TextLine id="r1l20" custom="readingOrder {index:19;}">
                <Coords points="503,1927 702,1924 755,1950 780,1930 805,1953 840,1925 901,1952 974,1922 1000,1941 1057,1935 1071,1863 987,1883 943,1861 876,1889 833,1857 765,1861 690,1905 595,1891 565,1865 504,1872"/>
                <Baseline points="509,1917 536,1917 564,1917 592,1917 620,1919 647,1919 675,1920 703,1920 731,1920 758,1922 786,1922 814,1922 842,1923 869,1923 897,1923 925,1923 953,1925 980,1925 1008,1923 1036,1923 1064,1923"/>
                <TextEquiv>
                    <Unicode>eltem prorg Vßgewisen. Nach</Unicode>
                </TextEquiv>
            </TextLine>
            <TextLine id="r1l21" custom="readingOrder {index:20;} person {offset:23; length:7; continued:true;}">
                <Coords points="480,2001 785,1999 848,2025 879,1998 944,1994 994,2017 1082,1983 1097,1953 1047,1930 1016,1956 982,1923 905,1963 869,1930 815,1955 778,1929 722,1975 674,1978 567,1928 543,1951 478,1932"/>
                <Baseline points="485,1988 515,1989 545,1990 575,1991 606,1992 636,1992 666,1993 697,1994 727,1994 757,1994 788,1993 818,1992 848,1992 878,1991 909,1989 939,1988 969,1986 1000,1983 1030,1980 1060,1977 1091,1974"/>
                <TextEquiv>
                    <Unicode>Dem habe guerkand Ihne Binfann</Unicode>
                </TextEquiv>
            </TextLine>
            <TextLine id="r1l22" custom="readingOrder {index:21;} person {offset:0; length:6; continued:true;}">
                <Coords points="501,2078 531,2095 561,2069 611,2077 630,2060 665,2081 790,2069 850,2108 897,2072 921,2086 982,2067 1006,2088 1044,2067 1104,2073 1103,2015 1071,1996 1001,2039 909,2000 860,2031 829,2013 780,2036 714,1999 653,2015 606,1990 566,2013 539,1990 500,2016"/>
                <Baseline points="506,2060 535,2061 565,2063 594,2064 624,2065 653,2066 683,2066 712,2067 742,2067 771,2067 801,2067 831,2066 860,2066 890,2065 919,2063 949,2061 978,2059 1008,2057 1037,2054 1067,2051 1097,2048"/>
                <TextEquiv>
                    <Unicode>Paßott vnd ein caag zu Ihmgethen,</Unicode>
                </TextEquiv>
            </TextLine>
            <TextLine id="r1l23" custom="readingOrder {index:22;}">
                <Coords points="450,2148 495,2178 577,2137 1032,2161 1063,2132 1100,2141 1100,2093 1069,2072 1032,2094 987,2071 951,2094 901,2073 844,2110 790,2070 760,2092 671,2077 631,2095 598,2073 450,2104"/>
                <Baseline points="455,2132 488,2132 522,2132 555,2133 589,2133 623,2135 656,2136 690,2136 724,2138 757,2138 791,2138 824,2139 858,2139 892,2138 925,2138 959,2136 993,2134 1026,2132 1060,2129 1094,2126"/>
                <TextEquiv>
                    <Unicode>auch glouben wölle, das er verheisfen hae</Unicode>
                </TextEquiv>
            </TextLine>
            <TextLine id="r1l24" custom="readingOrder {index:23;}">
                <Coords points="452,2238 526,2207 556,2226 613,2206 655,2240 758,2212 873,2262 959,2206 1020,2236 1088,2214 1089,2139 1016,2187 951,2146 884,2172 855,2150 813,2176 726,2138 664,2188 566,2164 453,2180"/>
                <Baseline points="458,2202 489,2202 520,2202 551,2204 583,2204 614,2205 645,2205 676,2207 708,2207 739,2208 770,2210 801,2210 833,2210 864,2210 895,2210 926,2210 958,2208 989,2208 1020,2206 1051,2204 1083,2202"/>
                <TextEquiv>
                    <Unicode>egen einem, so sich Bischoffnawst</Unicode>
                </TextEquiv>
            </TextLine>
            <TextLine id="r1l25" custom="readingOrder {index:24;}">
                <Coords points="485,2284 610,2281 648,2313 682,2283 744,2312 775,2291 1104,2290 1104,2219 1041,2256 958,2207 857,2267 733,2225 657,2243 609,2205 541,2229 486,2213"/>
                <Baseline points="492,2271 522,2272 552,2273 582,2274 613,2275 643,2277 673,2277 704,2279 734,2280 764,2280 795,2282 825,2282 855,2282 885,2282 916,2282 946,2282 976,2280 1007,2279 1037,2276 1067,2274 1098,2271"/>
                <TextEquiv>
                    <Unicode>ben. Welche dag verund vormeinet,</Unicode>
                </TextEquiv>
            </TextLine>
            <TextLine id="r1l26" custom="readingOrder {index:25;} person {offset:6; length:8;} person {offset:23; length:6;}">
                <Coords points="440,2347 547,2370 691,2353 721,2370 747,2350 812,2400 881,2357 932,2380 963,2356 1082,2343 1083,2291 873,2306 856,2289 821,2308 795,2292 745,2313 689,2287 655,2317 613,2280 531,2320 441,2309"/>
                <Baseline points="447,2339 478,2340 510,2342 541,2343 573,2345 604,2346 636,2348 667,2350 699,2352 730,2352 762,2354 793,2354 825,2355 856,2355 888,2354 919,2353 951,2351 982,2349 1014,2346 1045,2342 1077,2337"/>
                <TextEquiv>
                    <Unicode>in dr Burckart den hr. Michel dela</Unicode>
                </TextEquiv>
            </TextLine>
            <TextLine id="r1l27" custom="readingOrder {index:26;}">
                <Coords points="453,2418 546,2456 620,2420 861,2443 979,2424 1036,2456 1109,2428 1110,2366 1057,2359 999,2373 961,2356 933,2381 880,2359 783,2408 701,2354 629,2376 602,2355 563,2383 498,2347 454,2366"/>
                <Baseline points="459,2415 491,2417 523,2417 555,2417 588,2418 620,2420 652,2421 684,2422 717,2424 749,2425 781,2426 813,2427 846,2427 878,2427 910,2426 942,2426 975,2424 1007,2421 1039,2418 1071,2414 1104,2408"/>
                <TextEquiv>
                    <Unicode>Vnnd sonnst noch einen Zurkundtschaft</Unicode>
                </TextEquiv>
            </TextLine>
            <TextLine id="r1l28" custom="readingOrder {index:27;}">
                <Coords points="392,2490 1009,2518 1106,2488 1108,2426 1038,2456 948,2428 882,2474 818,2432 738,2433 704,2459 618,2420 547,2462 496,2421 393,2454"/>
                <Baseline points="398,2480 433,2480 468,2481 503,2483 538,2484 573,2486 608,2488 643,2490 678,2492 713,2493 749,2495 784,2496 819,2498 854,2498 889,2499 924,2499 959,2498 994,2496 1029,2494 1064,2492 1100,2487"/>
                <TextEquiv>
                    <Unicode>amstett. Alls er aber vermercktt, das Iin</Unicode>
                </TextEquiv>
            </TextLine>
            <TextLine id="r1l29" custom="readingOrder {index:28;}">
                <Coords points="504,2563 575,2602 627,2572 667,2591 704,2566 840,2577 893,2613 938,2579 983,2597 1087,2547 1087,2531 1021,2513 964,2530 877,2500 644,2523 544,2492 504,2515"/>
                <Baseline points="510,2559 538,2558 567,2558 595,2558 624,2559 653,2559 681,2561 710,2562 738,2562 767,2564 796,2565 824,2565 853,2565 881,2565 910,2565 939,2564 967,2562 996,2560 1024,2557 1053,2553 1082,2549"/>
                <TextEquiv>
                    <Unicode>ein dag nit wurde erzeigen mögenn.</Unicode>
                </TextEquiv>
            </TextLine>
            <TextLine id="r1l30" custom="readingOrder {index:29;}">
                <Coords points="460,2630 505,2628 532,2652 565,2639 594,2662 660,2633 835,2669 899,2646 963,2680 1007,2642 1091,2632 1091,2574 1043,2562 984,2605 938,2578 879,2613 798,2573 692,2567 667,2589 625,2575 580,2604 460,2611"/>
                <Baseline points="465,2628 496,2628 527,2627 558,2627 589,2628 620,2628 651,2630 682,2631 713,2633 744,2634 775,2636 806,2637 837,2637 868,2638 899,2639 930,2637 961,2636 992,2635 1023,2631 1054,2628 1085,2624"/>
                <TextEquiv>
                    <Unicode>vonn sölcher kundtschafft gstanden, wnnd</Unicode>
                </TextEquiv>
            </TextLine>
            <TextLine id="r1l31" custom="readingOrder {index:30;}">
                <Coords points="459,2701 801,2709 871,2719 906,2749 948,2713 1045,2729 1112,2698 1090,2646 1020,2645 945,2684 894,2647 820,2691 710,2635 674,2658 638,2642 606,2673 559,2641 460,2667"/>
                <Baseline points="465,2699 497,2697 529,2697 561,2697 593,2699 625,2699 657,2702 689,2703 721,2705 753,2706 785,2708 817,2709 849,2710 881,2711 913,2710 945,2709 977,2708 1009,2705 1041,2701 1073,2697 1106,2690"/>
                <TextEquiv>
                    <Unicode>en Monaten widerum Vorgiicht erschi¬</Unicode>
                </TextEquiv>
            </TextLine>
            <TextLine id="r1l32" custom="readingOrder {index:31;} person {offset:13; length:8;}">
                <Coords points="473,2771 633,2803 691,2778 739,2794 780,2775 860,2781 920,2806 965,2782 1092,2772 1092,2747 998,2710 867,2762 759,2709 680,2730 627,2706 591,2735 538,2709 474,2742"/>
                <Baseline points="479,2765 509,2765 539,2766 570,2766 600,2768 630,2768 661,2771 691,2772 721,2774 752,2776 782,2777 812,2778 843,2780 873,2780 903,2781 934,2780 964,2780 994,2777 1025,2775 1055,2771 1086,2768"/>
                <TextEquiv>
                    <Unicode>nabwesen sin Binklans, Alda e</Unicode>
                </TextEquiv>
            </TextLine>
            <TextLine id="r1l33" custom="readingOrder {index:32;}">
                <Coords points="515,2847 837,2845 931,2854 953,2876 995,2856 1053,2875 1103,2846 1105,2795 1067,2773 955,2829 877,2796 848,2815 780,2776 721,2808 608,2785 516,2805"/>
                <Baseline points="521,2835 549,2834 578,2834 607,2835 636,2835 665,2837 694,2838 722,2840 751,2841 780,2843 809,2844 838,2846 867,2847 896,2849 924,2849 953,2849 982,2848 1011,2846 1040,2844 1069,2841 1098,2837"/>
                <TextEquiv>
                    <Unicode>etheil begätt zu erkhanen, ob ihm</Unicode>
                </TextEquiv>
            </TextLine>
            <TextLine id="r1l34" custom="readingOrder {index:33;}">
                <Coords points="600,2914 740,2929 757,2917 794,2951 868,2925 968,2928 1007,2958 1043,2929 1094,2942 1095,2890 953,2876 925,2855 820,2892 749,2844 726,2865 671,2837 620,2883 601,2880"/>
                <Baseline points="606,2906 631,2906 656,2907 682,2908 707,2909 733,2910 758,2911 783,2912 809,2914 834,2915 860,2916 885,2918 911,2918 936,2919 961,2919 987,2918 1012,2917 1038,2916 1063,2913 1089,2910"/>
                <TextEquiv>
                    <Unicode>en worden, sin vorwägten</Unicode>
                </TextEquiv>
            </TextLine>
            <TextEquiv>
                <Unicode>ven dinffinsefen dilbest&#13;
er Binpard zu kommer kundtschafft&#13;
emerucher, nach erlaat der geordneten se&#13;
brucht werdenn sölle.&#13;
ber hatt er sich also versprochenn V&#13;
er Murerin von Villard by 3. B zei&#13;
n gsin Hab siy Ihn laßsen wurßen, van&#13;
gegen Marze Buerkentt enthebenn&#13;
unde sy daß zu freiden fien, Vnd lid&#13;
die mirenn mit bemeltem Burc&#13;
kommen. Do habe Burkandt zu Ihm&#13;
an erthugegen Gröig dem Schär&#13;
solche seim Zethen Breteben weltn&#13;
Ihen auch wortent syn. Welches&#13;
Par gegen Ihm zugangen, vnd habe&#13;
bßerafft stolcher padfung gedachen&#13;
eloron bezalt, dar ver bern&#13;
edeyßigbathenn habe sr schon thnet&#13;
ettentrichtett shan, welche in Burcken&#13;
eltem prorg Vßgewisen. Nach&#13;
Dem habe guerkand Ihne Binfann&#13;
Paßott vnd ein caag zu Ihmgethen,&#13;
auch glouben wölle, das er verheisfen hae&#13;
egen einem, so sich Bischoffnawst&#13;
ben. Welche dag verund vormeinet,&#13;
in dr Burckart den hr. Michel dela&#13;
Vnnd sonnst noch einen Zurkundtschaft&#13;
amstett. Alls er aber vermercktt, das Iin&#13;
ein dag nit wurde erzeigen mögenn.&#13;
vonn sölcher kundtschafft gstanden, wnnd&#13;
en Monaten widerum Vorgiicht erschi¬&#13;
nabwesen sin Binklans, Alda e&#13;
etheil begätt zu erkhanen, ob ihm&#13;
en worden, sin vorwägten</Unicode>
            </TextEquiv>
        </TextRegion>
        <TextRegion orientation="0.0" type="paragraph" id="r2" custom="readingOrder {index:1;} structure {type:paragraph;}">
            <Coords points="1206,405 1212,2891 2201,2891 2195,405"/>
            <TextLine id="r2l2" custom="readingOrder {index:0;}">
                <Coords points="1224,596 1342,563 1408,597 1466,546 1509,566 1559,530 1707,545 1897,492 2119,488 2115,452 2003,457 1914,409 1726,459 1668,423 1454,519 1365,498 1307,521 1213,488"/>
                <Baseline points="1229,584 1273,572 1317,565 1361,555 1405,548 1449,542 1493,537 1537,531 1581,528 1625,523 1670,518 1714,515 1758,512 1802,507 1846,504 1890,501 1934,497 1978,493 2022,489 2066,483 2111,477"/>
                <TextEquiv>
                    <Unicode>durch andere guugsame kundtschafft b vebrinnenn</Unicode>
                </TextEquiv>
            </TextLine>
            <TextLine id="r2l3" custom="readingOrder {index:1;}">
                <Coords points="1207,655 1325,651 1442,604 1540,644 1742,581 1918,604 2088,547 2084,512 2029,484 1898,542 1859,518 1712,545 1569,531 1509,566 1477,546 1409,597 1329,566 1201,600"/>
                <Baseline points="1212,650 1255,639 1298,630 1342,621 1385,615 1429,608 1472,603 1516,597 1559,593 1603,588 1646,585 1689,581 1733,578 1776,573 1820,569 1863,566 1907,561 1950,556 1994,550 2037,544 2081,537"/>
                <TextEquiv>
                    <Unicode>Mis Ihm nun völche Eundtschafft zelegen zuglehenn</Unicode>
                </TextEquiv>
            </TextLine>
            <TextLine id="r2l4" custom="readingOrder {index:2;} person {offset:9; length:5;} place {offset:18; length:12;}">
                <Coords points="1226,726 1572,654 1727,635 1787,660 1829,628 1999,618 2055,641 2133,607 2127,553 2094,542 2047,587 2008,563 1912,606 1740,581 1637,629 1602,602 1506,639 1463,609 1349,663 1295,630 1219,659"/>
                <Baseline points="1230,711 1274,702 1319,692 1364,684 1409,676 1454,669 1498,663 1543,657 1588,651 1633,647 1678,642 1722,638 1767,633 1812,630 1857,626 1902,621 1946,618 1991,613 2036,609 2081,605 2126,599"/>
                <TextEquiv>
                    <Unicode>wordenn, Haber zu Kandtschafft grnam pett, obbe¬</Unicode>
                </TextEquiv>
            </TextLine>
            <TextLine id="r2l5" custom="readingOrder {index:3;} person {offset:23; length:17;}">
                <Coords points="1236,773 1829,691 2009,699 2046,667 2096,698 2156,660 2152,621 2104,608 2041,643 1927,623 1843,653 1810,632 1777,666 1727,636 1660,679 1573,655 1530,687 1440,680 1389,715 1348,696 1305,734 1232,734"/>
                <Baseline points="1241,764 1286,756 1331,747 1377,740 1422,733 1468,727 1513,721 1559,716 1604,710 1650,705 1695,701 1740,697 1786,692 1831,688 1877,684 1922,680 1968,675 2013,672 2059,666 2104,662 2150,656"/>
                <TextEquiv>
                    <Unicode>nampten Bischoff, denn Murte von Villard (welcher</Unicode>
                </TextEquiv>
            </TextLine>
            <TextLine id="r2l6" custom="readingOrder {index:4;} person {offset:38; length:5; continued:true;}">
                <Coords points="1240,838 1347,812 1429,855 1524,783 1699,766 1773,800 1833,754 2005,764 2119,732 2115,684 1841,694 1782,739 1671,713 1625,753 1482,740 1366,758 1320,795 1233,778"/>
                <Baseline points="1245,831 1288,821 1331,813 1375,804 1418,798 1462,791 1505,785 1549,779 1592,774 1636,769 1679,765 1722,761 1766,757 1809,753 1853,749 1896,745 1940,741 1983,738 2027,734 2070,728 2114,725"/>
                <TextEquiv>
                    <Unicode>obbemolten glöubigenm eheman gsin vnd Jacob</Unicode>
                </TextEquiv>
            </TextLine>
            <TextLine id="r2l7" custom="readingOrder {index:5;} person {offset:0; length:8; continued:true;}">
                <Coords points="1240,917 1402,862 1637,843 1718,872 1789,828 1920,813 2012,847 2173,794 2167,742 2119,731 1906,794 1645,769 1579,815 1526,783 1433,851 1347,812 1232,841"/>
                <Baseline points="1244,893 1290,884 1336,877 1382,871 1428,865 1474,858 1520,852 1566,848 1612,843 1658,838 1705,832 1751,828 1797,824 1843,819 1889,815 1935,810 1981,807 2027,803 2073,798 2119,794 2166,789"/>
                <TextEquiv>
                    <Unicode>Ziostlor wolche zuge al Vifgenondenn er teöstlend</Unicode>
                </TextEquiv>
            </TextLine>
            <TextLine id="r2l8" custom="readingOrder {index:6;}">
                <Coords points="1234,972 1437,964 1509,913 1561,939 1848,881 2076,869 2159,897 2148,788 2027,855 1870,822 1734,879 1607,847 1548,891 1493,854 1442,897 1408,875 1229,928"/>
                <Baseline points="1238,954 1283,949 1329,944 1374,939 1420,933 1466,928 1511,923 1557,918 1602,912 1648,908 1694,903 1739,899 1785,894 1830,890 1876,885 1922,881 1967,876 2013,872 2058,868 2104,864 2150,860"/>
                <TextEquiv>
                    <Unicode>portlgisch gsin, Nun habe es sich vernach zugetragen</Unicode>
                </TextEquiv>
            </TextLine>
            <TextLine id="r2l9" custom="readingOrder {index:7;}">
                <Coords points="1236,1037 1445,1002 1485,1031 1539,987 1653,1004 1727,961 1900,973 1994,945 2043,973 2130,931 2116,863 2049,895 1999,876 1950,919 1841,883 1774,943 1646,905 1564,962 1483,926 1387,984 1264,956 1229,977"/>
                <Baseline points="1241,1031 1285,1022 1329,1013 1373,1006 1417,999 1461,992 1505,986 1549,980 1593,976 1637,972 1682,968 1726,963 1770,959 1814,956 1858,952 1902,949 1946,945 1990,940 2034,936 2078,930 2123,926"/>
                <TextEquiv>
                    <Unicode>das an einem tag, an welchem sin elwiger, die zum</Unicode>
                </TextEquiv>
            </TextLine>
            <TextLine id="r2l10" custom="readingOrder {index:8;} person {offset:4; length:6;} person {offset:40; length:7;}">
                <Coords points="1240,1130 1404,1075 1498,1102 1567,1054 1613,1078 1842,1016 2155,1004 2198,992 2192,932 2100,929 2023,987 1880,959 1828,998 1727,961 1654,1011 1593,980 1486,1032 1372,1008 1232,1062"/>
                <Baseline points="1242,1098 1289,1090 1337,1082 1384,1074 1432,1067 1479,1061 1527,1054 1574,1049 1622,1043 1669,1038 1717,1033 1764,1029 1812,1024 1859,1019 1907,1015 1954,1010 2002,1005 2049,1001 2097,997 2144,991 2192,986"/>
                <TextEquiv>
                    <Unicode>sin Birers hußlag, todts vberfleiden er Burcken</Unicode>
                </TextEquiv>
            </TextLine>
            <TextLine id="r2l11" custom="readingOrder {index:9;}">
                <Coords points="1248,1201 1288,1166 1643,1115 1701,1152 1759,1098 1840,1122 1908,1076 2167,1085 2196,1069 2190,1014 2066,1000 2013,1044 1959,1005 1899,1036 1863,1015 1775,1075 1723,1050 1609,1085 1554,1063 1506,1106 1404,1075 1241,1142"/>
                <Baseline points="1250,1169 1299,1160 1348,1152 1398,1144 1447,1138 1497,1130 1546,1123 1595,1118 1645,1111 1694,1106 1744,1100 1793,1095 1843,1090 1892,1085 1941,1081 1991,1075 2040,1070 2090,1065 2139,1061 2189,1055"/>
                <TextEquiv>
                    <Unicode>sin binfars frouwwüsenn laßfen, das er sie kündt</Unicode>
                </TextEquiv>
            </TextLine>
            <TextLine id="r2l12" custom="readingOrder {index:10;}">
                <Coords points="1262,1266 1473,1206 1589,1255 1706,1182 1796,1208 1862,1160 1921,1192 2024,1135 2209,1136 2201,1077 2080,1070 2024,1104 1940,1087 1856,1134 1797,1094 1724,1153 1645,1114 1601,1154 1499,1143 1447,1180 1402,1154 1334,1195 1289,1169 1253,1193"/>
                <Baseline points="1265,1241 1311,1233 1358,1224 1405,1217 1452,1210 1499,1203 1545,1196 1592,1191 1639,1184 1686,1179 1733,1173 1779,1168 1826,1164 1873,1158 1920,1153 1967,1148 2013,1143 2060,1139 2107,1133 2154,1128 2201,1122"/>
                <TextEquiv>
                    <Unicode>schafftlegen wolte. Ießen Vngeacht habe sin frouw</Unicode>
                </TextEquiv>
            </TextLine>
            <TextLine id="r2l13" custom="readingOrder {index:11;}">
                <Coords points="1260,1321 1406,1297 1454,1316 1484,1287 1721,1259 1843,1276 1885,1238 2131,1223 2138,1162 2084,1188 2015,1144 1909,1209 1711,1187 1669,1224 1582,1218 1549,1258 1484,1214 1432,1266 1389,1234 1255,1278"/>
                <Baseline points="1265,1313 1308,1306 1352,1300 1395,1294 1439,1289 1483,1283 1526,1277 1570,1272 1614,1266 1657,1261 1701,1255 1745,1250 1788,1245 1832,1240 1876,1234 1919,1231 1963,1226 2007,1221 2050,1217 2094,1213 2138,1208"/>
                <TextEquiv>
                    <Unicode>als die von Irer munter vodts wegen bekimmert</Unicode>
                </TextEquiv>
            </TextLine>
            <TextLine id="r2l14" custom="readingOrder {index:12;} person {offset:21; length:6;}">
                <Coords points="1254,1393 1362,1377 1433,1416 1493,1355 1557,1400 1624,1345 1904,1345 1971,1311 2147,1308 2184,1267 2031,1219 1959,1274 1886,1238 1843,1277 1724,1262 1652,1306 1595,1272 1535,1331 1474,1301 1439,1332 1400,1302 1322,1343 1247,1328"/>
                <Baseline points="1259,1383 1305,1378 1351,1372 1397,1366 1443,1361 1489,1356 1535,1351 1581,1346 1627,1340 1673,1337 1719,1331 1765,1327 1811,1322 1857,1318 1903,1313 1949,1309 1995,1305 2041,1301 2087,1297 2133,1294 2180,1290"/>
                <TextEquiv>
                    <Unicode>was vergesteen, Ihme Bipfar solches anzuzeigen</Unicode>
                </TextEquiv>
            </TextLine>
            <TextLine id="r2l15" custom="readingOrder {index:13;}">
                <Coords points="1257,1473 1458,1431 1505,1469 1548,1428 1636,1447 1667,1413 1739,1432 1799,1397 1870,1434 1946,1383 1998,1401 2168,1366 2163,1309 2046,1302 1903,1345 1848,1326 1787,1380 1598,1364 1557,1400 1490,1358 1436,1416 1250,1398"/>
                <Baseline points="1262,1454 1307,1448 1352,1442 1397,1436 1442,1431 1487,1427 1532,1423 1577,1419 1622,1415 1667,1409 1712,1406 1757,1403 1802,1399 1847,1395 1892,1391 1937,1387 1982,1383 2027,1379 2072,1375 2117,1371 2162,1367"/>
                <TextEquiv>
                    <Unicode>Obwol nun die sachen sich also verloffen, So ward</Unicode>
                </TextEquiv>
            </TextLine>
            <TextLine id="r2l16" custom="readingOrder {index:14;} person {offset:32; length:8;}">
                <Coords points="1266,1524 1379,1539 1461,1505 1513,1542 1588,1483 2162,1449 2162,1367 2095,1414 2038,1376 2001,1409 1943,1386 1870,1434 1804,1397 1736,1432 1679,1410 1616,1464 1529,1472 1444,1433 1263,1500"/>
                <Baseline points="1271,1518 1315,1514 1360,1509 1404,1504 1449,1499 1493,1494 1538,1490 1582,1485 1627,1481 1671,1476 1716,1473 1761,1467 1805,1464 1850,1460 1894,1456 1939,1452 1983,1449 2028,1446 2072,1441 2117,1437 2162,1434"/>
                <TextEquiv>
                    <Unicode>mittdoßtweniger erkentt, das er Bueckend sin</Unicode>
                </TextEquiv>
            </TextLine>
            <TextLine id="r2l17" custom="readingOrder {index:15;}">
                <Coords points="1276,1600 1424,1568 1573,1588 1648,1552 1771,1584 1830,1537 2159,1515 2163,1474 2000,1443 1883,1492 1842,1469 1796,1499 1750,1468 1691,1511 1643,1484 1514,1542 1367,1545 1325,1514 1269,1533"/>
                <Baseline points="1280,1584 1326,1579 1372,1573 1418,1568 1465,1563 1511,1558 1557,1553 1603,1548 1650,1544 1696,1540 1742,1536 1788,1532 1835,1527 1881,1523 1927,1520 1973,1516 2020,1512 2066,1508 2112,1505 2159,1500"/>
                <TextEquiv>
                    <Unicode>Verwären gnugsam erzeigt hötte. Irhalbenn</Unicode>
                </TextEquiv>
            </TextLine>
            <TextLine id="r2l18" custom="readingOrder {index:16;} person {offset:0; length:9;}">
                <Coords points="1273,1706 1412,1648 1526,1638 1578,1671 1622,1631 1731,1638 1925,1585 2062,1580 2108,1616 2180,1575 2174,1515 1832,1538 1762,1589 1663,1553 1596,1601 1535,1568 1435,1616 1324,1584 1264,1617"/>
                <Baseline points="1274,1653 1319,1650 1364,1646 1409,1643 1454,1638 1499,1634 1544,1629 1589,1624 1634,1620 1679,1615 1724,1610 1769,1605 1814,1599 1859,1595 1904,1591 1949,1586 1994,1581 2039,1577 2084,1574 2129,1570 2174,1568"/>
                <TextEquiv>
                    <Unicode>Burckartt Ihm gebt, oder pfand abforderen lafsen</Unicode>
                </TextEquiv>
            </TextLine>
            <TextLine id="r2l19" custom="readingOrder {index:17;}">
                <Coords points="1273,1763 1312,1743 1358,1767 1398,1720 1866,1692 1941,1659 2076,1686 2175,1650 2168,1580 2107,1615 1926,1586 1811,1635 1690,1615 1474,1694 1415,1648 1267,1702"/>
                <Baseline points="1275,1725 1319,1721 1364,1717 1408,1713 1453,1709 1498,1704 1542,1699 1587,1695 1632,1691 1676,1685 1721,1680 1766,1676 1810,1673 1855,1668 1900,1664 1944,1661 1989,1656 2034,1654 2078,1650 2123,1648 2168,1646"/>
                <TextEquiv>
                    <Unicode>dauuffer Amgand ihme zu bscheid werden laßen</Unicode>
                </TextEquiv>
            </TextLine>
            <TextLine id="r2l20" custom="readingOrder {index:18;}">
                <Coords points="1293,1801 1454,1811 1528,1773 1592,1811 1714,1757 1878,1766 2090,1724 2124,1744 2180,1706 1985,1671 1936,1717 1885,1692 1847,1722 1711,1687 1669,1720 1533,1700 1290,1771"/>
                <Baseline points="1298,1791 1341,1787 1385,1784 1429,1779 1473,1774 1517,1770 1561,1766 1604,1762 1648,1758 1692,1755 1736,1751 1780,1747 1824,1744 1868,1740 1911,1737 1955,1735 1999,1733 2043,1730 2087,1728 2131,1727 2175,1725"/>
                <TextEquiv>
                    <Unicode>er habe Ihn vernügt, so wol auch mittel der 30.</Unicode>
                </TextEquiv>
            </TextLine>
            <TextLine id="r2l21" custom="readingOrder {index:19;}">
                <Coords points="1281,1868 1902,1808 2039,1833 2088,1799 2198,1796 2194,1733 1922,1740 1857,1778 1810,1750 1729,1800 1630,1780 1592,1812 1488,1779 1395,1832 1353,1800 1278,1821"/>
                <Baseline points="1286,1859 1331,1855 1376,1851 1421,1847 1467,1842 1512,1839 1557,1835 1603,1831 1648,1827 1693,1824 1739,1820 1784,1817 1829,1814 1874,1810 1920,1808 1965,1804 2010,1802 2056,1799 2101,1796 2146,1793 2192,1790"/>
                <TextEquiv>
                    <Unicode>bath als der 3 florynen die er kemidt seiner</Unicode>
                </TextEquiv>
            </TextLine>
            <TextLine id="r2l22" custom="readingOrder {index:20;}">
                <Coords points="1289,1934 1378,1954 1452,1908 1521,1942 1555,1910 1680,1900 1722,1931 1770,1887 1812,1915 1878,1882 1977,1902 2103,1862 2101,1838 1968,1806 1919,1838 1864,1820 1830,1844 1784,1816 1708,1859 1578,1839 1477,1893 1365,1863 1287,1898"/>
                <Baseline points="1295,1925 1335,1921 1375,1917 1415,1914 1455,1910 1495,1907 1535,1904 1575,1900 1615,1899 1655,1895 1696,1892 1736,1889 1776,1887 1816,1885 1856,1881 1896,1879 1936,1877 1976,1874 2016,1871 2056,1869 2097,1866"/>
                <TextEquiv>
                    <Unicode>willigung obgedachtem feörgdem Schuem</Unicode>
                </TextEquiv>
            </TextLine>
            <TextLine id="r2l23" custom="readingOrder {index:21;}">
                <Coords points="1299,2009 2181,1938 2177,1891 2129,1869 1933,1930 1773,1888 1723,1931 1680,1900 1627,1930 1547,1912 1521,1943 1440,1916 1398,1952 1294,1934"/>
                <Baseline points="1304,1997 1347,1993 1391,1989 1434,1986 1478,1982 1521,1979 1565,1976 1608,1971 1652,1968 1695,1965 1739,1961 1782,1958 1826,1955 1869,1950 1913,1948 1956,1944 2000,1941 2043,1939 2087,1935 2130,1932 2174,1929"/>
                <TextEquiv>
                    <Unicode>Vberlifferett. Dahalben sy widerum am rchtenn</Unicode>
                </TextEquiv>
            </TextLine>
            <TextLine id="r2l24" custom="readingOrder {index:22;}">
                <Coords points="1299,2108 1364,2113 1409,2062 1481,2077 1659,2039 1746,2057 1902,2029 1950,2066 1993,2019 2118,2034 2193,2009 2189,1956 2114,1975 2065,1951 2005,1998 1884,1960 1827,1992 1702,1974 1659,2004 1596,1977 1431,2039 1358,2012 1294,2042"/>
                <Baseline points="1302,2069 1346,2064 1390,2061 1434,2057 1478,2053 1523,2049 1567,2047 1611,2043 1655,2040 1699,2037 1744,2034 1788,2031 1832,2028 1876,2025 1920,2022 1965,2019 2009,2016 2053,2013 2097,2010 2141,2006 2186,2003"/>
                <TextEquiv>
                    <Unicode>geschinnen, allda die Vrtheil vermögen, diestn</Unicode>
                </TextEquiv>
            </TextLine>
            <TextLine id="r2l25" custom="readingOrder {index:23;}">
                <Coords points="1295,2167 1414,2136 1506,2158 1632,2115 1771,2142 1806,2105 1939,2084 1991,2117 2168,2065 2164,2020 2014,2051 1979,2033 1953,2064 1906,2033 1718,2089 1613,2047 1479,2080 1447,2062 1354,2125 1291,2120"/>
                <Baseline points="1299,2148 1342,2143 1385,2138 1428,2133 1471,2129 1515,2124 1558,2119 1601,2116 1644,2112 1687,2109 1731,2105 1774,2101 1817,2098 1860,2094 1903,2092 1947,2088 1990,2085 2033,2082 2076,2079 2119,2075 2163,2072"/>
                <TextEquiv>
                    <Unicode>Burckaftt sin verwägen geugsam bygebrect</Unicode>
                </TextEquiv>
            </TextLine>
            <TextLine id="r2l26" custom="readingOrder {index:24;} person {offset:12; length:6;}">
                <Coords points="1313,2218 1705,2198 1780,2171 1898,2197 1939,2163 2060,2177 2100,2156 2095,2087 2075,2086 1985,2123 1945,2095 1896,2116 1826,2101 1683,2165 1602,2120 1520,2175 1449,2136 1309,2159"/>
                <Baseline points="1319,2208 1357,2205 1396,2202 1435,2199 1474,2196 1512,2193 1551,2190 1590,2187 1629,2184 1667,2181 1706,2177 1745,2175 1784,2171 1822,2169 1861,2167 1900,2164 1939,2162 1977,2159 2016,2158 2055,2156 2094,2154"/>
                <TextEquiv>
                    <Unicode>So sölle er Birfar Ihne vßwysen, vnd s</Unicode>
                </TextEquiv>
            </TextLine>
            <TextLine id="r2l27" custom="readingOrder {index:25;}">
                <Coords points="1282,2321 1429,2277 1521,2301 1546,2272 1637,2259 1883,2266 2048,2233 2064,2195 1982,2163 1916,2216 1843,2203 1799,2231 1734,2199 1648,2232 1607,2197 1491,2219 1424,2202 1376,2241 1303,2211 1275,2229"/>
                <Baseline points="1286,2292 1324,2287 1363,2283 1402,2278 1440,2274 1479,2271 1518,2267 1556,2264 1595,2261 1634,2258 1673,2255 1711,2252 1750,2249 1789,2247 1827,2244 1866,2241 1905,2238 1943,2235 1982,2232 2021,2230 2060,2226"/>
                <TextEquiv>
                    <Unicode>Dise Vrtheil habe er gnommen zuappellieren</Unicode>
                </TextEquiv>
            </TextLine>
            <TextLine id="r2l28" custom="readingOrder {index:26;}">
                <Coords points="1308,2373 1493,2344 1555,2368 1683,2337 1879,2350 1915,2319 2055,2306 2063,2231 1985,2269 1951,2244 1908,2270 1777,2254 1719,2308 1635,2261 1588,2293 1413,2280 1366,2323 1303,2315"/>
                <Baseline points="1313,2364 1350,2360 1388,2355 1425,2351 1463,2348 1500,2344 1538,2340 1575,2337 1613,2335 1650,2332 1688,2330 1725,2327 1763,2324 1800,2322 1838,2320 1875,2317 1913,2315 1950,2312 1988,2309 2025,2306 2063,2303"/>
                <TextEquiv>
                    <Unicode>die kundtschaffen parthgesch gfin, als</Unicode>
                </TextEquiv>
            </TextLine>
            <TextLine id="r2l29" custom="readingOrder {index:27;} person {offset:0; length:5;}">
                <Coords points="1296,2463 1467,2418 1599,2432 1716,2404 1851,2412 1893,2445 1957,2401 2027,2393 2015,2321 1915,2379 1817,2334 1714,2377 1664,2347 1613,2392 1531,2350 1472,2386 1443,2370 1412,2393 1373,2365 1291,2385"/>
                <Baseline points="1301,2445 1337,2440 1373,2434 1409,2428 1445,2424 1481,2420 1517,2417 1553,2415 1589,2413 1625,2411 1661,2409 1697,2407 1733,2406 1769,2405 1805,2403 1841,2401 1877,2400 1913,2397 1949,2395 1985,2392 2021,2388"/>
                <TextEquiv>
                    <Unicode>Wonun so die parthyen dise zr appelle</Unicode>
                </TextEquiv>
            </TextLine>
            <TextLine id="r2l30" custom="readingOrder {index:28;} place {offset:15; length:4;}">
                <Coords points="1326,2517 1603,2482 1765,2497 1799,2477 2010,2476 2015,2411 1922,2417 1892,2446 1759,2405 1693,2448 1549,2411 1520,2438 1468,2418 1440,2441 1322,2443"/>
                <Baseline points="1331,2502 1365,2499 1399,2496 1433,2493 1467,2490 1501,2489 1535,2486 1569,2484 1603,2483 1637,2480 1671,2479 1705,2477 1739,2475 1773,2475 1807,2474 1841,2472 1875,2471 1909,2471 1943,2469 1977,2468 2012,2468"/>
                <TextEquiv>
                    <Unicode>Ir G. allie zn Borm Vorfuren wollen</Unicode>
                </TextEquiv>
            </TextLine>
            <TextLine id="r2l31" custom="readingOrder {index:29;} place {offset:14; length:8;}">
                <Coords points="1327,2614 1387,2575 1530,2554 1629,2556 1660,2585 1716,2551 2064,2536 2060,2466 2001,2505 1951,2472 1893,2496 1865,2472 1775,2498 1602,2483 1323,2521"/>
                <Baseline points="1331,2576 1367,2571 1403,2566 1439,2563 1476,2559 1512,2556 1548,2555 1585,2553 1621,2550 1657,2549 1694,2548 1730,2547 1766,2546 1802,2544 1839,2543 1875,2543 1911,2541 1948,2539 1984,2538 2020,2536 2057,2534"/>
                <TextEquiv>
                    <Unicode>G. den G. von diesbach Vnd der . diebe</Unicode>
                </TextEquiv>
            </TextLine>
            <TextLine id="r2l32" custom="readingOrder {index:30;}">
                <Coords points="1306,2661 1405,2635 1447,2666 1477,2633 1599,2619 1679,2647 1825,2615 1862,2644 1901,2615 1931,2633 2024,2603 2021,2541 1896,2536 1814,2573 1716,2550 1661,2585 1611,2562 1571,2583 1534,2555 1484,2601 1438,2583 1303,2615"/>
                <Baseline points="1311,2652 1346,2646 1381,2642 1417,2637 1452,2634 1487,2631 1523,2628 1558,2625 1593,2624 1629,2622 1664,2620 1699,2619 1735,2618 1770,2615 1805,2615 1841,2613 1876,2611 1911,2609 1947,2607 1982,2604 2018,2600"/>
                <TextEquiv>
                    <Unicode>E dach geordnet sy In früntligkeit zu</Unicode>
                </TextEquiv>
            </TextLine>
            <TextLine id="r2l33" custom="readingOrder {index:31;}">
                <Coords points="1332,2732 1366,2751 1489,2711 1626,2719 1676,2688 1771,2708 1918,2690 1955,2714 1992,2691 1988,2623 1919,2650 1895,2628 1867,2650 1831,2619 1789,2644 1704,2624 1574,2661 1491,2633 1447,2667 1405,2635 1327,2649"/>
                <Baseline points="1337,2720 1369,2717 1401,2714 1434,2711 1466,2709 1499,2706 1531,2704 1563,2703 1596,2700 1628,2699 1661,2696 1693,2695 1725,2694 1758,2692 1790,2691 1823,2689 1855,2688 1887,2685 1920,2684 1952,2683 1985,2681"/>
                <TextEquiv>
                    <Unicode>Doßen Vnborrchtett labe Burckert</Unicode>
                </TextEquiv>
            </TextLine>
            <TextLine id="r2l34" custom="readingOrder {index:32;}">
                <Coords points="1340,2836 1377,2838 1465,2782 1614,2787 1641,2811 1697,2769 1734,2785 1837,2768 1881,2804 1946,2761 1986,2775 1982,2699 1905,2726 1817,2695 1715,2716 1677,2689 1630,2735 1578,2706 1481,2745 1417,2733 1336,2779"/>
                <Baseline points="1343,2798 1374,2795 1406,2792 1438,2790 1470,2788 1502,2785 1534,2783 1565,2781 1597,2778 1629,2775 1661,2774 1693,2772 1725,2769 1757,2768 1788,2766 1820,2765 1852,2763 1884,2762 1916,2760 1948,2760 1980,2760"/>
                <TextEquiv>
                    <Unicode>begeben ohnedz er zrorlutorung erte¬</Unicode>
                </TextEquiv>
            </TextLine>
            <TextLine id="r2l35" custom="readingOrder {index:33;} person {offset:17; length:5;}">
                <Coords points="1338,2924 1456,2868 1515,2903 1591,2861 1709,2887 1781,2853 1878,2881 1927,2841 1999,2850 1994,2776 1953,2763 1882,2804 1838,2768 1751,2792 1697,2769 1612,2828 1511,2789 1458,2817 1417,2797 1368,2850 1332,2830"/>
                <Baseline points="1340,2874 1372,2871 1405,2868 1437,2867 1470,2864 1503,2862 1535,2860 1568,2857 1600,2855 1633,2853 1666,2851 1698,2849 1731,2847 1763,2845 1796,2843 1829,2841 1861,2839 1894,2838 1926,2836 1959,2834 1992,2834"/>
                <TextEquiv>
                    <Unicode>Vff welliches er Bifor vor Ir</Unicode>
                </TextEquiv>
            </TextLine>
            <TextEquiv>
                <Unicode>durch andere guugsame kundtschafft b vebrinnenn&#13;
Mis Ihm nun völche Eundtschafft zelegen zuglehenn&#13;
wordenn, Haber zu Kandtschafft grnam pett, obbe¬&#13;
nampten Bischoff, denn Murte von Villard (welcher&#13;
obbemolten glöubigenm eheman gsin vnd Jacob&#13;
Ziostlor wolche zuge al Vifgenondenn er teöstlend&#13;
portlgisch gsin, Nun habe es sich vernach zugetragen&#13;
das an einem tag, an welchem sin elwiger, die zum&#13;
sin Birers hußlag, todts vberfleiden er Burcken&#13;
sin binfars frouwwüsenn laßfen, das er sie kündt&#13;
schafftlegen wolte. Ießen Vngeacht habe sin frouw&#13;
als die von Irer munter vodts wegen bekimmert&#13;
was vergesteen, Ihme Bipfar solches anzuzeigen&#13;
Obwol nun die sachen sich also verloffen, So ward&#13;
mittdoßtweniger erkentt, das er Bueckend sin&#13;
Verwären gnugsam erzeigt hötte. Irhalbenn&#13;
Burckartt Ihm gebt, oder pfand abforderen lafsen&#13;
dauuffer Amgand ihme zu bscheid werden laßen&#13;
er habe Ihn vernügt, so wol auch mittel der 30.&#13;
bath als der 3 florynen die er kemidt seiner&#13;
willigung obgedachtem feörgdem Schuem&#13;
Vberlifferett. Dahalben sy widerum am rchtenn&#13;
geschinnen, allda die Vrtheil vermögen, diestn&#13;
Burckaftt sin verwägen geugsam bygebrect&#13;
So sölle er Birfar Ihne vßwysen, vnd s&#13;
Dise Vrtheil habe er gnommen zuappellieren&#13;
die kundtschaffen parthgesch gfin, als&#13;
Wonun so die parthyen dise zr appelle&#13;
Ir G. allie zn Borm Vorfuren wollen&#13;
G. den G. von diesbach Vnd der . diebe&#13;
E dach geordnet sy In früntligkeit zu&#13;
Doßen Vnborrchtett labe Burckert&#13;
begeben ohnedz er zrorlutorung erte¬&#13;
Vff welliches er Bifor vor Ir</Unicode>
            </TextEquiv>
        </TextRegion>
    </Page>
</PcGts>
