2448 3264
446 332 1036 482 Ainna Nineh
467 445 1012 552 Vonn Ryechälders.
383 565 1169 706 Vf obbemoltem tag zun bhwäsen obßat
379 656 1165 765 Istaub Maia Marck vonn Gynfelden ein
384 718 1153 839 tig, obgesachts Rudotff Reßlers ehewyl
389 786 1170 904 Vber gehiste sachen zu Marzil, mit meiter
372 852 744 969 befragt wordenn.
370 932 1167 1095 die hatt aberdurdtlß keiner mißhandling
395 1010 1033 1111 gstendig noch gichtig syn wellenn.
389 1074 1180 1235 Ist erstlich la, zumanderen mit einen i
405 1184 1176 1309 zum ditten mal mit zweyen steinen vfzogn
406 1252 603 1337 wordenn.
408 1325 718 1444 Vid. sag 6 bieber.
408 1410 1168 1521 Dise Main Märck ist von dirs bosemn linbderlag
416 1499 1130 1562 Vnd damit sy olbemeltem Irem man nachzucht Vy
411 1540 1150 1622 18 januari 1612 mit demselben diem man mict über
414 1590 1154 1698 ußgstichenn, unnd mit dem eydt von Stel vndli
422 1657 770 1746 verwisenn wordenn.
942 2007 1052 2090 u 16
769 2274 998 2368 Burenn.
520 2168 1146 2344 Bendichtt Riscer von
407 2069 1192 2260 anuss G
1074 2216 1185 2338 s
1090 2368 1125 2373 Als den Beruckter Jagen Beni dishe
381 2373 1184 2545 Als den Beruckter Jagen Beni dishe
411 2425 1187 2612 behendiget, vnd allhar gebrachtt, vnd vf si
413 2518 1184 2688 Bendicht Kistler glichethals widerum eust
425 2572 1185 2769 und allsin in genckliche verlaffung aß
406 2649 1185 2844 wordenn. Matt dieselben vff sambstag den
422 2722 1191 2921 25 januarii diß 1612 jans der promm
431 2773 1177 2989 nemm fürstchtig wyß hore Hans rud
415 2840 1185 3081 veeenht
492 2937 663 3023 dih shatte
491 2917 1182 3164 en leen
1363 464 2250 578 de eßwothbelr Vber getigte sachen, sonderlich vber
1370 543 2235 611 die, doren gedachten Inschee von Kestler anclagt worden
1382 589 2241 685 nit ernsthafftenn wortenn In der Mannenkei
1360 643 1889 735 examiniert, vnnd befragt.
1371 691 2205 812 Vnnd Satterstlichenn gemeltee Jusche (als
1358 772 2257 865 er eintzig unnd besonder gfragt worden) folgenden
1366 843 1638 937 bscheid gebenn.
1360 895 2219 1010 Namlichenn, wie Wharsye, dz er den dittenn
1358 966 2251 1075 shäler begangenn, den ersten zur Nüwenstatt mit
1358 1022 2232 1142 eineren, so sich das Elein Margiethlin guemstets, den
1363 1080 2252 1171 anderen sligorte in jr Bath Ludwig Michels huß
1344 1126 2251 1246 deßen Jomalen obbemehter Kußler ein Vrsach gsin¬
1362 1193 2233 1317 dis welcher Jas Lusels: (also hab die selbe dienen
1358 1249 2231 1361 einnammen nachin geürtt, sprechende
1356 1308 2183 1407 laß uns das Lüßel nit unns fürenn.
1353 1358 2261 1478 vndt zum dittenmal habe er sich zur Landerenn
1357 1421 2263 1530 abermalen mit gemeltem Kußelsi Vergesenn
1353 1490 2229 1605 Es habe Ihn aber domalen deß wirts krechts zu
1362 1545 2268 1661 söllichem Vorbrsachttt. Dan nach dem in Juscher
1355 1613 2275 1713 sich zur ruw begeben, Vnd die kammer bschloßenn
1343 1669 2317 1794 habe der knechtt der dienen den schlüßel zur kommenn
1357 1734 2279 1856 geben, also sye sy ziesn ins gmach kommen, unnd
1349 1787 2319 1927 als er gfragt worden, ob er sich nith sonsten nchte Ver
1355 1874 2329 1993 ganrenn hatter deß keins wege gstendig se
1348 1943 2349 2045 wellenn. Und als man ihne gfragt, ob er nit ein
1358 2019 2261 2142 von Biel gen ligertz tagrt habe. Hatt er
1355 2091 2221 2211 geben, Es habe ihne zu viel eine gfiagt, wa
1338 2158 2313 2285 dauf er geantwortett zu Ligerten de rhe
1346 2233 2235 2354 wi Michels bußt Jo haht sy gsagt S t
1362 2308 2231 2439 somen und ihme anklopftenn, darff
1357 2361 1730 2469 sy stölle murkommen.
1321 2447 2194 2609 Deregfagt worden, Ober it bemlten
1343 2545 2195 2666 gwisen habe, syn frouw darzu setren Ea
1343 2624 2183 2754 bscheid geben, die sich hab sich also vorloffenn
1345 2681 2183 2812 dergsell habind zu Elach geoechtt Jo stowb
1342 2756 2182 2877 nemlich gedachter Kusler, einest zu Ghm
1333 2819 2146 2942 din frouw welte, so körte sy wol etwar
1343 2894 2076 3029 bringen, diewyl die biantershrager, vbe
