<?xml version="1.0" encoding="UTF-8" standalone="yes"?>
<PcGts xmlns="http://schema.primaresearch.org/PAGE/gts/pagecontent/2013-07-15" xmlns:xsi="http://www.w3.org/2001/XMLSchema-instance" xsi:schemaLocation="http://schema.primaresearch.org/PAGE/gts/pagecontent/2013-07-15 http://schema.primaresearch.org/PAGE/gts/pagecontent/2013-07-15/pagecontent.xsd">
    <Metadata>
        <Creator>prov=University of Rostock/Institute of Mathematics/CITlab|PLANET AI GmbH/Gundram Leifert/gundram.leifert@planet-ai.de:name=German_Kurrent_XVI-XVIII_M1(htr_id=19584)::::v=2.6.7
prov=University of Rostock/Institute of Mathematics/CITlab|PLANET AI GmbH/Tobias Gruening/tobias.gruening@planet-ai.de:name=de.uros.citlab.module.baseline2polygon.B2PSeamMultiOriented:v=2.6.7
prov=University of Rostock/Institute of Mathematics/CITlab|PLANET AI GmbH/Tobias Gruening/tobias.gruening@planet-ai.de:name=/net_tf/LA73_249_0mod360.pb:de.uros.citlab.segmentation.CITlab_LA_ML:v=2.6.6
Transkribus</Creator>
        <Created>2020-10-05T08:39:54.362+02:00</Created>
        <LastChange>2023-06-12T20:56:05.871+02:00</LastChange>
        <Comments>Auto-rotated according to EXIF orientation = 6</Comments>
        <TranskribusMetadata docId="1334809" pageId="52358715" pageNr="34" tsid="126774504" status="IN_PROGRESS" userId="68497" imgUrl="https://files.transkribus.eu/Get?id=NJQLOFEGSATPWYVIHXBDOFNJ&amp;fileType=view" xmlUrl="https://files.transkribus.eu/Get?id=AYAGQWJDWAPNZYYRHBUVXCSB" imageId="16062637"/>
    </Metadata>
    <Page imageFilename="turmbücher 459_00034-20200922_095520.jpg" imageWidth="2448" imageHeight="3264">
        <ReadingOrder>
            <OrderedGroup id="ro_1687513835958" caption="Regions reading order">
                <RegionRefIndexed index="0" regionRef="TextRegion_1684308798722_1579"/>
                <RegionRefIndexed index="1" regionRef="TextRegion_1684308798722_1578"/>
                <RegionRefIndexed index="2" regionRef="TextRegion_1684308797767_1574"/>
                <RegionRefIndexed index="3" regionRef="r5"/>
                <RegionRefIndexed index="4" regionRef="r3"/>
            </OrderedGroup>
        </ReadingOrder>
        <TextRegion orientation="0.0" type="paragraph" id="TextRegion_1684308798722_1579" custom="readingOrder {index:0;} structure {type:paragraph;}">
            <Coords points="335,368 1191,368 1191,1854 335,1854"/>
            <TextLine id="r2l1" custom="readingOrder {index:0;}">
                <Coords points="1031,399 1039,400 1044,396 1054,406 1059,401 1074,401 1074,337 1061,338 1050,348 1045,348 1041,352 1031,352"/>
                <Baseline points="1038,390 1068,390"/>
                <TextEquiv>
                    <Unicode>8</Unicode>
                </TextEquiv>
            </TextLine>
            <TextLine id="r2l2" custom="readingOrder {index:1;}">
                <Coords points="328,405 463,432 512,407 656,432 774,407 851,451 949,420 1178,470 1180,428 1122,396 1058,410 920,348 847,391 814,355 767,385 723,353 625,376 536,330 465,359 414,317 331,342"/>
                <Baseline points="335,393 376,396 418,399 460,401 502,403 544,405 586,406 628,407 670,408 712,410 754,410 795,412 837,414 879,415 921,417 963,421 1005,425 1047,429 1089,434 1131,441 1173,447"/>
                <TextEquiv>
                    <Unicode>Habe in sich nher nit, dan sie obemelchen zweyna</Unicode>
                </TextEquiv>
            </TextLine>
            <TextLine id="r2l3" custom="readingOrder {index:2;}">
                <Coords points="356,464 428,498 515,459 660,482 803,467 877,493 901,472 1040,479 1099,504 1134,496 1136,446 910,421 851,450 776,407 657,433 617,406 562,430 512,406 444,440 407,403 358,409"/>
                <Baseline points="362,456 400,457 438,458 476,458 515,458 553,459 591,459 630,459 668,460 706,461 745,461 783,463 821,464 859,466 898,468 936,470 974,474 1013,478 1051,481 1089,486 1128,491"/>
                <TextEquiv>
                    <Unicode>Vorgeßen, Obers sölchem aber sich Jederytt</Unicode>
                </TextEquiv>
            </TextLine>
            <TextLine id="r2l4" custom="readingOrder {index:3;}">
                <Coords points="365,564 424,520 491,540 731,523 801,557 890,518 1108,545 1119,494 1075,504 1036,477 970,511 921,471 879,493 858,474 741,486 667,457 601,482 497,466 427,499 366,467"/>
                <Baseline points="372,515 409,516 446,518 483,518 520,518 557,519 594,519 631,519 668,518 705,518 742,518 779,518 816,519 853,519 890,521 927,521 964,523 1001,524 1038,527 1075,531 1112,534"/>
                <TextEquiv>
                    <Unicode>Snecht ehrlich, vnd redlich ghaltenn, Vnd ob</Unicode>
                </TextEquiv>
            </TextLine>
            <TextLine id="r2l5" custom="readingOrder {index:4;}">
                <Coords points="348,601 383,588 426,617 527,579 725,608 852,579 897,616 979,582 1141,632 1154,559 1039,527 960,561 892,519 784,563 715,526 349,556"/>
                <Baseline points="354,573 393,575 433,576 472,576 512,578 552,578 591,578 631,576 670,576 710,576 750,576 789,576 829,578 868,578 908,579 948,582 987,584 1027,588 1066,593 1106,597 1146,605"/>
                <TextEquiv>
                    <Unicode>Ihn glychwol syn Meyster allwegen vorbrestet</Unicode>
                </TextEquiv>
            </TextLine>
            <TextLine id="r2l6" custom="readingOrder {index:5;}">
                <Coords points="357,650 473,667 639,643 689,675 744,647 858,669 976,640 1139,694 1141,636 1007,595 891,617 851,579 725,611 649,592 594,622 546,582 439,619 358,612"/>
                <Baseline points="363,636 401,636 440,638 478,638 517,638 555,638 594,638 632,638 671,638 709,638 748,638 787,638 825,639 864,640 902,642 941,644 979,647 1018,648 1056,652 1095,658 1134,663"/>
                <TextEquiv>
                    <Unicode>es muße Ihn nüttlaßen, So habe er doch henns</Unicode>
                </TextEquiv>
            </TextLine>
            <TextLine id="r2l7" custom="readingOrder {index:6;}">
                <Coords points="360,710 584,700 632,726 745,691 888,702 933,744 1000,711 1142,737 1144,700 1102,671 1054,692 978,641 877,678 829,647 734,677 637,671 595,641 460,677 361,648"/>
                <Baseline points="366,693 404,695 443,696 481,696 520,696 558,696 597,696 635,696 674,696 712,696 751,696 790,697 828,698 867,699 905,701 944,703 982,705 1021,710 1059,714 1098,719 1137,725"/>
                <TextEquiv>
                    <Unicode>Ihme alles das, so er fur Ihn bßgeben, abge¬</Unicode>
                </TextEquiv>
            </TextLine>
            <TextLine id="r2l8" custom="readingOrder {index:7;}">
                <Coords points="359,766 669,763 718,791 811,762 886,796 955,767 1018,801 1043,783 1122,806 1155,800 1157,737 1082,718 1005,751 934,743 876,700 787,735 742,692 657,739 521,702 360,739"/>
                <Baseline points="366,758 405,758 444,759 483,759 522,759 561,759 600,759 640,759 679,759 718,759 757,759 796,760 835,761 874,762 914,765 953,768 992,772 1031,775 1070,780 1109,786 1149,794"/>
                <TextEquiv>
                    <Unicode>rechnett unnd abzogen und sien meyster sy</Unicode>
                </TextEquiv>
            </TextLine>
            <TextLine id="r2l9" custom="readingOrder {index:8;}">
                <Coords points="340,854 409,829 728,824 929,864 1000,837 1114,865 1130,807 1044,785 1019,803 941,767 887,797 801,766 718,792 676,764 581,762 498,796 452,763 343,777"/>
                <Baseline points="348,821 386,821 425,821 464,821 502,821 541,821 580,821 618,821 657,821 696,821 735,822 773,822 812,824 851,826 889,828 928,831 967,835 1005,839 1044,843 1083,848 1122,854"/>
                <TextEquiv>
                    <Unicode>diß sines Vnfhals ein Vrsach, Er habe Ihn zu</Unicode>
                </TextEquiv>
            </TextLine>
            <TextLine id="r2l10" custom="readingOrder {index:9;}">
                <Coords points="359,906 503,894 535,920 577,897 608,921 647,886 680,910 821,898 852,924 1010,891 1128,922 1129,874 1071,846 820,869 731,826 643,864 553,826 494,852 409,830 360,859"/>
                <Baseline points="366,885 403,885 441,885 479,885 517,884 555,884 592,884 630,884 668,884 706,884 744,885 781,885 819,887 857,888 895,890 933,891 970,894 1008,896 1046,900 1084,904 1122,908"/>
                <TextEquiv>
                    <Unicode>sölchen Vppigen sachen angwesen vnndt</Unicode>
                </TextEquiv>
            </TextLine>
            <TextLine id="r2l11" custom="readingOrder {index:10;} person {offset:9; length:18;}">
                <Coords points="366,957 410,980 445,952 540,971 567,949 604,981 768,959 812,991 913,957 1005,990 1055,969 1132,990 1146,925 1012,891 979,917 901,901 860,935 768,893 367,918"/>
                <Baseline points="372,945 410,948 448,948 486,950 525,951 563,951 601,951 639,951 678,952 716,953 754,953 792,953 831,954 869,956 907,958 945,960 984,964 1022,967 1060,971 1098,977 1137,983"/>
                <TextEquiv>
                    <Unicode>angfürtt Piteth tungenlidaß Im Ver¬</Unicode>
                </TextEquiv>
            </TextLine>
            <TextLine id="r2l12" custom="readingOrder {index:11;}">
                <Coords points="360,1050 402,1026 479,1056 612,1023 737,1056 905,1026 1103,1059 1141,1055 1142,997 1088,981 1016,1011 960,973 919,996 887,964 820,998 783,966 606,980 561,954 498,993 446,953 411,983 361,962"/>
                <Baseline points="366,1026 404,1026 442,1026 481,1025 519,1025 558,1023 596,1023 634,1022 673,1022 711,1022 750,1022 788,1022 826,1022 865,1023 903,1025 942,1028 980,1030 1018,1034 1057,1038 1095,1043 1134,1049"/>
                <TextEquiv>
                    <Unicode>zydung und lediglacung, Mitterpiekhenn</Unicode>
                </TextEquiv>
            </TextLine>
            <TextLine id="r2l13" custom="readingOrder {index:12;}">
                <Coords points="366,1105 789,1109 826,1089 949,1128 1085,1109 1124,1130 1141,1090 1060,1048 941,1033 784,1065 677,1034 559,1058 504,1034 471,1059 401,1028 367,1044"/>
                <Baseline points="372,1091 410,1092 448,1092 486,1092 524,1092 562,1092 600,1092 638,1091 676,1091 714,1091 753,1091 791,1092 829,1092 867,1093 905,1095 943,1097 981,1100 1019,1102 1057,1106 1095,1110 1134,1115"/>
                <TextEquiv>
                    <Unicode>sich fürhin wol vnd ehrlich zuhahtenn,</Unicode>
                </TextEquiv>
            </TextLine>
            <TextLine id="r2l14" custom="readingOrder {index:13;}">
                <Coords points="347,1197 411,1160 462,1193 576,1161 601,1181 858,1158 915,1192 991,1169 1100,1198 1147,1187 1148,1127 1054,1152 972,1111 875,1126 829,1087 750,1113 709,1094 653,1129 596,1096 348,1122"/>
                <Baseline points="354,1155 393,1157 432,1158 471,1158 511,1158 550,1158 589,1158 629,1157 668,1157 707,1157 747,1155 786,1155 825,1155 864,1156 904,1157 943,1158 982,1161 1022,1165 1061,1169 1100,1174 1140,1181"/>
                <TextEquiv>
                    <Unicode>zumahen hinenshalb kein clag kommen müße</Unicode>
                </TextEquiv>
            </TextLine>
            <TextLine id="r2l15" custom="readingOrder {index:14;}">
                <Coords points="365,1290 534,1249 1155,1266 1155,1217 1068,1227 1022,1184 983,1209 837,1192 776,1211 647,1161 488,1210 429,1162 366,1178"/>
                <Baseline points="372,1247 410,1248 449,1248 488,1248 527,1248 566,1248 605,1248 643,1247 682,1247 721,1247 760,1245 799,1245 838,1245 877,1245 915,1247 954,1248 993,1250 1032,1252 1071,1256 1110,1259 1149,1265"/>
                <TextEquiv>
                    <Unicode>Er Hattauch Vormeldert, bemelbe sin mögste</Unicode>
                </TextEquiv>
            </TextLine>
            <TextLine id="r2l16" custom="readingOrder {index:15;}">
                <Coords points="363,1315 652,1307 741,1350 817,1308 876,1326 955,1306 1064,1347 1137,1325 1138,1272 997,1288 945,1249 758,1273 688,1253 644,1284 530,1252 363,1277"/>
                <Baseline points="369,1302 407,1302 445,1302 483,1302 521,1304 559,1304 597,1302 635,1302 673,1302 711,1302 750,1302 788,1303 826,1304 864,1304 902,1305 940,1306 978,1307 1016,1310 1054,1311 1092,1313 1131,1317"/>
                <TextEquiv>
                    <Unicode>werde, sines erachtens diser zy tinenen ehe dan</Unicode>
                </TextEquiv>
            </TextLine>
            <TextLine id="r2l17" custom="readingOrder {index:16;}">
                <Coords points="363,1383 659,1370 729,1410 838,1367 882,1394 972,1377 1008,1392 1008,1338 955,1306 887,1334 817,1309 743,1348 646,1341 591,1307 516,1338 467,1301 363,1316"/>
                <Baseline points="369,1367 400,1365 432,1365 463,1364 495,1364 527,1364 558,1362 590,1362 622,1362 653,1361 685,1361 717,1361 748,1361 780,1361 812,1362 843,1362 875,1362 907,1364 938,1364 970,1365 1002,1367"/>
                <TextEquiv>
                    <Unicode>zu kloinen Chwan zufinden synn.</Unicode>
                </TextEquiv>
            </TextLine>
            <TextLine id="r2l18" custom="readingOrder {index:17;}">
                <Coords points="328,1569 464,1520 522,1554 599,1529 638,1550 673,1520 737,1565 804,1513 865,1557 916,1526 951,1551 1064,1520 1178,1534 1178,1492 1098,1441 1051,1460 1027,1438 968,1484 805,1424 727,1454 653,1423 537,1493 469,1427 399,1498 328,1482"/>
                <Baseline points="335,1524 376,1523 418,1523 460,1521 502,1521 544,1520 586,1518 627,1518 669,1517 711,1517 753,1515 795,1515 837,1515 879,1515 920,1515 962,1517 1004,1518 1046,1520 1088,1521 1130,1523 1172,1526"/>
                <TextEquiv>
                    <Unicode>Dister ds uff ein füldt, sich so off er ein</Unicode>
                </TextEquiv>
            </TextLine>
            <TextLine id="r2l19" custom="readingOrder {index:18;}">
                <Coords points="368,1596 500,1638 543,1605 668,1626 807,1583 1054,1615 1154,1591 1154,1553 1109,1524 995,1554 916,1526 866,1561 802,1516 740,1562 670,1520 561,1560 450,1529 367,1549"/>
                <Baseline points="374,1590 412,1589 451,1587 490,1587 528,1586 567,1584 606,1584 644,1583 683,1581 722,1581 761,1580 799,1580 838,1580 877,1578 915,1578 954,1580 993,1580 1031,1580 1070,1581 1109,1583 1148,1584"/>
                <TextEquiv>
                    <Unicode>Aso gefellig ze stollenn, ledigeglaßin</Unicode>
                </TextEquiv>
            </TextLine>
            <TextLine id="r2l20" custom="readingOrder {index:19;}">
                <Coords points="370,1686 420,1673 448,1680 466,1669 500,1688 521,1677 556,1688 592,1670 589,1634 525,1634 507,1641 477,1618 461,1637 446,1629 387,1660 368,1654"/>
                <Baseline points="375,1674 401,1671 427,1668 453,1665 480,1664 506,1661 532,1659 558,1658 585,1656"/>
                <TextEquiv>
                    <Unicode>wordenn.</Unicode>
                </TextEquiv>
            </TextLine>
            <TextLine id="r2l21" custom="readingOrder {index:20;}">
                <Coords points="389,1797 407,1783 441,1776 474,1787 500,1773 535,1799 568,1776 621,1776 619,1744 594,1735 549,1735 517,1717 467,1708 445,1714 420,1706 384,1717"/>
                <Baseline points="395,1781 422,1777 449,1774 477,1771 504,1769 531,1767 559,1767 586,1767 614,1769"/>
                <TextEquiv>
                    <Unicode>Vit olio 68.</Unicode>
                </TextEquiv>
            </TextLine>
            <TextEquiv>
                <Unicode>8&#13;
Habe in sich nher nit, dan sie obemelchen zweyna&#13;
Vorgeßen, Obers sölchem aber sich Jederytt&#13;
Snecht ehrlich, vnd redlich ghaltenn, Vnd ob&#13;
Ihn glychwol syn Meyster allwegen vorbrestet&#13;
es muße Ihn nüttlaßen, So habe er doch henns&#13;
Ihme alles das, so er fur Ihn bßgeben, abge¬&#13;
rechnett unnd abzogen und sien meyster sy&#13;
diß sines Vnfhals ein Vrsach, Er habe Ihn zu&#13;
sölchen Vppigen sachen angwesen vnndt&#13;
angfürtt Piteth tungenlidaß Im Ver¬&#13;
zydung und lediglacung, Mitterpiekhenn&#13;
sich fürhin wol vnd ehrlich zuhahtenn,&#13;
zumahen hinenshalb kein clag kommen müße&#13;
Er Hattauch Vormeldert, bemelbe sin mögste&#13;
werde, sines erachtens diser zy tinenen ehe dan&#13;
zu kloinen Chwan zufinden synn.&#13;
Dister ds uff ein füldt, sich so off er ein&#13;
Aso gefellig ze stollenn, ledigeglaßin&#13;
wordenn.&#13;
Vit olio 68.</Unicode>
            </TextEquiv>
        </TextRegion>
        <TextRegion orientation="0.0" type="heading" id="TextRegion_1684308798722_1578" custom="readingOrder {index:1;} structure {type:heading;}">
            <Coords points="335,1854 1191,1854 1191,2223 335,2223"/>
            <TextLine id="r2l22" custom="readingOrder {index:0;} person {offset:0; length:12;}">
                <Coords points="342,2123 643,2086 691,2104 1042,2086 1039,1996 906,1934 860,1961 681,1891 600,1946 542,1924 481,1985 409,1938 338,1960"/>
                <Baseline points="348,2084 382,2084 416,2084 451,2084 485,2084 519,2084 554,2084 588,2084 622,2082 657,2082 691,2082 725,2081 760,2079 794,2078 828,2077 863,2075 897,2073 931,2072 966,2069 1000,2068 1035,2064"/>
                <TextEquiv>
                    <Unicode>Rudelp seler.</Unicode>
                </TextEquiv>
            </TextLine>
            <TextLine id="r2l23" custom="readingOrder {index:1;} person {offset:0; length:12;}">
                <Coords points="570,2168 644,2208 743,2165 917,2174 948,2151 1015,2182 1044,2161 1041,2089 978,2131 939,2105 822,2117 777,2093 686,2136 652,2138 608,2100 568,2117"/>
                <Baseline points="576,2166 601,2168 627,2166 653,2166 678,2165 704,2165 730,2163 755,2162 781,2160 807,2160 832,2157 858,2156 884,2156 909,2154 935,2153 961,2152 986,2151 1012,2151 1038,2151"/>
                <TextEquiv>
                    <Unicode>Vonis Berins.</Unicode>
                </TextEquiv>
            </TextLine>
            <TextEquiv>
                <Unicode>Rudelp seler.&#13;
Vonis Berins.</Unicode>
            </TextEquiv>
        </TextRegion>
        <TextRegion orientation="0.0" type="paragraph" id="TextRegion_1684308797767_1574" custom="readingOrder {index:2;} structure {type:paragraph;}">
            <Coords points="335,2223 1191,2223 1191,3237 335,3237"/>
            <TextLine id="r2l24" custom="readingOrder {index:0;}">
                <Coords points="396,2479 451,2482 500,2428 597,2417 628,2439 773,2401 814,2428 940,2425 1183,2373 1180,2335 1110,2293 1071,2332 987,2325 906,2375 847,2330 802,2360 728,2359 676,2318 646,2347 503,2330 444,2390 387,2355"/>
                <Baseline points="399,2436 437,2430 476,2425 515,2422 554,2419 593,2417 632,2415 670,2412 709,2412 748,2411 787,2409 826,2407 865,2405 904,2403 942,2400 981,2396 1020,2392 1059,2386 1098,2380 1137,2373 1176,2364"/>
                <TextEquiv>
                    <Unicode>Vff finlag kemn 17. Jauaai 162 t 97</Unicode>
                </TextEquiv>
            </TextLine>
            <TextLine id="r2l25" custom="readingOrder {index:1;}">
                <Coords points="365,2529 854,2471 1063,2486 1192,2448 1178,2372 1037,2439 957,2406 834,2456 591,2420 497,2428 450,2485 381,2443 358,2461"/>
                <Baseline points="371,2525 411,2519 452,2513 492,2508 533,2504 574,2499 614,2495 655,2491 696,2489 736,2484 777,2481 818,2477 858,2474 899,2471 940,2468 980,2463 1021,2459 1062,2456 1102,2450 1143,2444 1184,2438"/>
                <TextEquiv>
                    <Unicode>wüntigkeit, vnnd anhören vr keommen, Ehrenbe</Unicode>
                </TextEquiv>
            </TextLine>
            <TextLine id="r2l26" custom="readingOrder {index:2;}">
                <Coords points="370,2612 590,2568 752,2589 780,2563 1093,2544 1193,2510 1182,2483 1066,2507 1016,2470 914,2496 854,2471 810,2512 727,2492 365,2549"/>
                <Baseline points="375,2592 415,2587 456,2582 496,2577 537,2573 578,2570 618,2567 659,2563 699,2561 740,2557 781,2556 821,2552 862,2549 902,2546 943,2542 984,2538 1024,2534 1065,2529 1105,2523 1146,2515 1187,2508"/>
                <TextEquiv>
                    <Unicode>fürnemmen, fursichtigen Obyson hernen sin</Unicode>
                </TextEquiv>
            </TextLine>
            <TextLine id="r2l27" custom="readingOrder {index:3;} person {offset:6; length:17;} person {offset:29; length:8;}">
                <Coords points="367,2689 721,2638 887,2633 936,2668 1018,2618 1154,2606 1145,2519 994,2570 904,2554 843,2605 783,2568 745,2589 695,2567 361,2629"/>
                <Baseline points="372,2675 410,2669 449,2663 488,2659 526,2655 565,2651 604,2647 642,2645 681,2642 720,2639 759,2636 797,2634 836,2630 875,2628 913,2624 952,2620 991,2616 1029,2610 1068,2606 1107,2599 1146,2592"/>
                <TextEquiv>
                    <Unicode>Dicht Mantis Kornborren, und Joß zlet</Unicode>
                </TextEquiv>
            </TextLine>
            <TextLine id="r2l28" custom="readingOrder {index:4;} person {offset:0; length:14;} organization {offset:20; length:8;} person {offset:34; length:4; continued:true;}">
                <Coords points="356,2775 506,2734 636,2755 768,2709 852,2749 893,2707 1083,2692 1186,2644 1175,2583 1128,2626 1018,2618 922,2676 739,2639 634,2685 561,2651 458,2705 346,2688"/>
                <Baseline points="360,2754 403,2749 446,2743 489,2739 532,2734 575,2729 618,2726 661,2722 704,2718 747,2715 791,2709 834,2705 877,2701 920,2695 963,2690 1006,2683 1049,2676 1092,2667 1135,2658 1179,2648"/>
                <TextEquiv>
                    <Unicode>Daniel Bschrfs, der Burgeren, und Sarl</Unicode>
                </TextEquiv>
            </TextLine>
            <TextLine id="r2l29" custom="readingOrder {index:5;} person {offset:0; length:13; continued:true;} organization {offset:15; length:11;}">
                <Coords points="390,2857 603,2800 808,2809 855,2778 894,2802 997,2756 1182,2747 1173,2673 1148,2672 941,2710 875,2751 759,2712 624,2774 506,2735 463,2773 411,2747 380,2763"/>
                <Baseline points="393,2829 432,2822 471,2815 510,2809 549,2804 588,2799 627,2795 666,2791 705,2788 744,2785 783,2783 822,2779 861,2776 900,2772 939,2767 978,2763 1017,2757 1056,2751 1095,2745 1134,2736 1173,2727"/>
                <TextEquiv>
                    <Unicode>dolff Därwers, Großweybels stuch etlich</Unicode>
                </TextEquiv>
            </TextLine>
            <TextLine id="r2l30" custom="readingOrder {index:6;}">
                <Coords points="370,2915 553,2895 591,2866 950,2858 1186,2790 1180,2748 1139,2737 1108,2766 996,2756 897,2822 828,2793 588,2853 519,2827 439,2859 361,2847"/>
                <Baseline points="375,2906 415,2898 455,2890 495,2884 535,2879 576,2873 616,2869 656,2865 696,2862 736,2859 777,2855 817,2852 857,2848 897,2843 937,2838 978,2832 1018,2825 1058,2818 1098,2808 1138,2798 1179,2786"/>
                <TextEquiv>
                    <Unicode>Weyblenn minen a horon, und obern die</Unicode>
                </TextEquiv>
            </TextLine>
            <TextLine id="r2l31" custom="readingOrder {index:7;} person {offset:5; length:14;}">
                <Coords points="374,3010 529,2976 600,2998 657,2967 703,2993 742,2955 868,2957 945,2927 998,2949 1020,2920 1184,2877 1178,2828 1112,2819 1011,2890 872,2847 720,2926 596,2872 499,2919 361,2926"/>
                <Baseline points="378,2997 418,2992 458,2984 498,2979 538,2974 578,2968 618,2964 658,2959 698,2955 738,2951 778,2946 818,2940 858,2935 898,2930 938,2922 978,2916 1018,2907 1058,2899 1098,2889 1138,2878 1178,2865"/>
                <TextEquiv>
                    <Unicode>Hatt Rudolff defler, vor enner püten </Unicode>
                </TextEquiv>
            </TextLine>
            <TextLine id="r2l32" custom="readingOrder {index:8;} place {offset:34; length:6;}">
                <Coords points="379,3119 434,3116 483,3064 609,3069 630,3042 724,3032 754,3053 817,3017 1022,3003 1196,2937 1186,2876 1020,2920 990,2959 785,2956 720,3009 653,2980 567,3023 528,2996 508,3022 361,3013"/>
                <Baseline points="378,3077 418,3070 459,3063 499,3057 540,3051 581,3046 621,3041 662,3035 702,3030 743,3025 784,3020 824,3014 865,3008 905,3001 946,2995 987,2987 1027,2978 1068,2969 1108,2959 1149,2947 1190,2934"/>
                <TextEquiv>
                    <Unicode>folgende schwäre mißhandlungtn zu Matish</Unicode>
                </TextEquiv>
            </TextLine>
            <TextLine id="r2l33" custom="readingOrder {index:9;}">
                <Coords points="372,3181 486,3139 588,3149 1013,3069 1199,3011 1189,2954 1157,2948 1092,3004 1052,2979 1008,3028 922,3003 838,3061 781,3030 728,3083 529,3058 364,3131"/>
                <Baseline points="375,3159 415,3152 456,3146 497,3140 538,3135 579,3129 619,3124 660,3118 701,3112 742,3106 783,3100 823,3093 864,3085 905,3078 946,3070 987,3061 1027,3051 1068,3041 1109,3029 1150,3016 1191,3003"/>
                <TextEquiv>
                    <Unicode>sants vorubenn und mit der marter ehalten</Unicode>
                </TextEquiv>
            </TextLine>
            <TextLine id="r2l34" custom="readingOrder {index:10;}">
                <Coords points="394,3253 410,3244 434,3254 475,3231 501,3250 544,3218 584,3215 628,3230 662,3203 708,3189 701,3133 654,3161 612,3139 585,3159 559,3139 520,3174 441,3157 384,3173"/>
                <Baseline points="396,3222 421,3222 446,3222 472,3220 497,3218 523,3215 548,3212 573,3208 599,3204 624,3200 650,3196 675,3194 701,3191"/>
                <TextEquiv>
                    <Unicode> bestuligt.</Unicode>
                </TextEquiv>
            </TextLine>
            <TextEquiv>
                <Unicode>Vff finlag kemn 17. Jauaai 162 t 97&#13;
wüntigkeit, vnnd anhören vr keommen, Ehrenbe&#13;
fürnemmen, fursichtigen Obyson hernen sin&#13;
Dicht Mantis Kornborren, und Joß zlet&#13;
Daniel Bschrfs, der Burgeren, und Sarl&#13;
dolff Därwers, Großweybels stuch etlich&#13;
Weyblenn minen a horon, und obern die&#13;
Hatt Rudolff defler, vor enner püten &#13;
folgende schwäre mißhandlungtn zu Matish&#13;
sants vorubenn und mit der marter ehalten&#13;
 bestuligt.</Unicode>
            </TextEquiv>
        </TextRegion>
        <TextRegion orientation="0.0" type="paragraph" id="r5" custom="readingOrder {index:3;} structure {type:paragraph;}">
            <Coords points="1315,449 1337,3150 2360,3150 2338,449"/>
            <TextLine id="r5l2" custom="readingOrder {index:0;}">
                <Coords points="1351,564 1737,546 1784,585 1813,555 2067,543 2101,565 2244,538 2242,467 2138,452 2000,483 1891,452 1844,484 1790,465 1698,498 1646,474 1580,510 1495,487 1434,538 1351,530"/>
                <Baseline points="1358,557 1404,555 1450,554 1496,554 1543,552 1589,552 1635,551 1681,551 1728,549 1774,549 1820,548 1866,546 1913,546 1959,545 2005,542 2051,540 2098,538 2144,536 2190,531 2237,528"/>
                <TextEquiv>
                    <Unicode>lamlechen, vnnd daßerstenn, wie vhersie, das</Unicode>
                </TextEquiv>
            </TextLine>
            <TextLine id="r5l3" custom="readingOrder {index:1;} place {offset:41; length:9;}">
                <Coords points="1362,625 1480,618 1516,649 1596,612 1625,638 2094,588 2149,615 2235,586 2223,550 2096,568 2050,543 1819,557 1783,585 1712,553 1655,587 1596,558 1361,583"/>
                <Baseline points="1368,609 1411,608 1454,608 1497,608 1540,606 1583,606 1626,606 1669,605 1712,605 1755,603 1798,603 1841,602 1884,600 1927,599 1970,596 2013,594 2056,591 2099,588 2142,584 2185,581 2228,576"/>
                <TextEquiv>
                    <Unicode>er alle die sechenn, so Ihmeletstlich zu Rowangenn</Unicode>
                </TextEquiv>
            </TextLine>
            <TextLine id="r5l4" custom="readingOrder {index:2;}">
                <Coords points="1365,674 1655,663 1740,700 1795,660 1953,658 2008,688 2057,650 2130,647 2185,676 2234,643 2233,589 2156,619 2094,588 2031,627 1983,597 1881,631 1833,604 1646,641 1597,613 1519,646 1475,619 1448,644 1404,611 1363,625"/>
                <Baseline points="1371,666 1413,665 1456,663 1499,662 1542,662 1585,660 1628,660 1670,659 1713,659 1756,658 1799,657 1842,657 1885,656 1928,654 1970,653 2013,651 2056,648 2099,646 2142,642 2185,639 2228,635"/>
                <TextEquiv>
                    <Unicode>vorgeläßnn unnd fürghaltenn wordenn, uberbrachts</Unicode>
                </TextEquiv>
            </TextLine>
            <TextLine id="r5l5" custom="readingOrder {index:3;}">
                <Coords points="1374,739 1432,722 1477,753 1535,720 1657,718 1717,758 1761,722 1892,714 1946,748 2001,707 2246,701 2245,665 2056,651 2006,689 1893,660 1845,691 1793,661 1720,700 1663,665 1582,695 1372,677"/>
                <Baseline points="1380,726 1423,724 1466,722 1509,720 1552,719 1595,718 1638,717 1681,716 1724,716 1767,714 1810,714 1853,713 1896,712 1939,711 1982,709 2025,707 2068,705 2111,702 2154,700 2197,697 2240,693"/>
                <TextEquiv>
                    <Unicode>und begangen hab imn fonn und gstalt als die</Unicode>
                </TextEquiv>
            </TextLine>
            <TextLine id="r5l6" custom="readingOrder {index:4;}">
                <Coords points="1367,818 1462,822 1508,786 1568,811 1607,786 1639,808 1719,790 1763,807 1812,782 1868,780 1868,755 1812,718 1776,748 1720,758 1658,719 1576,740 1514,725 1478,754 1432,723 1366,743"/>
                <Baseline points="1373,788 1398,785 1424,784 1450,781 1475,780 1501,779 1527,778 1553,777 1578,777 1604,777 1630,776 1656,776 1681,776 1707,776 1733,776 1759,776 1784,776 1810,776 1836,774 1862,774"/>
                <TextEquiv>
                    <Unicode>selbige schufft ußgewisenn.</Unicode>
                </TextEquiv>
            </TextLine>
            <TextLine id="r5l7" custom="readingOrder {index:5;} place {offset:30; length:8;}">
                <Coords points="1331,921 1535,873 2010,871 2060,904 2104,869 2198,894 2232,867 2219,797 2133,844 2046,841 1986,787 1935,818 1892,789 1729,823 1603,807 1542,852 1489,820 1439,860 1328,801"/>
                <Baseline points="1337,885 1381,882 1425,879 1470,878 1514,877 1559,876 1603,875 1647,875 1692,873 1736,873 1781,873 1825,873 1869,872 1914,872 1958,870 2003,869 2047,867 2091,865 2136,863 2180,859 2225,855"/>
                <TextEquiv>
                    <Unicode>Dannethin als Ihmletstlich zu Arwangen der</Unicode>
                </TextEquiv>
            </TextLine>
            <TextLine id="r5l8" custom="readingOrder {index:6;}">
                <Coords points="1368,958 2202,925 2234,910 2233,866 2063,901 2010,871 1848,898 1759,872 1366,909"/>
                <Baseline points="1373,942 1415,940 1458,938 1501,936 1544,933 1586,932 1629,932 1672,930 1715,929 1757,928 1800,927 1843,926 1886,924 1928,923 1971,921 2014,921 2057,918 2099,915 2142,913 2185,910 2228,906"/>
                <TextEquiv>
                    <Unicode>eydt vonn statt und land geben worden, er auch</Unicode>
                </TextEquiv>
            </TextLine>
            <TextLine id="r5l9" custom="readingOrder {index:7;}">
                <Coords points="1341,1028 1796,971 1827,995 1978,976 2021,1007 2054,977 2250,955 2248,910 2182,939 2090,911 2034,951 1918,921 1779,954 1339,961"/>
                <Baseline points="1347,1002 1391,997 1436,993 1481,990 1526,988 1571,986 1615,984 1660,983 1705,981 1750,981 1795,980 1839,979 1884,978 1929,977 1974,975 2019,974 2063,971 2108,969 2153,965 2198,962 2243,956"/>
                <TextEquiv>
                    <Unicode>denselbigen geschworenn Habe er denselben nit</Unicode>
                </TextEquiv>
            </TextLine>
            <TextLine id="r5l10" custom="readingOrder {index:8;}">
                <Coords points="1371,1062 1456,1045 1620,1095 1680,1048 1872,1037 2012,1083 2146,1071 2192,1023 2253,1031 2251,956 2174,1000 2135,967 2040,1009 1977,976 1828,996 1797,971 1698,1017 1546,994 1488,1034 1426,1007 1370,1036"/>
                <Baseline points="1377,1058 1420,1053 1463,1050 1507,1047 1550,1046 1594,1044 1637,1043 1681,1041 1724,1040 1768,1040 1811,1039 1854,1038 1898,1038 1941,1037 1985,1035 2028,1034 2072,1032 2115,1031 2159,1028 2202,1025 2246,1020"/>
                <TextEquiv>
                    <Unicode>mcher nochhöche geachtell, vnd Beetzigett, In das</Unicode>
                </TextEquiv>
            </TextLine>
            <TextLine id="r5l11" custom="readingOrder {index:9;}">
                <Coords points="1366,1126 1918,1101 1957,1137 1997,1104 2064,1136 2121,1094 2232,1118 2298,1093 2296,1032 2193,1024 2090,1078 1881,1045 1820,1078 1750,1040 1621,1092 1453,1059 1365,1094"/>
                <Baseline points="1371,1116 1417,1114 1463,1111 1509,1109 1555,1107 1601,1106 1647,1104 1693,1103 1739,1103 1785,1101 1831,1100 1877,1098 1923,1098 1969,1097 2015,1095 2061,1094 2107,1091 2153,1089 2199,1086 2245,1084 2291,1080"/>
                <TextEquiv>
                    <Unicode>ge sich etwas bilbs dernach mit sinem fum Michel</Unicode>
                </TextEquiv>
            </TextLine>
            <TextLine id="r5l12" custom="readingOrder {index:10;}">
                <Coords points="1363,1202 1512,1167 1625,1199 1678,1164 1997,1157 2048,1200 2089,1163 2280,1150 2278,1110 2191,1086 2065,1135 1988,1106 1957,1138 1899,1117 1825,1140 1723,1104 1550,1145 1361,1131"/>
                <Baseline points="1368,1175 1413,1172 1458,1170 1503,1168 1549,1166 1594,1164 1639,1163 1684,1161 1730,1161 1775,1160 1820,1158 1865,1158 1911,1157 1956,1155 2001,1154 2046,1152 2092,1149 2137,1147 2182,1143 2227,1139 2273,1134"/>
                <TextEquiv>
                    <Unicode>Inmine gnädigen Herren Ampt Gipp Tuge¬</Unicode>
                </TextEquiv>
            </TextLine>
            <TextLine id="r5l13" custom="readingOrder {index:11;}">
                <Coords points="1363,1279 1574,1230 1609,1259 1808,1225 2053,1224 2095,1252 2186,1210 2274,1226 2271,1171 2200,1146 2019,1203 1940,1159 1881,1187 1692,1166 1626,1198 1513,1167 1360,1205"/>
                <Baseline points="1368,1242 1415,1240 1462,1238 1509,1236 1557,1235 1604,1232 1651,1231 1699,1229 1746,1227 1793,1226 1841,1224 1888,1223 1935,1221 1983,1219 2030,1217 2077,1215 2125,1212 2172,1211 2219,1208 2267,1205"/>
                <TextEquiv>
                    <Unicode>laßsen, vnd daselbsct ettlichen buren mit seilenn</Unicode>
                </TextEquiv>
            </TextLine>
            <TextLine id="r5l14" custom="readingOrder {index:12;}">
                <Coords points="1371,1332 1556,1298 1638,1325 1707,1295 1761,1332 1832,1283 1930,1307 1987,1279 2271,1276 2285,1244 2186,1212 2114,1252 2064,1225 1897,1250 1805,1226 1758,1261 1573,1233 1369,1285"/>
                <Baseline points="1376,1307 1421,1304 1466,1301 1511,1299 1556,1298 1601,1295 1646,1293 1692,1290 1737,1289 1782,1287 1827,1284 1872,1282 1917,1280 1962,1278 2008,1276 2053,1274 2098,1272 2143,1269 2188,1268 2233,1265 2279,1263"/>
                <TextEquiv>
                    <Unicode>gwurchets, Doch habe er sich daselbst nch lang sumen</Unicode>
                </TextEquiv>
            </TextLine>
            <TextLine id="r5l15" custom="readingOrder {index:13;} place {offset:41; length:5;}">
                <Coords points="1367,1379 1737,1351 1813,1390 1863,1346 1947,1340 2224,1361 2302,1332 2298,1256 1992,1283 1940,1321 1857,1283 1770,1331 1533,1300 1489,1347 1408,1308 1365,1341"/>
                <Baseline points="1373,1371 1419,1368 1465,1365 1511,1362 1557,1359 1603,1356 1649,1353 1695,1350 1741,1349 1787,1346 1834,1343 1880,1341 1926,1338 1972,1336 2018,1335 2064,1332 2110,1331 2156,1328 2202,1326 2248,1325 2295,1323"/>
                <TextEquiv>
                    <Unicode>sonder als bald widerum uß dem landt ufl Basel</Unicode>
                </TextEquiv>
            </TextLine>
            <TextLine id="r5l16" custom="readingOrder {index:14;}">
                <Coords points="1356,1460 1404,1437 1452,1444 1515,1425 1593,1429 1624,1418 1645,1427 1704,1416 1701,1383 1685,1385 1649,1359 1606,1372 1579,1362 1548,1375 1486,1370 1435,1410 1382,1378 1352,1397"/>
                <Baseline points="1361,1437 1386,1434 1412,1431 1438,1428 1464,1425 1490,1422 1516,1419 1541,1419 1567,1417 1593,1415 1619,1414 1645,1413 1671,1413 1697,1412"/>
                <TextEquiv>
                    <Unicode>zu machen wollenn.</Unicode>
                </TextEquiv>
            </TextLine>
            <TextLine id="r5l17" custom="readingOrder {index:15;} person {offset:29; length:7;} person {offset:42; length:4;}">
                <Coords points="1350,1541 1577,1537 1624,1567 1741,1514 1907,1548 1941,1515 2083,1536 2189,1507 2266,1536 2306,1510 2303,1425 2115,1450 2021,1426 1879,1470 1682,1427 1606,1469 1347,1469"/>
                <Baseline points="1356,1539 1403,1536 1450,1535 1497,1533 1544,1530 1592,1528 1639,1526 1686,1524 1733,1521 1780,1520 1828,1518 1875,1517 1922,1514 1969,1512 2016,1511 2064,1509 2111,1508 2158,1506 2205,1505 2252,1503 2300,1502"/>
                <TextEquiv>
                    <Unicode>Item seiler bekennt vneyl er Jotzigs Herr Boht</Unicode>
                </TextEquiv>
            </TextLine>
            <TextLine id="r5l18" custom="readingOrder {index:16;} place {offset:3; length:8;}">
                <Coords points="1368,1616 2316,1568 2313,1495 2184,1544 2022,1519 1913,1555 1742,1514 1685,1562 1508,1574 1460,1537 1366,1586"/>
                <Baseline points="1373,1601 1419,1599 1466,1597 1513,1596 1560,1593 1607,1592 1653,1590 1700,1587 1747,1586 1794,1583 1841,1581 1887,1578 1934,1577 1981,1574 2028,1572 2075,1569 2121,1567 2168,1565 2215,1563 2262,1560 2309,1559"/>
                <TextEquiv>
                    <Unicode>zn Bewangen Ihue Reßer stung tortunieren vnd</Unicode>
                </TextEquiv>
            </TextLine>
            <TextLine id="r5l19" custom="readingOrder {index:17;}">
                <Coords points="1365,1666 1539,1656 1648,1687 1998,1641 2078,1682 2289,1630 2286,1566 2233,1553 2170,1596 2006,1581 1945,1624 1888,1590 1814,1630 1763,1585 1364,1637"/>
                <Baseline points="1371,1656 1416,1656 1462,1655 1507,1655 1553,1653 1598,1653 1644,1651 1689,1650 1735,1649 1780,1647 1826,1646 1872,1644 1917,1642 1963,1640 2008,1637 2054,1636 2099,1634 2145,1631 2190,1630 2236,1628 2282,1625"/>
                <TextEquiv>
                    <Unicode>marteren laßen, habe er sich durch thachgynigkeitt</Unicode>
                </TextEquiv>
            </TextLine>
            <TextLine id="r5l20" custom="readingOrder {index:18;}">
                <Coords points="1358,1749 1640,1720 1702,1754 1741,1715 1908,1706 2012,1753 2052,1710 2248,1689 2322,1719 2318,1604 2165,1675 1942,1644 1901,1676 1849,1645 1794,1690 1685,1664 1649,1699 1539,1655 1462,1690 1356,1677"/>
                <Baseline points="1364,1733 1411,1728 1459,1725 1506,1722 1554,1719 1601,1716 1649,1715 1696,1713 1744,1710 1791,1709 1839,1707 1887,1706 1934,1706 1982,1704 2029,1703 2077,1701 2124,1700 2172,1698 2219,1697 2267,1695 2315,1694"/>
                <TextEquiv>
                    <Unicode>so wyk innemnen laßenn, das er Ihm gethroüwtt Er</Unicode>
                </TextEquiv>
            </TextLine>
            <TextLine id="r5l21" custom="readingOrder {index:19;}">
                <Coords points="1373,1807 1768,1776 1943,1816 2024,1771 2317,1779 2317,1726 2218,1701 2172,1728 2138,1700 2081,1748 2004,1752 1935,1711 1854,1751 1760,1711 1697,1759 1611,1721 1560,1761 1517,1723 1372,1780"/>
                <Baseline points="1379,1796 1425,1793 1472,1790 1518,1788 1565,1785 1612,1783 1658,1781 1705,1779 1752,1776 1798,1776 1845,1773 1892,1772 1938,1770 1985,1770 2032,1769 2078,1767 2125,1766 2172,1764 2218,1764 2265,1763 2312,1763"/>
                <TextEquiv>
                    <Unicode>wolle Ihn ab dem roß hurab schießenn, wehliches</Unicode>
                </TextEquiv>
            </TextLine>
            <TextLine id="r5l22" custom="readingOrder {index:20;}">
                <Coords points="1357,1892 1504,1857 1623,1885 1689,1849 2335,1839 2349,1758 2069,1808 1987,1775 1943,1816 1820,1824 1758,1780 1620,1783 1557,1826 1443,1793 1354,1813"/>
                <Baseline points="1362,1857 1411,1856 1460,1854 1509,1852 1558,1850 1607,1849 1656,1847 1706,1845 1755,1842 1804,1841 1853,1839 1902,1838 1951,1836 2000,1834 2050,1833 2099,1832 2148,1830 2197,1830 2246,1830 2295,1829 2345,1829"/>
                <TextEquiv>
                    <Unicode>In das wärck zerichtenn, er ouch sinns, vnnd wille</Unicode>
                </TextEquiv>
            </TextLine>
            <TextLine id="r5l23" custom="readingOrder {index:21;}">
                <Coords points="1361,1961 1380,1955 1407,1927 1413,1930 1420,1927 1425,1932 1434,1930 1439,1935 1456,1922 1473,1923 1472,1899 1453,1899 1408,1866 1379,1900 1358,1908"/>
                <Baseline points="1365,1926 1390,1924 1416,1922 1441,1920 1467,1920"/>
                <TextEquiv>
                    <Unicode>gsein.</Unicode>
                </TextEquiv>
            </TextLine>
            <TextLine id="r5l24" custom="readingOrder {index:22;}">
                <Coords points="1349,2054 2207,2025 2367,2055 2366,1971 2307,1935 2265,1958 2212,1929 2115,1984 1972,1936 1895,1995 1740,1932 1644,1968 1593,1947 1535,1990 1430,1934 1349,1958"/>
                <Baseline points="1355,2039 1405,2036 1455,2034 1505,2033 1556,2031 1606,2030 1656,2030 1706,2030 1757,2030 1807,2030 1857,2031 1907,2031 1958,2031 2008,2031 2058,2031 2108,2031 2159,2031 2209,2030 2259,2028 2309,2025 2360,2024"/>
                <TextEquiv>
                    <Unicode>Eelien ter vorsalenn, sach den er vera</Unicode>
                </TextEquiv>
            </TextLine>
            <TextLine id="r5l25" custom="readingOrder {index:23;}">
                <Coords points="1367,2141 1442,2102 1599,2105 1661,2139 1782,2093 1977,2134 2045,2097 2338,2107 2337,2049 2229,2026 2140,2071 2072,2029 2007,2076 1891,2036 1731,2077 1669,2027 1585,2066 1526,2030 1448,2037 1367,2077"/>
                <Baseline points="1373,2105 1420,2102 1468,2099 1516,2097 1564,2096 1612,2094 1660,2094 1708,2094 1756,2093 1804,2093 1852,2094 1899,2094 1947,2094 1995,2094 2043,2094 2091,2094 2139,2094 2187,2093 2235,2092 2283,2090 2331,2088"/>
                <TextEquiv>
                    <Unicode>get wordenn, das die pinen anzogner stiengen vn</Unicode>
                </TextEquiv>
            </TextLine>
            <TextLine id="r5l26" custom="readingOrder {index:24;}">
                <Coords points="1376,2171 1753,2172 1797,2211 1851,2178 2056,2198 2236,2167 2312,2212 2313,2122 2261,2145 2191,2091 2112,2093 1915,2153 1853,2108 1767,2140 1720,2100 1662,2137 1536,2102 1482,2145 1434,2111 1376,2142"/>
                <Baseline points="1382,2166 1428,2166 1474,2165 1520,2165 1566,2165 1613,2165 1659,2166 1705,2166 1751,2166 1797,2168 1844,2168 1890,2169 1936,2170 1982,2171 2028,2171 2075,2172 2121,2172 2167,2172 2213,2172 2259,2171 2306,2169"/>
                <TextEquiv>
                    <Unicode>ahweth eis ein ursach gsin geendih habe </Unicode>
                </TextEquiv>
            </TextLine>
            <TextLine id="r5l27" custom="readingOrder {index:25;}">
                <Coords points="1373,2239 1883,2239 1974,2273 2005,2245 2041,2268 2176,2239 2237,2273 2317,2245 2283,2196 2188,2171 1974,2183 1935,2220 1857,2178 1760,2217 1651,2172 1574,2216 1521,2172 1468,2210 1416,2174 1374,2192"/>
                <Baseline points="1380,2234 1426,2234 1473,2234 1519,2232 1566,2233 1612,2234 1659,2234 1705,2234 1752,2235 1798,2235 1845,2237 1891,2237 1938,2238 1984,2238 2031,2240 2077,2240 2124,2240 2170,2240 2217,2240 2263,2240 2310,2238"/>
                <TextEquiv>
                    <Unicode>dermaenn nit fönwwertenn so tieff vor</Unicode>
                </TextEquiv>
            </TextLine>
            <TextLine id="r5l28" custom="readingOrder {index:26;}">
                <Coords points="1358,2315 1427,2305 1471,2337 1509,2307 1728,2312 1780,2344 1818,2315 1934,2344 1974,2317 2184,2320 2264,2360 2278,2257 2181,2275 2129,2237 1982,2296 1900,2291 1851,2243 1749,2266 1603,2233 1358,2280"/>
                <Baseline points="1364,2303 1409,2301 1454,2301 1500,2301 1545,2303 1590,2303 1636,2304 1681,2306 1726,2306 1772,2307 1817,2309 1862,2310 1908,2311 1953,2312 1998,2312 2044,2313 2089,2313 2134,2312 2180,2312 2225,2310 2271,2309"/>
                <TextEquiv>
                    <Unicode>das er sich verluttenn laßen, Er wolle den den</Unicode>
                </TextEquiv>
            </TextLine>
            <TextLine id="r5l29" custom="readingOrder {index:27;} place {offset:24; length:8;}">
                <Coords points="1368,2390 1592,2374 1654,2419 1709,2377 1841,2382 2079,2434 2123,2396 2238,2402 2269,2360 2178,2321 2064,2367 1952,2365 1900,2317 1867,2339 1822,2313 1780,2344 1708,2315 1659,2354 1507,2351 1370,2305"/>
                <Baseline points="1374,2372 1418,2370 1462,2372 1507,2372 1551,2372 1596,2373 1640,2373 1684,2376 1729,2376 1773,2378 1818,2379 1862,2381 1906,2382 1951,2382 1995,2384 2040,2385 2084,2385 2128,2387 2173,2387 2217,2387 2262,2387"/>
                <TextEquiv>
                    <Unicode>zweyen peren, so ihn zu Vewangen gsollage</Unicode>
                </TextEquiv>
            </TextLine>
            <TextLine id="r5l30" custom="readingOrder {index:28;}">
                <Coords points="1373,2473 1692,2445 1772,2484 1844,2456 1891,2495 1967,2461 2261,2480 2264,2386 2136,2396 2071,2444 1942,2402 1903,2430 1841,2382 1709,2377 1650,2422 1608,2378 1376,2387"/>
                <Baseline points="1380,2441 1423,2441 1467,2442 1511,2442 1555,2444 1598,2444 1642,2446 1686,2447 1730,2449 1773,2450 1817,2452 1861,2454 1905,2456 1948,2457 1992,2459 2036,2460 2080,2462 2123,2465 2167,2466 2211,2468 2255,2469"/>
                <TextEquiv>
                    <Unicode>bnseranfundenn, doch habe er seinlichs bebollihen</Unicode>
                </TextEquiv>
            </TextLine>
            <TextLine id="r5l31" custom="readingOrder {index:29;}">
                <Coords points="1363,2518 1456,2546 1604,2515 1923,2521 2164,2579 2280,2550 2282,2489 2162,2461 2072,2506 1906,2502 1843,2462 1781,2500 1731,2448 1597,2487 1424,2448 1364,2490"/>
                <Baseline points="1370,2508 1415,2510 1460,2511 1505,2513 1550,2514 1596,2515 1641,2516 1686,2517 1731,2519 1776,2520 1822,2521 1867,2522 1912,2523 1957,2525 2002,2527 2048,2529 2093,2531 2138,2532 2183,2535 2228,2538 2274,2540"/>
                <TextEquiv>
                    <Unicode>mit Ihm sim aben, daner wäre niemor nahen </Unicode>
                </TextEquiv>
            </TextLine>
            <TextLine id="r5l32" custom="readingOrder {index:30;}">
                <Coords points="1357,2609 1424,2583 1470,2613 1492,2592 1610,2608 1770,2595 1770,2569 1735,2571 1698,2536 1665,2537 1630,2515 1552,2522 1506,2543 1484,2528 1455,2547 1414,2525 1358,2527"/>
                <Baseline points="1364,2583 1389,2583 1414,2583 1439,2584 1464,2585 1489,2585 1514,2586 1539,2587 1564,2588 1589,2588 1614,2589 1639,2589 1664,2589 1689,2589 1714,2588 1739,2588 1764,2586"/>
                <TextEquiv>
                    <Unicode>bugk hinbber kommenn.</Unicode>
                </TextEquiv>
            </TextLine>
            <TextLine id="r5l33" custom="readingOrder {index:31;}">
                <Coords points="1361,2693 1754,2688 2009,2745 2078,2712 2112,2748 2237,2757 2238,2611 2041,2669 1868,2608 1761,2669 1644,2629 1591,2663 1497,2594 1363,2617"/>
                <Baseline points="1367,2682 1410,2682 1453,2682 1496,2682 1540,2682 1583,2684 1626,2685 1669,2685 1713,2687 1756,2688 1799,2690 1842,2692 1886,2693 1929,2696 1972,2697 2015,2699 2059,2702 2102,2703 2145,2705 2188,2706 2232,2708"/>
                <TextEquiv>
                    <Unicode>hid keier anderem eislandlungenn </Unicode>
                </TextEquiv>
            </TextLine>
            <TextLine id="r5l34" custom="readingOrder {index:32;}">
                <Coords points="1368,2773 1423,2749 1440,2754 1471,2745 1506,2759 1564,2748 1602,2756 1602,2721 1589,2720 1543,2687 1510,2705 1471,2689 1430,2719 1393,2691 1368,2696"/>
                <Baseline points="1374,2742 1401,2742 1429,2742 1457,2742 1485,2742 1512,2742 1540,2742 1568,2742 1596,2742"/>
                <TextEquiv>
                    <Unicode>synn wöllen.</Unicode>
                </TextEquiv>
            </TextLine>
            <TextLine id="r5l35" custom="readingOrder {index:33;}">
                <Coords points="1364,2855 1474,2828 2196,2880 2247,2863 2251,2780 2188,2806 2109,2791 2057,2835 1957,2790 1902,2830 1792,2789 1699,2827 1600,2767 1472,2792 1425,2749 1367,2774"/>
                <Baseline points="1371,2829 1414,2829 1458,2829 1501,2830 1545,2832 1588,2834 1632,2835 1675,2838 1719,2840 1762,2843 1806,2845 1849,2848 1893,2850 1936,2852 1980,2854 2023,2856 2067,2858 2110,2858 2154,2859 2197,2859 2241,2859"/>
                <TextEquiv>
                    <Unicode>Ist erstlichlie, znm anderen mict einem e</Unicode>
                </TextEquiv>
            </TextLine>
            <TextLine id="r5l36" custom="readingOrder {index:34;}">
                <Coords points="1373,2892 2104,2926 2194,2982 2200,2878 2167,2859 2067,2880 2024,2857 1957,2900 1906,2851 1852,2881 1819,2845 1770,2865 1652,2842 1594,2878 1467,2831 1375,2864"/>
                <Baseline points="1380,2885 1420,2886 1461,2888 1501,2891 1542,2893 1582,2895 1623,2898 1663,2901 1704,2903 1744,2906 1785,2908 1825,2911 1866,2913 1906,2917 1947,2919 1987,2922 2028,2924 2068,2927 2109,2928 2149,2931 2190,2933"/>
                <TextEquiv>
                    <Unicode>mit zweyen und zum Vierben mal mit </Unicode>
                </TextEquiv>
            </TextLine>
            <TextLine id="r5l37" custom="readingOrder {index:35;}">
                <Coords points="1371,2993 1392,3000 1451,2965 1493,2993 1569,2962 1738,2981 1754,2976 1755,2949 1721,2935 1705,2944 1674,2911 1628,2927 1600,2906 1551,2938 1528,2935 1481,2893 1432,2902 1409,2889 1374,2905"/>
                <Baseline points="1379,2955 1405,2954 1431,2954 1458,2954 1484,2955 1511,2956 1537,2957 1564,2958 1590,2960 1616,2961 1643,2963 1669,2964 1696,2964 1722,2965 1749,2966"/>
                <TextEquiv>
                    <Unicode>ufzogenn wordenn.</Unicode>
                </TextEquiv>
            </TextLine>
            <TextLine id="r5l38" custom="readingOrder {index:36;} person {offset:5; length:14;}">
                <Coords points="1367,3060 1437,3043 1606,3056 1628,3078 1750,3059 1785,3083 1822,3065 2082,3083 2085,3022 1914,2997 1843,3018 1753,2988 1684,3013 1609,2969 1555,2997 1528,2979 1370,2996"/>
                <Baseline points="1374,3035 1409,3038 1444,3041 1479,3043 1514,3045 1549,3047 1584,3049 1619,3051 1654,3052 1689,3053 1725,3054 1760,3056 1795,3057 1830,3059 1865,3060 1900,3061 1935,3063 1970,3065 2005,3066 2040,3068 2076,3071"/>
                <TextEquiv>
                    <Unicode>Iser Aidolf tr Ptor ds vf 15. Januar 162</Unicode>
                </TextEquiv>
            </TextLine>
            <TextLine id="r5l39" custom="readingOrder {index:37;}">
                <Coords points="1378,3087 1588,3126 1634,3109 1902,3120 1940,3141 2078,3131 2081,3082 2007,3072 1926,3097 1871,3065 1799,3093 1749,3059 1716,3084 1687,3064 1582,3074 1541,3049 1381,3052"/>
                <Baseline points="1386,3077 1420,3081 1454,3084 1488,3089 1523,3092 1557,3095 1591,3098 1626,3100 1660,3104 1694,3105 1729,3107 1763,3110 1797,3111 1831,3113 1866,3114 1900,3116 1934,3117 1969,3119 2003,3120 2037,3122 2072,3123"/>
                <TextEquiv>
                    <Unicode>nit nitter ußgeschmeitet und mit dem eyd vor</Unicode>
                </TextEquiv>
            </TextLine>
            <TextLine id="r5l40" custom="readingOrder {index:38;}">
                <Coords points="1370,3147 1380,3147 1387,3154 1406,3150 1425,3138 1441,3145 1461,3136 1469,3144 1501,3151 1504,3122 1483,3117 1476,3109 1462,3111 1437,3097 1407,3107 1396,3096 1376,3090"/>
                <Baseline points="1379,3126 1408,3129 1437,3131 1466,3135 1496,3138"/>
                <TextEquiv>
                    <Unicode>wordenn.</Unicode>
                </TextEquiv>
            </TextLine>
            <TextEquiv>
                <Unicode>lamlechen, vnnd daßerstenn, wie vhersie, das&#13;
er alle die sechenn, so Ihmeletstlich zu Rowangenn&#13;
vorgeläßnn unnd fürghaltenn wordenn, uberbrachts&#13;
und begangen hab imn fonn und gstalt als die&#13;
selbige schufft ußgewisenn.&#13;
Dannethin als Ihmletstlich zu Arwangen der&#13;
eydt vonn statt und land geben worden, er auch&#13;
denselbigen geschworenn Habe er denselben nit&#13;
mcher nochhöche geachtell, vnd Beetzigett, In das&#13;
ge sich etwas bilbs dernach mit sinem fum Michel&#13;
Inmine gnädigen Herren Ampt Gipp Tuge¬&#13;
laßsen, vnd daselbsct ettlichen buren mit seilenn&#13;
gwurchets, Doch habe er sich daselbst nch lang sumen&#13;
sonder als bald widerum uß dem landt ufl Basel&#13;
zu machen wollenn.&#13;
Item seiler bekennt vneyl er Jotzigs Herr Boht&#13;
zn Bewangen Ihue Reßer stung tortunieren vnd&#13;
marteren laßen, habe er sich durch thachgynigkeitt&#13;
so wyk innemnen laßenn, das er Ihm gethroüwtt Er&#13;
wolle Ihn ab dem roß hurab schießenn, wehliches&#13;
In das wärck zerichtenn, er ouch sinns, vnnd wille&#13;
gsein.&#13;
Eelien ter vorsalenn, sach den er vera&#13;
get wordenn, das die pinen anzogner stiengen vn&#13;
ahweth eis ein ursach gsin geendih habe &#13;
dermaenn nit fönwwertenn so tieff vor&#13;
das er sich verluttenn laßen, Er wolle den den&#13;
zweyen peren, so ihn zu Vewangen gsollage&#13;
bnseranfundenn, doch habe er seinlichs bebollihen&#13;
mit Ihm sim aben, daner wäre niemor nahen &#13;
bugk hinbber kommenn.&#13;
hid keier anderem eislandlungenn &#13;
synn wöllen.&#13;
Ist erstlichlie, znm anderen mict einem e&#13;
mit zweyen und zum Vierben mal mit &#13;
ufzogenn wordenn.&#13;
Iser Aidolf tr Ptor ds vf 15. Januar 162&#13;
nit nitter ußgeschmeitet und mit dem eyd vor&#13;
wordenn.</Unicode>
            </TextEquiv>
        </TextRegion>
        <TextRegion orientation="0.0" type="marginalia" id="r3" custom="readingOrder {index:4;} structure {type:marginalia;}">
            <Coords points="1205,2759 1197,2903 1356,2904 1364,2760"/>
            <TextLine id="r3l1" custom="readingOrder {index:0;}">
                <Coords points="1219,2845 1233,2849 1261,2837 1278,2849 1299,2840 1331,2861 1349,2863 1353,2808 1325,2814 1308,2797 1289,2795 1272,2781 1267,2784 1251,2766 1225,2769"/>
                <Baseline points="1226,2838 1255,2837 1285,2839 1314,2843 1344,2846"/>
                <TextEquiv>
                    <Unicode>id sao 6</Unicode>
                </TextEquiv>
            </TextLine>
            <TextLine id="r3l2" custom="readingOrder {index:1;}">
                <Coords points="1243,2902 1256,2904 1266,2895 1279,2904 1295,2896 1319,2906 1331,2902 1352,2904 1354,2873 1342,2873 1327,2856 1316,2853 1305,2842 1297,2840 1283,2845 1270,2835 1256,2841 1246,2837"/>
                <Baseline points="1250,2886 1282,2889 1314,2889 1346,2892"/>
                <TextEquiv>
                    <Unicode>bschulen.</Unicode>
                </TextEquiv>
            </TextLine>
            <TextEquiv>
                <Unicode>id sao 6
bschulen.</Unicode>
            </TextEquiv>
        </TextRegion>
    </Page>
</PcGts>
