2448 3264
215 386 1061 585 Woliche Ir d. Prnhe Schulen ou iche
231 515 1018 608 durch schryben besolchenn mit hilff deßhr. vom
204 564 1032 681 Dießbach solche vVermitlung zethun, vnd namlich
210 651 1047 779 fir Binfas kundtschafft zeberhören, Ober willich
219 725 1041 833 mit deselben erzeigen möchte, wie das er micht bewil¬
213 796 1035 915 ligung obbemelts Järgens Burkartts offan¬
215 878 989 977 zognen Jeörg den Schürerzelt habe., Do nun
216 948 1041 1063 hieuffer gefangne offermals die kundtschafft
213 1023 1051 1154 zusamen boruffe Syo der zi von Dießbach sein
204 1105 1051 1219 willig gsin sölche muy vber sich benemmen Wbar
198 1182 1014 1295 aor den 2. Schultzei so betroffe, Haber soch
213 1263 1019 1394 alleiyt entschuldiget sprechende wor de nch
224 1343 1006 1474 derleyl labe. Ertzuönschen habe er fin wylt
215 1417 1017 1547 Vellandett, vnd sye ein anderw an sin statth
226 1506 1004 1633 geordnet worden, und bald darnach seye er
206 1578 1007 1698 Bonfar In ein schwüre Franckheit gefallen,
221 1659 1031 1784 Inmahten diser handel biß Jetz noch Vngrör¬
219 1751 493 1835 troot blikenn.
238 1879 1003 2043 Zundicken ist er gefragt woerden, obes
239 1979 1041 2090 mit wobar sye, Als einen, danß belpergen
256 2057 1018 2165 nampt mit einer so schwären kranckheit be¬
264 2121 1040 2234 daffe gsin, das man vermennt, er deßselben län
255 2185 1016 2302 gers nith vffkommenn wurde, das domalen,
291 2265 1038 2369 er Binparts stemlichs vernomden, er sich zu
249 2329 1051 2453 gedachts Betrers freuw vorflugt, mits ve¬
269 2412 1021 2518 moltenn, wie das Preboman Ihme nun fronen
266 2487 1041 2593 suldig seye sy stelle lugen, en wölle bezelt
257 2564 1020 2669 synn. Vndt das do darnach er Belper als
275 2637 1047 2741 Modernn uff kommen, und söllichs vernommen,
271 2711 1016 2825 Ihne Binfard darum bscholten, anzeigennde
332 2787 1026 2899 seye Ihm deß alss berocht, Wie sich dan
1205 381 2144 561 silches beschinnen, dan an statt er Boinfarts hme
1220 471 2094 629 ni s gehöüschenn. habe sich heiller erfunden, das
1199 525 2103 690 Binvar dem anderenn by 7 lb schuldig gstin.
1213 615 2130 773 Heinber Vatter dise aetwat gekern, das wolche
1234 684 2139 852 sage das sr dem Junß Belper knn suerkamkheit
1228 765 2159 889 nun f Könschenn, dorstellig Ihm schandtlich vmeht
1220 818 2110 958 thuge. Vnnd vorn diser sach wegenn, habe Ihr
1228 882 2162 1041 der zr Schultheiß berechtigett, vnd die sach so wytte
1230 937 2126 1112 gebracht d. er  oder gkundtschafft wider Ihnn
1228 1007 2107 1174 gestolt, duch welcho er mithdeßwonger mitt
1243 1131 1588 1221 erwharen mögenn.
1203 1220 2155 1400 Dun vnrten vor gefagt wordenn, Oernit
1261 1324 2145 1464 ohar siye, das er Jacob Rechor von Wiblishoung, so
1252 1368 2166 1526 etwas eytso nich demstelben hingichtett worden 46 F.
1262 1447 2190 1599 Vnnd 21 batzenn abgeforderett vnd als er Rochen
1238 1527 2152 1681 diser schuld ich kantlich fin wolen, er Birfarth
1265 1600 2169 1731 mits destminder vff funer anforderung syff Ver¬
1247 1678 2157 1822 hewett vnnd ein eydt thun wollen In dem also seye
1243 1765 2154 1875 Dda es sich aber doch hornach in getroffner rechungbe¬
1246 1808 2190 1959 fundonn, das er Birfandt gesagtem Rochst 3 lb
1263 1909 1907 2023 Vnnd 10 ß hauß schuldig kibren.
1258 1979 2151 2142 Vater zubshind erfoltenn laßenn Waren angese
1265 2079 2124 2193 20 fronen und 21 batzen bemelhem kochenal
1258 2165 2051 2270 forderet, vnnd solche schuld by einem eydt
1257 2213 2045 2343 weltenn, So habe er stolches fn Zornigen t
1258 2294 2042 2411 er könne sich nütf dee bstimnen, wy e aber
1283 2355 1989 2453 So musse ers wol grott habenn, darneben k
1268 2403 1988 2531 Vehalten, das vonder 32 zugenn, so derse
1284 2483 1980 2609 Vonn Murten wider Ihn gestollt mit
1290 2553 1962 2676 Mein die gsin, die einstölliche sach wider
1286 2636 1924 2760 Vngeacht ds doc dieselbigen all fls
1268 2697 1943 2845 Wordt hosf hattenn. smn sy vnd sy
