2448 3264
351 366 1153 478 Eyn Auß gekackt ede annes tags olgedachiten si¬
348 445 1135 523 meyser Ihne mit solchen worten an, Bertz di
714 500 756 540 u
353 503 1123 587 hettest stutts gern ein paar Hoten gee, Ich wil
338 559 1143 658 die eins verbeistenn haben Wan due gast genmin
339 614 1156 720 frouw darsetzen, dauf er geantwortets, Mey¬
354 682 1107 757 ster, was kompt die Inn sein, Hutt mich
339 743 1131 832 Gott darvbor Ich weiß wol das das nit rechte
342 797 1160 905 Ist ein oberkeit wurde solches nit ungestren
348 859 1099 993 laßen, wan sy es vernäme. Vnd als er ein
351 927 1109 1038 wyle nach stolchem zum Meyster gsagt Er
353 994 1131 1089 nemme In wunder, wannn er Ihm seinlichs
351 1068 1082 1144 annucke, was er damit meine. Habe der
348 1120 1124 1241 meyster Jauff Vemeldet, Er möchte gernn
332 1193 1152 1303 sechen, ob seyn frouw an Ihm wurde Promblyb
334 1257 1146 1363 Nach dem sy end sey mict einanderen hinvbr zue
332 1325 1149 1443 Landoren zogen, allda sin Meyser, nach dem so
346 1394 1139 1486 ein trunck mit einanderen gethan, zwo Jienen
335 1463 1125 1586 bestelt, vnd mit der einen grad selbigen tags
354 1524 1150 1630 by Landoren Snechst vor dem thor hinder einer
357 1590 1140 1690 schuren mit der anderen aber in der folgenden
345 1655 1159 1777 nacht zur Nuwenstadt Im wirts zu so br¬
337 1723 1101 1849 pigkeit getribenn. Volgendts seyend sy
356 1793 1157 1910 mit einanderen gan Bielzogen, allda synn
344 1869 1169 1973 meyster abermalen sich an ettliche dienen ghendt
341 1928 1172 2054 Vnd mit ihnen ein trnck gethan. Nachmndt
346 2005 1175 2138 sigend sy gan digertz kommen, und als sy deselch
346 2068 1155 2212 einwirthuß den tag mit eßen, Vnd buncken
340 2137 1167 2288 verbracht, habe vfl der nacht sin Meyser gaß
327 2207 1148 2381 sy wöllind uß dem wirtsbuß in dr Botz
334 2279 1162 2445 Rudwrig Michels deß vogtt zu Elich sere
341 2352 1157 2515 die er dosmal decken stöllen. Es seyend aber
346 2464 1165 2637 zwo dienen by thuen gsin. Als aber er ge¬
332 2496 1167 2679 faugne sich nit dahin begeben wollen, Hab die
341 2564 1171 2774 der meyster starck anghalten, sprechende E
338 2631 1146 2839 sölle nur kommen, er müße ihn nütt rosten.
331 2705 1182 2917 Also das er sich bletst bredenn lagenn, vnd hr
331 2769 1196 3021 fangen. Daselbsten habe sin möister zugichen
358 2852 1198 3064 vgr Rangne mit denselben dirnen ie mitte
337 2914 1199 3158 Verbracht. Vnd habe sin ne ster fin den t
1370 387 2222 514 und nemse sich die tennge mit deren er gefangne
1364 454 2195 557 zuschaffen ghan, Außels, Vnd stye ard die, mitt
1377 502 2197 595 teron hievor synn Meyste by danderen hinder einer
1381 537 2214 661 thür Vnkunschheit getiben. Nitlang nach disem
1381 592 2223 702 yend sy widerum mit einanderen zur Landerenn
1361 642 2223 779 gangenn, vnd sich daselbst mit ettlichen Innen Inn
1368 692 2262 826 zach Ingsetztt: zu wellichen sachen er gfangne sich
1362 747 2256 863 allbytt dan Vß der Vrsachbiedenn laßenn, das sin mey¬
1362 817 2245 935 stor ihme immorder vertröstet, Es müße ihn nütt
1369 878 2213 986 costen. Doznacht sye syen möyster mit einer
1366 898 2304 1064 deselben dienen nidergangen er gfangne aber sampt
1365 978 2266 1094 zweyen anderen mannen syend bby deyen dienen
1359 1025 2244 1162 In der stuben blibenn, da er sich dan abermalenn
1371 1086 2283 1215 Cleider) so wytt vergäßen, In er mit einem die
1363 1142 2265 1280 selbige nachtt gemuttwillett. Ehwas Zylls dar
1375 1205 2248 1334 nach habe es sich begeben, das sey beid, Namlich sin
1367 1265 2304 1407 meyster, vnd er gefangne, vnd demnach auch der
1358 1325 2249 1460 Dienen eine allein by einanderen gsin Ja dan
1365 1378 2349 1515 sin meyster Ihme abermalen anghalten, sin frou
1374 1437 2344 1573 zubeschlaffen. Deßen er sich glych wiezu vor geweide
1369 1522 2325 1654 gett, Vnd habe ouch die dienen Ihme sölches wider
1370 1587 2320 1693 hattenn, dauuff er sin Meyster gesagt, Er mochtt
1370 1649 2304 1765 alein wol erfhanen, ob sy from an Ihm blybenn
1362 1711 2367 1822 wurde. Etwas Ryts nach söllichem habe er gfangen
1369 1782 2293 1909 diß eines Meystors anmutten findeß Meyster
1763 1837 2306 1948 dr 1ß also mit ihm angbect ge
1370 1865 2189 1980 frouw geoffenbarett wele in Ilm gesagte
1370 1920 2277 2017 wölle eintunck reichen, Vnd wan sy von ein w
1364 1991 2277 2103 tuncken, solle er Ire solches anmutten, so wolle
1376 2061 2277 2176 als den Vff der stett anfachen latz thun vnd
1377 2127 2268 2226 schelmen, vnd dieben, Vnd sölle er voff solcher
1385 2203 2261 2285 von louffen. Er sölle aber darvbor zuem
1373 2271 2254 2353 thun, dser Iren solches anmutten wolle vnd de
1371 2339 2302 2436 zeigen, er solle sich verbogen, damit er Junge v
1386 2402 2248 2509 möge, weßen sy sich vberhalten werde, So he
1359 2474 2205 2577 das sy sich also lutz stolle werde er furhin kein
1380 2544 2215 2651 han, dan sy sye komman Ihm. Nittleyede
1379 2617 2202 2725 sye der möyster, vnd er mit ein anderen bus
1374 2687 2202 2822 worden und als sy einanderen gschlagen.
1382 2761 2187 2890 zum s predicarten zu digert glieffen und
1386 2837 2174 2961 sachenn groffenbark. Vnt hatter mar
1374 2909 2064 3029 sich noch vmb so lbil wylher erleittenet
