2448 3264
351 397 1153 549 Hußlignd. Wben sy es klutte, so muste Ich
380 496 1168 597 es laßenn gschechenn, wie aber, wan zn es pn¬
377 547 1148 656 biertest, vnd ein vorsuch thultest, ob sy nit
370 601 1153 716 fromm syn wolte: Wan dues Fus Vnd mir
361 674 1158 784 dan die wach eith anzeigff, das sy nich habe from
382 734 1148 849 syn wollen; so wil Ich die ein paar hosenn
382 799 1161 922 geben: Dauff Cistler gefaß, Ich weil es von
383 875 1169 988 probieren, aber iich verbungen: sonst win
398 941 1153 1063 es vns Vbbel gban Vff seinliches in Jusche
394 1013 1141 1121 gesprochen: Ja ee sölle es nch Beebingen
389 1086 1153 1185 sonder allein ein Versuch thun, vnd Ihm di
374 1154 1154 1269 der wacrif anzeigen. Nachwärdts syend sy
401 1223 1156 1336 zu Rigrete mit einanderen daß einen worden
395 1290 1099 1390 das sy es wöltind underwegen laßen.
407 1362 1165 1473 dac er aber siner Prouw alß Vbel gethunn
412 1431 1152 1534 sye deßen die Vrsach, zum theil das sey Ielede
853 1497 912 1528 ha
413 1501 1167 1585 stand ein buehelich kind zum theil danond
411 1554 1166 1672 das sy ihne ohne vnderaß schnöd ghalten, alß
406 1629 1166 1726 das Ihn z letst augfangen wunder neme
412 1693 1149 1811 ob sy nit einanderen lieber habe, dan Ihn
395 1784 1162 1915 Als ergfagt worden ber ich uß merden
409 1871 1162 1973 mebten fr Batl Ludien Michels festern
400 1923 1169 2064 Aigertz wynzogen und den mit obbemelte
408 1990 1172 2124 Kistler Vnd sinen Jienen tuncken, Hatter
405 2064 1163 2205 es hoch vnd thue Verneintt. Spnchande,
405 2122 1175 2271 wie das sy keine anderen schlußel, dan dies
412 2197 1165 2355 husthün ghan und allen wyn den sy da
415 2266 1171 2416 beurken habind sy kaufft, allein eineint
416 2327 1180 2490 mal hab Ihnen deß Ir Tochter einmaßge
414 2391 1189 2586 so habindt sy sidt Martinn allein emein
416 2476 1189 2660 tag dagwärchet, Ja sy den morgers die thist
411 2535 1199 2737 In Ieß h. Prdiranten huß gnommen, vadi
411 2683 963 2833 sy widerum dahin gedragen.
385 2722 1185 2961 Dar eken de ernghet
431 2818 1182 3006 mith vnkünschheit zelbergäßen, mit verbiß
423 2884 1188 3067 es wrde Ihn mittroßen, das sye Im groaß
439 3059 629 3157 lohar.
84 422 351 503 druff er
92 466 199 559 gsagt
1355 413 2218 571 Daufff deme bemelte Kistler Vndermundts ehalten
1386 520 2178 613 das ir Ihr Jazu sölchen fulensachen angwisen, vnd
1384 567 2185 687 Nemliche bersprechung vnd vertroffung gethon
1376 651 1468 725 habe.
1381 667 2239 788 zu dem so thuge e Ihm Vnnecht In dem, das er Ihne
1381 741 2203 848 andlagte, als sölte er Jas Außelst nahingfurtt
1367 812 1887 908 haben, dan das sye nich whar.
1364 847 2250 1002 Item als Juschen Ihne angwisen, sin frouw darzu
1370 927 2208 1034 setzenn, habe e nt ir Ihne Juscher, sonder Jusche
1371 973 2269 1085 Ihre biseler zum ersten angieth, vnnd also gsprochen
1383 1018 2250 1127 Wan zu es niemand wöils sagen, wil ich die etwas
1372 1079 2268 1186 anzeigen, Vnd Jore gsagt Mein, habe Juscher Witter
1365 1139 2272 1271 grett wan du wilt nin frouw probieren, so wil
1375 1196 2232 1310 Ich die einpage hosen geben, Dauff er Ihme zu
1374 1253 2251 1397 bscheid geben, Nein, er wolle es übbthun, es wurde
1380 1348 1713 1442 ihnen übel ghan.
1353 1403 2274 1540 deß wyns halb verstruichtt er es wir gedachter
1370 1510 1513 1591 Fuscher.
1383 1522 2323 1662 Im Ubigen laßt er es by seiner brigen versprechen
1382 1629 1598 1707 verblybenn.
1389 1682 2282 1807 Vnd dietoglnun Jeder diser beidenn den anferen Gäler
1377 1766 2312 1875 begangen, vnd Ußord söllichem anderer sachen nit gesten¬
1366 1826 2282 1944 die syn wöllen, sind sy uff 1 febe 162 lf abz
1382 1858 2326 1998 costens, vnnd ein ernstige Consior midt betrouwen v
1387 1954 2258 2066 sy sich wyters vorgesenn worden, das man sin alle
1393 2023 2229 2129 von Statt vnnd Land vortrysen werde
1389 2108 1947 2230 Vnnd ledig glassenn wordenn.
1392 2227 1620 2352 1. sal. 63.
