2448 3264
336 462 1032 634 innethin syn in micht hilff frantzens f
310 541 1024 700 gmen thal in einfäller biochenn darfum
307 592 1009 737 ulch gesane, vnnd ein groß stuckluß
293 652 425 736 ähenn.
278 710 1016 885 deselbsten mit hilff gedachten krantzenn
285 814 996 927 Vnnd deß Fheyburgers in ein anderen kullen
276 878 1014 1012 brochenn, dam peilch, vnnd ein ful ge¬
276 953 433 997 nomtun.
255 981 1022 1161 Waller er en sen dieselben gezae auh ich
272 1081 993 1191 In ein käller brochenn, darungen er milch
284 1136 404 1235 oßenn.
264 1222 1008 1369 Vernecs habere ß einem Byu ihn ein vin
275 1319 497 1399 thu entwert.
269 1402 1012 1536 De hehr erstrnsten hin seind her lie
290 1494 536 1583 byß gnomenn.
252 1567 984 1715 vnd aergsagt lud 1o die soen
258 1654 964 1785 Voeanhatt, genommen hatt er zu bschei¬
248 1714 970 1832 hebenn Vilgedachter Fraute hab Ihren so
251 1781 975 1894 hebenn, welcher dieselben von Einenn sal¬
260 1841 971 1963 geinen bfuhre der zuge brothenn, ge¬
237 1917 490 2006 nömenn habe.
233 2020 955 2174 E all len anteren in sel andlu en
229 2120 561 2206 gichtig sin wollenn.
227 2206 967 2347 en dermiten n
227 2311 968 2406 Reitenn antzweyenn, unnd zum bie ddten
234 2365 912 2479 v den steien bfbigern to oderin
226 2425 952 2596 i disenhend mich ut
236 2498 956 2648 P sd  e mit den 1 t zu sin hey m
232 2599 505 2660 gehenn wordenn.
1195 458 1952 609 t nugger
1222 790 2090 938 Vielihe Maritz Rugger sich so hoch vbergustenn
1218 882 2117 1000 das er wider Ir G. Satzung zweyenn loybs personen
1228 955 2087 1053 drn die eine Bara Londerin die andere Barbara
1217 1013 2114 1120 Hallerin heißt diechen vorsprochenn, vnnd zugesagt.
1226 1080 2153 1198 habind Ir Gerkont, daser vonn diß thälers wegl
1222 1154 2120 1280 ein stundt leung an das Jalhystenn gestollt wordenn
1217 1241 1318 1341 solb.
1208 1436 1271 1438 Hanns Goreng vor
1230 1323 2156 1460 Dilliches Ist f 2. Juli 1612 erstattel lnd.
1176 1438 2104 1621 Hanns Goreng vor
1210 1565 1784 1677 Gerszerinsie rerentio
1211 1777 2136 1930 Voff Mentig don 20 Julii 612 den gesenan
1202 1874 2095 1981 tigkeit der kromen, furnommen, fue sichtigen, wysenn
1199 1932 2108 2025 Herrenn Potor Vonn Gordts, deß Asctts Michel kön
1194 2001 2104 2102 demychs der Burgerenn, vnd Hans Rudolff d
1200 2046 2029 2158 vers Großweybels, ouch ettlicher weyblen, mine
1188 2117 2021 2240 Vnnd Oberenn dieneren Hatt Hanns Spring
1185 2178 1978 2310 Dortheunster purdig hornachfolgende diebst
1188 2258 1943 2360 Martili bekentt, vensahenn, vnd mit dere
1199 2328 1635 2428 haltenn, vnnd bestättiget,
1200 2399 1262 2480 N
1175 2423 1856 2538 Namlichen, Vnd doßersten habe er zu
1194 2475 1908 2590 einem misthaggen das schloß an einer kille
1185 2550 1896 2652 Zert, vnd sye also in füller hinin bercheren
1190 2610 1878 2715 er milh, vnd ein stucklin brott vntragen
1191 2693 1836 2810 Innorthalb Rußwöl syn er mit hilf
1191 2786 1836 2894 Bli Bumans, abermalenn in ein fall
1173 2846 1631 2940 welchem sy milch geßenn.
