2448 3264
509 664 1177 791 by grümenen purtig.
420 491 1150 645 unnsbuogu
497 597 1235 715 Soraung gebrüder ab der Tägi
468 835 1221 980 Wo densane nd fat so vngg
449 937 1195 1036 bryder, ab der Lägi by Dumotwen spüetig Innl
449 993 1212 1101 denn Piommenn, furnomenn, fursichtigen Gbise¬
444 1051 1201 1166 Herrnn, Hans Rudolff Luber, deß Bhatte,
462 1111 1173 1227 bysenn Hh. Großweibel Därbers, vonn deß
446 1169 1182 1289 Wynns wogenn, den sy Im Erest Vß ettlichenn
438 1236 1201 1343 faßenn, In ein klein Päßlin gezucben, vnd also
444 1295 1213 1401 Zebervnthruwenn Vndorstanden, mit ginsthafft
447 1354 1215 1453 wortenn examiniert, vnnd befragt wordenn.
434 1419 1073 1541 habennd sy folgenden bscheid gebenn:
436 1500 1185 1638 Crstlichenn hatt der Junger buder Hages
437 1599 1192 1711 Sprang gegampt vermeldet Ein äber
438 1651 1212 1748 Vonn Kursatz, vnnd deß Amans von Durme
429 1719 1198 1821 fun welche beid 6 ff dem Stutz aon Lorst dem
431 1787 1203 1889 Wyn gutell, habind Ehn sheißen ein nac
420 1845 1186 1952 verbungen, welches eegfangne gethan vnd
401 1907 1192 2030 den Punstuor muttor huß greicht. Demman
407 1978 1193 2104 habind sy einloch In ein faß borrtt, dß vor¬
397 2048 1192 2169 satzes olbemeltt Laßlin mit wyn befullen,
388 2124 1194 2240 den daßelb dan In seine mutter Heß tragen
402 2193 1018 2308 Vnnd Vftinckenn zehr Pfonn¬
410 2266 1185 2401 Waer der mit frnnge vormant wonde
407 2358 1185 2475 die wachditt an tag zegeben, wyl man doch wa
394 2427 1153 2549 wuße, wie die sacdhenn sich berloffenn, hatt
428 2500 1168 2608 sich vf nach volgenngde weys erleitteiett.
381 2563 1174 2685 E syr ongfaar die louchonn, das sy muthee
398 2641 1173 2767 vr Vohmal, glych wie sy noch luttige tags sie¬
413 2716 1177 2822 etgsein, Ihne gleßen im vorst gen lege
405 2779 1169 2897 achenn, damit sy denn durst löschen könnt
428 2855 1165 2975 Adem siner Mutbe feiß er nachgangen,
423 2929 1170 3036 boror, vnd ein fuslein gnommen sich dandt
395 2992 1173 3131 El den Stitz mn Ernst beruight vnnd alle
300 497 331 506 2
173 878 434 979 so
1341 352 2292 635 een eeen, bo
1330 443 2267 710 Eißlin gefullen, Vnd nach demes wuw geuttt
1354 509 2292 751 sin, es mithilff eines biuders hieckbemelt(der
1339 580 2304 798 dan vmb die sach gwusht) In siner Mutter auß
1342 621 2322 853 zetingenn. Vo Vndehe aber er habe mögen an Lach
1340 692 2335 918 wynn ziechenn, Ja wärde er vonn obgesagtem wäber
1348 791 2314 1000 vnnd doß Ammanes sein ergriffenn, Pette gantz
1336 867 2283 1038 trungenlich, wyl er noch mitt Ihm Laßlin gheft
1329 896 2303 1103 Mir Eis wöllind Ehm disen Gälen Berziechen
1315 986 2286 1158 Er habe shon etih sytts dahar gedienett wolle
1343 1047 2275 1212 noch deyttors dienon, vnd sich stutts ehrlich, vnnd
1324 1181 1579 1279 wolhaltenn.
1332 1189 2253 1374 Vndali Ehmnangaltenn worde anzubeigen
1327 1281 2336 1417 Was erncher böses begangenn Hatt er Venmeldet
1331 1343 2334 1497 Er habeetlichenn vonn Eich by 4 malen holt ge¬
1340 1421 2312 1550 nommen, Jedesmal so vil, als er entragen moge
1330 1516 2273 1652 Weythen habe er ongefane Vor einem daar auch auch
1320 1583 2256 1707 Passem mit weyen den vorst gfultt, vnd siye syne
1328 1653 1764 1756 Muther Vormal dart gsen
1298 1723 2272 1859 Dennach, dls vf ein zytt ebbemelter syen beitter
1338 1806 2255 1918 mit einem anstafen einloch In ein faß gerachtt
1334 1853 2296 1993 Vnnd bß demsoltonn faß einzwoymäßige Pläschen
1311 1917 2062 2047 gefullt, Styoen Hanns auch darby gsein.
1302 2004 2156 2155 Seine habind ß einest Ingegentountigkeit
1301 2077 2155 2215 wäters eingroße fläschenn mit lögen gfultt
1305 2138 2207 2299 In wuber selbs zogenn, vndt do den selhen In
1309 2198 2223 2376 nute huß mit Ihnen golffenn von trund
1304 2282 2128 2466 Wlishen weyen beind sy allwegen zu
1294 2356 2127 2517 Vf dem Stutz gnommen wegen mharen Sheile
1295 2417 1690 2540 em selbigem Soll gfie¬
1298 2481 2049 2693 Vntor miß sandlungendt hatt ermitt welle
1301 2578 1389 2635 snn.
1279 2642 2071 2861 Alenkerkidlin Sorang symn bider
1291 2718 2058 2916 zeigt die Rengenn, so dem wynn schute
1279 2780 2057 2982 ihnen füwe unnd schoub glöuschen,
1279 2845 2031 3035 er sudli Ehnen das Pinen, syn budon aber
1275 2927 2000 3099 gebacht. Nach dem habe es sich bereben
1283 2966 2001 3195 ere e ihheli  h
