2448 3264
500 499 1056 668 ver sichent gust vr Ehesten
543 598 1039 728 gomoldenn) In einem holtz by
489 663 1009 780 ollothuener gepietts, mit einer
480 726 1036 856 stutten (wüßie aber nit wesernn
508 793 1046 931 zu zweyenn underschiderlichen
478 874 1040 994 und Im Junckg oltz nit wylb kom
536 955 1035 1084 obbemeltem geyßlin drumalen
548 1031 1033 1174 abschitlicher wys bergenen
553 1188 1029 1330 Auch thn begangne Vnhi¬
526 1283 1013 1393 enn in seinem gemütt unnd
560 1350 1009 1455 lichenn Vorkroß zuläbenn
608 1426 1022 1545 nit selbs in seinen lyb mit
497 1503 987 1608 welches er zn hinentschoppen
524 1580 987 1682 im fünff oder wedeß siche
547 1635 1006 1756 ss en
571 1727 1014 1833 sints läbenns, das ihme
572 1801 997 1905 gebenn gwaltthättiger,
595 1853 919 1974 3s zeberoubenn.
599 2030 1018 2148 Pstines gstpanenns Hand
619 2121 978 2215 der  jaroni uff dom
549 2184 1000 2306 den Wordhtrager v ß dem Au¬
593 2266 975 2362 iem großenn haßlinenn
580 2328 988 2440 molter sin gspan habe den
630 2407 1009 2499 darnach Ihme gholffenn.
645 2480 1012 2578 s golte gonomen, Babend
528 2540 980 2653 lin das Aspolter genampt
702 2618 999 2715 tzunstecken vor¬
623 2675 975 2794 Von bemeltem geltt
650 2777 711 2835 nn.
2034 336 2156 390 155
1244 483 2120 625 Kilcher, Vachingern ternoch geschikne diebstil
1239 583 2091 684 zu Martili bekenund verühren unnd mit der
1239 643 1876 748 marter erhaltenn, vnnd bestättiget,
1231 744 2162 868 enlichenn, vnnd deß erstrnn, habe er hinder Sumibe
1229 827 2108 922 Wald nitt hilff sines gstollenns, sooffel Schmidts 16 ß
1237 864 2150 996 Wallis pürtig zun eines parren huß uß einer schuben
1236 932 2168 1055 Vier Eronenn ein loffel ein mäser, ein arckenn, vnnd
1239 999 1666 1117 im suckbrott entfuembdett,
1248 1116 2124 1247 Ddr dumiswaldt uff einem Hoff mit hilff seinen
1234 1210 2090 1333 gstellonns deß fryburgers Inn ein Seycher brochenn
1246 1259 2178 1388 daauß by E. E. samft einem stuck brott vintragenn
1227 1349 2170 1509 zm hormaßgeben mit hilff deß fnburgers unnd
1235 1452 2164 1571 Wallistors tun einkaller brochenn vnnd in dem selben
1244 1523 1463 1624 milch gesternn
1217 1603 2152 1742 Bu Hofenn Inhin abegmalen mit siff gedachtenn
1193 1691 2099 1784 Teyburgers, vnnd Gallißers Inn ein fäller brochenn
1218 1751 2154 1856 Darpen milch gestenn, vnnd kuß daruß eutfrömbdet
1211 1835 2123 1991 zu Konolfingenn, habe en, vnnd sin Consart der fue
1240 1938 2115 2048 Vli genampt in einem sparher 22 durr würst
1222 2011 1736 2116 by nächtlicher wyl genommenn.
1193 2085 2040 2226 Daselbstenn habe auch en, vnd den Pureben f
1218 2181 2010 2285 füller, denn sy offenn gfundenn, milch gase
1203 2259 1973 2394 em Dordlfere feiren, Nigli keg b
1223 2357 1922 2447 Spring, nachss in eine spicher brocenn
1217 2411 1944 2514 100 ellenn lönen fucht ein fugenn, vnd e
1221 2478 1952 2587 hunck gnommenn, darvonn Ihme das Gan
1210 2533 1955 2633 zu einem panr hosonn, vnnd einem roct
1217 2629 1907 2770 Glicher lys sire mich bf gedact
1219 2716 1875 2818 zu Gordlispeag imn ein käller brochen
1210 2794 1718 2904 gnommens, vnnd milch gestenn.
