<?xml version="1.0" encoding="UTF-8" standalone="yes"?>
<PcGts xmlns="http://schema.primaresearch.org/PAGE/gts/pagecontent/2013-07-15" xmlns:xsi="http://www.w3.org/2001/XMLSchema-instance" xsi:schemaLocation="http://schema.primaresearch.org/PAGE/gts/pagecontent/2013-07-15 http://schema.primaresearch.org/PAGE/gts/pagecontent/2013-07-15/pagecontent.xsd">
    <Metadata>
        <Creator>prov=University of Rostock/Institute of Mathematics/CITlab|PLANET AI GmbH/Gundram Leifert/gundram.leifert@planet-ai.de:name=German_Kurrent_XVI-XVIII_M1(htr_id=19584)::::v=2.6.7
prov=University of Rostock/Institute of Mathematics/CITlab|PLANET AI GmbH/Tobias Gruening/tobias.gruening@planet-ai.de:name=de.uros.citlab.module.baseline2polygon.B2PSeamMultiOriented:v=2.6.7
prov=University of Rostock/Institute of Mathematics/CITlab|PLANET AI GmbH/Tobias Gruening/tobias.gruening@planet-ai.de:name=/net_tf/LA73_249_0mod360.pb:de.uros.citlab.segmentation.CITlab_LA_ML:v=2.6.6
Transkribus</Creator>
        <Created>2020-10-05T08:39:55.366+02:00</Created>
        <LastChange>2023-06-12T21:02:27.816+02:00</LastChange>
        <Comments>Auto-rotated according to EXIF orientation = 6</Comments>
        <TranskribusMetadata docId="1334809" pageId="52358907" pageNr="68" tsid="126774978" status="IN_PROGRESS" userId="68497" imgUrl="https://files.transkribus.eu/Get?id=TGFRRLIRWLQDBRDQNFIEVTZM&amp;fileType=view" xmlUrl="https://files.transkribus.eu/Get?id=HCBKFTPIVLZABYNRYGPFYWYO" imageId="16062770"/>
    </Metadata>
    <Page imageFilename="turmbücher 459_00068-20200922_100416.jpg" imageWidth="2448" imageHeight="3264">
        <ReadingOrder>
            <OrderedGroup id="ro_1687513838528" caption="Regions reading order">
                <RegionRefIndexed index="0" regionRef="r3"/>
                <RegionRefIndexed index="1" regionRef="TextRegion_1684312943263_3373"/>
                <RegionRefIndexed index="2" regionRef="TextRegion_1684312943263_3372"/>
                <RegionRefIndexed index="3" regionRef="TextRegion_1684312941852_3368"/>
            </OrderedGroup>
        </ReadingOrder>
        <TextRegion orientation="0.0" type="page-number" id="r3" custom="readingOrder {index:0;} structure {type:page-number;}">
            <Coords points="173,397 183,2863 1041,2867 1031,401"/>
            <TextLine id="r3l1" custom="readingOrder {index:0;} place {offset:13; length:3;}">
                <Coords points="432,537 824,555 960,591 1010,583 1015,526 955,490 884,501 856,477 781,507 746,468 685,486 609,455 524,495 441,434"/>
                <Baseline points="438,527 466,528 494,529 522,530 551,532 579,533 607,534 636,537 664,539 692,542 721,544 749,547 777,551 805,553 834,556 862,560 890,563 919,566 947,571 975,575 1004,579"/>
                <TextEquiv>
                    <Unicode>begen hie zu Ben vor Ied</Unicode>
                </TextEquiv>
            </TextLine>
            <TextLine id="r3l2" custom="readingOrder {index:1;} person {offset:20; length:12;}">
                <Coords points="306,595 763,614 821,648 881,631 1001,658 1006,581 844,582 794,550 650,567 529,530 456,581 395,536 310,539"/>
                <Baseline points="312,594 346,594 380,594 414,596 448,596 483,597 517,597 551,599 585,600 619,603 654,605 688,607 722,610 756,614 790,616 825,620 859,625 893,628 927,634 961,639 996,644"/>
                <TextEquiv>
                    <Unicode>Dadan Er G. dem hr. von dießbach, zu</Unicode>
                </TextEquiv>
            </TextLine>
            <TextLine id="r3l3" custom="readingOrder {index:2;} person {offset:29; length:7;}">
                <Coords points="307,669 364,711 469,669 613,705 699,680 1021,725 1025,659 964,675 890,635 820,647 652,604 605,630 500,596 446,597 391,641 355,612 309,630"/>
                <Baseline points="314,666 349,668 384,669 419,671 454,671 489,672 524,672 559,674 594,674 629,675 665,675 700,677 735,678 770,680 805,683 840,686 875,689 910,694 945,699 980,704 1016,711"/>
                <TextEquiv>
                    <Unicode>lting zhu Duder, vnnd vom hr Cenorul</Unicode>
                </TextEquiv>
            </TextLine>
            <TextLine id="r3l4" custom="readingOrder {index:3;}">
                <Coords points="266,756 289,753 305,758 320,771 356,773 358,690 349,689 335,697 333,694 325,696 305,681 295,686 282,678 277,682 269,681"/>
                <Baseline points="273,740 299,740 325,740 351,743"/>
                <TextEquiv>
                    <Unicode>solche</Unicode>
                </TextEquiv>
            </TextLine>
            <TextLine id="r3l5" custom="readingOrder {index:4;}">
                <Coords points="414,788 496,750 539,771 604,752 732,769 773,748 847,818 896,814 942,780 1007,786 1008,759 947,711 887,719 851,691 730,733 677,699 611,711 478,673 418,704"/>
                <Baseline points="422,750 452,750 482,750 513,750 543,750 574,750 604,752 635,752 665,753 696,754 726,755 757,758 787,759 818,760 848,762 879,766 909,768 940,771 970,775 1001,779"/>
                <TextEquiv>
                    <Unicode>so ze bereinbarenn Welche si ee¬</Unicode>
                </TextEquiv>
            </TextLine>
            <TextLine id="r3l6" custom="readingOrder {index:5;}">
                <Coords points="226,832 248,821 259,824 267,816 275,817 292,826 311,845 335,823 341,828 352,823 351,774 333,776 307,761 271,760 250,742 236,749 224,748"/>
                <Baseline points="231,816 259,813 288,813 316,812 345,813"/>
                <TextEquiv>
                    <Unicode>fondt,</Unicode>
                </TextEquiv>
            </TextLine>
            <TextLine id="r3l7" custom="readingOrder {index:6;}">
                <Coords points="407,827 434,846 471,828 642,842 675,823 714,848 746,823 789,847 868,839 907,870 945,841 1001,849 1004,797 975,786 911,822 844,818 743,763 623,782 574,756 539,771 494,757 442,798 409,786"/>
                <Baseline points="413,816 442,818 471,818 500,819 529,820 558,822 587,822 616,824 645,825 674,825 704,827 733,828 762,830 791,831 820,833 849,834 878,836 907,837 936,839 965,840 995,843"/>
                <TextEquiv>
                    <Unicode>in statt der 50 th. er Emfar</Unicode>
                </TextEquiv>
            </TextLine>
            <TextLine id="r3l8" custom="readingOrder {index:7;}">
                <Coords points="234,894 246,888 271,888 316,913 341,890 357,889 357,825 341,829 336,824 300,855 288,854 249,820 234,826"/>
                <Baseline points="240,881 267,881 295,881 323,881 351,881"/>
                <TextEquiv>
                    <Unicode>dem hr</Unicode>
                </TextEquiv>
            </TextLine>
            <TextLine id="r3l9" custom="readingOrder {index:8;}">
                <Coords points="412,901 535,922 566,897 729,924 796,900 1014,926 1014,891 937,851 904,869 845,840 803,873 731,834 692,855 415,842"/>
                <Baseline points="419,885 448,888 477,890 507,891 536,893 566,893 595,893 625,894 654,894 684,894 713,894 742,896 772,896 801,897 831,899 860,900 890,902 919,905 949,908 978,913 1008,918"/>
                <TextEquiv>
                    <Unicode>zultheisen 30 f. ertichten</Unicode>
                </TextEquiv>
            </TextLine>
            <TextLine id="r3l10" custom="readingOrder {index:9;}">
                <Coords points="221,967 983,1003 997,963 841,903 664,953 601,901 563,929 444,912 373,934 272,888 224,902"/>
                <Baseline points="228,956 266,956 304,957 342,957 380,959 418,960 456,960 494,962 532,962 570,964 609,965 647,966 685,968 723,970 761,972 799,974 837,975 875,978 913,981 951,983 990,986"/>
                <TextEquiv>
                    <Unicode>Vnd darneben by sinen ehrenn Verblybenn</Unicode>
                </TextEquiv>
            </TextLine>
            <TextLine id="r3l11" custom="readingOrder {index:10;}">
                <Coords points="247,1042 260,1045 270,1037 283,1035 300,1045 316,1043 334,1050 353,1047 353,973 337,972 325,965 315,972 302,973 289,961 273,958 257,975 247,977"/>
                <Baseline points="254,1028 285,1029 316,1028 347,1028"/>
                <TextEquiv>
                    <Unicode>solte,</Unicode>
                </TextEquiv>
            </TextLine>
            <TextLine id="r3l12" custom="readingOrder {index:11;}">
                <Coords points="404,1041 464,1038 527,1072 611,1045 693,1093 766,1048 861,1069 1023,1055 1024,1029 964,1031 937,1009 898,1025 786,983 614,996 581,970 539,995 406,1004"/>
                <Baseline points="410,1032 440,1034 470,1035 501,1037 531,1038 561,1038 592,1040 622,1041 652,1043 683,1043 713,1045 743,1046 774,1047 804,1048 834,1049 865,1050 895,1052 925,1052 956,1053 986,1055 1017,1056"/>
                <TextEquiv>
                    <Unicode>es nach Inhalt deß Spuchs, den er</Unicode>
                </TextEquiv>
            </TextLine>
            <TextLine id="r3l13" custom="readingOrder {index:12;}">
                <Coords points="237,1138 248,1138 260,1148 284,1147 303,1131 312,1130 330,1111 344,1110 344,1068 330,1067 323,1062 309,1069 300,1067 275,1043 259,1044 256,1048 251,1044 235,1046"/>
                <Baseline points="242,1109 274,1106 306,1107 338,1106"/>
                <TextEquiv>
                    <Unicode>Bine</Unicode>
                </TextEquiv>
            </TextLine>
            <TextLine id="r3l14" custom="readingOrder {index:13;}">
                <Coords points="441,1130 472,1122 509,1151 588,1119 667,1146 788,1121 846,1159 937,1114 1038,1121 1038,1092 970,1058 935,1077 898,1063 864,1088 766,1048 675,1102 610,1054 548,1077 442,1058"/>
                <Baseline points="447,1107 476,1109 505,1112 534,1113 564,1115 593,1116 622,1116 651,1117 681,1118 710,1118 739,1118 768,1118 798,1118 827,1117 856,1116 885,1116 915,1116 944,1116 973,1115 1002,1115 1032,1115"/>
                <TextEquiv>
                    <Unicode>fanden habe. Belangend dan-</Unicode>
                </TextEquiv>
            </TextLine>
            <TextLine id="r3l15" custom="readingOrder {index:14;}">
                <Coords points="303,1198 310,1198 318,1192 324,1194 330,1188 333,1188 336,1192 341,1188 348,1188 348,1140 334,1141 317,1130 303,1129"/>
                <Baseline points="309,1178 342,1178"/>
                <TextEquiv>
                    <Unicode>hi</Unicode>
                </TextEquiv>
            </TextLine>
            <TextLine id="r3l16" custom="readingOrder {index:15;} person {offset:18; length:6;}">
                <Coords points="410,1186 467,1214 507,1188 668,1211 741,1200 780,1228 821,1201 922,1195 981,1221 1032,1206 1033,1155 932,1124 848,1162 725,1129 592,1160 488,1137 411,1162"/>
                <Baseline points="416,1179 446,1181 477,1182 507,1184 538,1185 568,1185 599,1187 629,1187 660,1188 690,1188 721,1190 751,1190 782,1191 812,1191 843,1192 873,1193 904,1193 934,1194 965,1196 995,1197 1026,1199"/>
                <TextEquiv>
                    <Unicode>e scholtwordt, so Recher wider Ihn</Unicode>
                </TextEquiv>
            </TextLine>
            <TextLine id="r3l17" custom="readingOrder {index:16;}">
                <Coords points="321,1282 328,1282 339,1271 345,1275 351,1275 351,1222 341,1223 328,1236 321,1236"/>
                <Baseline points="327,1259 345,1259"/>
                <TextEquiv>
                    <Unicode></Unicode>
                </TextEquiv>
            </TextLine>
            <TextLine id="r3l18" custom="readingOrder {index:17;}">
                <Coords points="426,1262 482,1285 510,1268 619,1285 644,1268 667,1286 811,1273 855,1306 910,1274 993,1279 994,1222 932,1207 883,1236 845,1210 776,1235 745,1203 692,1224 657,1201 592,1240 522,1200 473,1241 426,1240"/>
                <Baseline points="432,1257 459,1258 487,1259 515,1260 543,1262 570,1263 598,1263 626,1265 654,1265 681,1266 709,1266 737,1268 765,1268 792,1268 820,1269 848,1269 876,1269 903,1269 931,1269 959,1268 987,1268"/>
                <TextEquiv>
                    <Unicode>enn habenn sol, Send dieselben</Unicode>
                </TextEquiv>
            </TextLine>
            <TextLine id="r3l19" custom="readingOrder {index:18;}">
                <Coords points="321,1373 332,1371 344,1359 348,1363 357,1362 357,1296 351,1296 348,1299 347,1297 346,1299 332,1284 321,1282"/>
                <Baseline points="327,1343 351,1343"/>
                <TextEquiv>
                    <Unicode>e</Unicode>
                </TextEquiv>
            </TextLine>
            <TextLine id="r3l20" custom="readingOrder {index:19;}">
                <Coords points="455,1347 533,1384 597,1351 637,1390 677,1364 758,1365 791,1388 883,1350 947,1394 975,1392 976,1304 930,1302 903,1277 856,1307 727,1277 638,1328 527,1269 456,1292"/>
                <Baseline points="461,1341 486,1341 511,1341 537,1343 562,1343 588,1343 613,1344 638,1344 664,1344 689,1346 715,1346 740,1347 765,1347 791,1347 816,1347 842,1347 867,1347 892,1347 918,1346 943,1346 969,1344"/>
                <TextEquiv>
                    <Unicode>Willishung, dunch si findi</Unicode>
                </TextEquiv>
            </TextLine>
            <TextLine id="r3l21" custom="readingOrder {index:20;} place {offset:10; length:6;}">
                <Coords points="458,1438 488,1457 611,1429 773,1447 867,1434 915,1454 952,1436 1031,1444 1032,1399 947,1398 897,1352 792,1388 760,1363 678,1369 640,1392 602,1357 533,1384 502,1361 460,1370"/>
                <Baseline points="465,1421 493,1422 521,1422 549,1423 577,1424 605,1425 633,1425 661,1426 689,1427 717,1427 745,1428 773,1428 801,1428 829,1429 857,1430 885,1430 913,1430 941,1431 969,1431 997,1431 1026,1431"/>
                <TextEquiv>
                    <Unicode>Rhatts zu Murden den Geßwy¬</Unicode>
                </TextEquiv>
            </TextLine>
            <TextLine id="r3l22" custom="readingOrder {index:21;} place {offset:14; length:10;}">
                <Coords points="500,1507 829,1511 875,1548 943,1518 986,1542 1016,1533 1018,1470 946,1447 880,1464 851,1434 667,1453 620,1435 569,1475 501,1476"/>
                <Baseline points="507,1496 532,1496 557,1497 582,1497 607,1499 633,1500 658,1500 683,1501 708,1502 733,1503 759,1503 784,1505 809,1505 834,1506 859,1507 885,1508 910,1508 935,1509 960,1509 985,1511 1011,1511"/>
                <TextEquiv>
                    <Unicode>en und den zu Willisgung</Unicode>
                </TextEquiv>
            </TextLine>
            <TextLine id="r3l23" custom="readingOrder {index:22;} place {offset:2; length:8;}">
                <Coords points="430,1580 479,1570 551,1607 600,1579 678,1583 742,1630 799,1586 853,1609 926,1582 947,1602 1028,1604 1029,1558 943,1522 877,1548 830,1512 794,1530 654,1506 594,1541 540,1503 432,1528"/>
                <Baseline points="437,1571 466,1571 495,1571 524,1571 554,1571 583,1571 612,1572 641,1572 671,1574 700,1575 729,1575 758,1577 788,1578 817,1580 846,1581 875,1582 905,1583 934,1586 963,1587 992,1589 1022,1590"/>
                <TextEquiv>
                    <Unicode>n Rormauld verspüechett worden.</Unicode>
                </TextEquiv>
            </TextLine>
            <TextLine id="r3l24" custom="readingOrder {index:23;}">
                <Coords points="315,1652 322,1652 324,1649 328,1649 334,1655 342,1655 342,1617 336,1617 330,1622 327,1622 326,1620 315,1620"/>
                <Baseline points="321,1646 336,1646"/>
                <TextEquiv>
                    <Unicode></Unicode>
                </TextEquiv>
            </TextLine>
            <TextLine id="r3l25" custom="readingOrder {index:24;} person {offset:5; length:6;}">
                <Coords points="480,1658 662,1658 702,1700 755,1662 841,1650 857,1666 915,1657 995,1679 997,1606 945,1626 912,1598 855,1611 798,1586 732,1629 677,1621 620,1578 568,1615 481,1614"/>
                <Baseline points="486,1644 511,1644 536,1644 561,1644 586,1644 612,1644 637,1646 662,1646 687,1647 712,1648 738,1649 763,1650 788,1652 813,1652 838,1653 864,1654 889,1655 914,1656 939,1656 964,1656 990,1658"/>
                <TextEquiv>
                    <Unicode>n er Rochor seiniche worden</Unicode>
                </TextEquiv>
            </TextLine>
            <TextLine id="r3l26" custom="readingOrder {index:25;}">
                <Coords points="475,1723 534,1761 585,1721 636,1757 700,1723 793,1747 826,1731 891,1731 923,1751 999,1735 1000,1697 964,1675 922,1682 887,1659 870,1671 843,1649 709,1697 637,1659 549,1682 519,1664 476,1691"/>
                <Baseline points="482,1716 507,1716 533,1716 558,1716 584,1716 609,1718 635,1718 660,1719 686,1721 711,1722 737,1724 763,1724 788,1725 814,1727 839,1728 865,1728 890,1728 916,1730 941,1730 967,1728 993,1727"/>
                <TextEquiv>
                    <Unicode>begert, sonders bekentt, in</Unicode>
                </TextEquiv>
            </TextLine>
            <TextLine id="r3l27" custom="readingOrder {index:26;}">
                <Coords points="408,1799 494,1797 541,1832 600,1800 726,1840 890,1810 949,1844 983,1817 1034,1834 1037,1778 982,1745 933,1771 852,1764 810,1736 763,1764 726,1728 539,1771 487,1722 409,1767"/>
                <Baseline points="414,1787 444,1789 475,1791 506,1792 537,1794 567,1795 598,1796 629,1797 660,1799 690,1800 721,1802 752,1803 783,1804 813,1806 844,1807 875,1808 906,1810 936,1812 967,1814 998,1817 1029,1818"/>
                <TextEquiv>
                    <Unicode>in zorn grott, und sollind deßhalben</Unicode>
                </TextEquiv>
            </TextLine>
            <TextLine id="r3l28" custom="readingOrder {index:27;}">
                <Coords points="404,1896 456,1881 591,1897 653,1870 697,1874 737,1912 849,1876 908,1899 1038,1877 1039,1832 972,1823 944,1846 911,1820 820,1847 774,1816 706,1849 582,1807 540,1834 448,1792 405,1814"/>
                <Baseline points="410,1866 441,1866 472,1866 503,1866 534,1866 565,1868 596,1868 627,1869 658,1869 689,1871 721,1871 752,1872 783,1872 814,1872 845,1872 876,1872 907,1872 938,1872 969,1872 1000,1871 1032,1871"/>
                <TextEquiv>
                    <Unicode>Ihme Bihar an ehren untzitt</Unicode>
                </TextEquiv>
            </TextLine>
            <TextLine id="r3l29" custom="readingOrder {index:28;}">
                <Coords points="318,1944 339,1945 345,1942 358,1942 364,1936 366,1939 375,1938 375,1905 360,1905 353,1909 340,1899 330,1896 326,1891 318,1891"/>
                <Baseline points="324,1935 369,1935"/>
                <TextEquiv>
                    <Unicode>onn</Unicode>
                </TextEquiv>
            </TextLine>
            <TextLine id="r3l30" custom="readingOrder {index:29;}">
                <Coords points="452,2138 535,2128 562,2148 586,2133 712,2174 759,2143 784,2161 853,2134 923,2183 1007,2139 1008,2072 954,2102 818,2045 759,2051 686,2096 600,2030 453,2110"/>
                <Baseline points="458,2129 485,2129 512,2129 539,2130 566,2130 593,2130 620,2132 648,2132 675,2132 702,2132 729,2132 756,2133 783,2133 810,2133 838,2133 865,2133 892,2133 919,2133 946,2133 973,2133 1001,2132"/>
                <TextEquiv>
                    <Unicode>emn wis er gefagt worden, </Unicode>
                </TextEquiv>
            </TextLine>
            <TextLine id="r3l31" custom="readingOrder {index:30;}">
                <Coords points="482,2213 522,2199 601,2236 642,2211 682,2239 744,2218 818,2254 906,2210 1013,2221 1013,2143 961,2150 924,2184 853,2144 799,2166 767,2147 714,2176 606,2144 566,2158 537,2138 482,2177"/>
                <Baseline points="488,2204 515,2206 542,2207 569,2208 597,2208 624,2210 651,2210 679,2210 706,2210 733,2210 761,2210 788,2210 815,2208 843,2208 870,2208 897,2207 925,2206 952,2205 979,2205 1007,2204"/>
                <TextEquiv>
                    <Unicode>in  Schultheisen Appenbell,</Unicode>
                </TextEquiv>
            </TextLine>
            <TextLine id="r3l32" custom="readingOrder {index:31;} place {offset:5; length:6;}">
                <Coords points="528,2281 671,2293 828,2282 911,2313 948,2285 990,2299 991,2224 978,2221 910,2221 866,2256 823,2257 739,2218 710,2239 681,2243 650,2217 586,2242 529,2210"/>
                <Baseline points="534,2273 559,2275 584,2276 609,2277 634,2277 659,2279 684,2279 709,2280 734,2280 759,2282 784,2282 809,2282 834,2282 859,2282 884,2280 909,2280 934,2280 959,2279 984,2277"/>
                <TextEquiv>
                    <Unicode>id u Murten grt haben.</Unicode>
                </TextEquiv>
            </TextLine>
            <TextLine id="r3l33" custom="readingOrder {index:32;}">
                <Coords points="444,2340 477,2336 508,2369 553,2347 579,2372 629,2341 715,2364 890,2353 967,2399 992,2391 994,2309 957,2293 917,2319 884,2294 820,2320 781,2289 697,2301 573,2284 445,2317"/>
                <Baseline points="450,2336 476,2336 503,2337 530,2339 557,2340 584,2342 611,2343 637,2343 664,2345 691,2346 718,2347 745,2348 772,2349 799,2349 825,2349 852,2349 879,2349 906,2348 933,2346 960,2346 987,2343"/>
                <TextEquiv>
                    <Unicode>in deselbst wider die Ordnung</Unicode>
                </TextEquiv>
            </TextLine>
            <TextLine id="r3l34" custom="readingOrder {index:33;}">
                <Coords points="486,2419 530,2409 582,2442 627,2412 709,2466 772,2430 807,2429 850,2461 915,2423 1032,2433 1032,2391 965,2398 880,2353 853,2371 808,2353 723,2359 687,2387 641,2353 605,2380 562,2356 517,2392 487,2385"/>
                <Baseline points="492,2406 518,2409 545,2412 572,2413 598,2415 625,2417 652,2418 678,2418 705,2418 732,2420 759,2420 785,2420 812,2420 839,2418 865,2418 892,2418 919,2418 945,2418 972,2418 999,2418 1026,2420"/>
                <TextEquiv>
                    <Unicode>der wyß gudsgelt abganderen.</Unicode>
                </TextEquiv>
            </TextLine>
            <TextLine id="r3l35" custom="readingOrder {index:34;}">
                <Coords points="500,2514 531,2537 630,2514 701,2544 769,2507 850,2545 957,2505 979,2521 1047,2509 1048,2455 1001,2423 905,2479 767,2437 707,2469 679,2442 614,2478 502,2437"/>
                <Baseline points="507,2493 533,2496 560,2496 587,2499 613,2499 640,2502 667,2502 693,2504 720,2504 747,2505 774,2505 800,2505 827,2507 854,2507 880,2507 907,2507 934,2507 960,2505 987,2505 1014,2505 1041,2504"/>
                <TextEquiv>
                    <Unicode>id geben, Er habt also grett das</Unicode>
                </TextEquiv>
            </TextLine>
            <TextLine id="r3l36" custom="readingOrder {index:35;}">
                <Coords points="491,2627 595,2571 677,2611 820,2586 1016,2582 1016,2558 954,2557 921,2530 892,2552 858,2550 829,2525 808,2536 771,2515 699,2545 626,2516 530,2537 492,2512"/>
                <Baseline points="497,2574 522,2575 548,2576 573,2577 599,2579 625,2580 650,2580 676,2582 702,2582 727,2582 753,2583 779,2583 804,2583 830,2583 856,2582 881,2582 907,2582 933,2580 958,2580 984,2579 1010,2577"/>
                <TextEquiv>
                    <Unicode>ihen lab ihm, vnnd andorten</Unicode>
                </TextEquiv>
            </TextLine>
            <TextLine id="r3l37" custom="readingOrder {index:36;}">
                <Coords points="564,2666 595,2654 614,2668 643,2662 677,2692 756,2658 847,2666 872,2687 910,2659 1002,2658 1002,2627 969,2630 909,2584 863,2607 821,2585 778,2616 740,2597 705,2617 606,2592 564,2624"/>
                <Baseline points="570,2645 595,2646 620,2648 645,2648 670,2649 695,2649 720,2651 745,2651 770,2651 795,2652 820,2652 845,2652 870,2652 895,2652 920,2651 945,2650 970,2649 996,2648"/>
                <TextEquiv>
                    <Unicode>i glöuschen, dan Ihnenn</Unicode>
                </TextEquiv>
            </TextLine>
            <TextLine id="r3l38" custom="readingOrder {index:37;}">
                <Coords points="648,2728 747,2728 761,2716 783,2734 835,2740 886,2729 927,2738 946,2726 993,2748 1043,2728 1044,2692 1008,2680 967,2707 918,2668 888,2690 810,2667 779,2666 748,2687 721,2670 677,2692 649,2677"/>
                <Baseline points="654,2720 679,2720 705,2721 730,2723 756,2723 782,2724 807,2726 833,2726 858,2726 884,2727 910,2727 935,2727 961,2726 986,2726 1012,2724 1038,2723"/>
                <TextEquiv>
                    <Unicode>selbig habe es auch gethan.</Unicode>
                </TextEquiv>
            </TextLine>
            <TextLine id="r3l39" custom="readingOrder {index:38;}">
                <Coords points="597,2797 655,2795 688,2822 712,2800 764,2794 845,2808 898,2840 954,2805 1016,2832 1033,2824 1035,2748 959,2746 943,2730 890,2778 844,2736 804,2757 762,2715 741,2734 662,2728 619,2763 598,2754"/>
                <Baseline points="603,2789 628,2790 653,2790 678,2792 703,2793 728,2793 753,2795 778,2796 803,2796 828,2798 853,2799 878,2799 903,2799 928,2799 953,2799 978,2799 1003,2798 1028,2796"/>
                <TextEquiv>
                    <Unicode>aber haberedenn h. She</Unicode>
                </TextEquiv>
            </TextLine>
            <TextLine id="r3l40" custom="readingOrder {index:39;}">
                <Coords points="575,2854 593,2852 610,2862 620,2859 630,2870 680,2860 685,2798 675,2797 658,2805 634,2808 608,2829 577,2827"/>
                <Baseline points="582,2846 613,2849 644,2852 675,2852"/>
                <TextEquiv>
                    <Unicode>mt.</Unicode>
                </TextEquiv>
            </TextLine>
            <TextEquiv>
                <Unicode>begen hie zu Ben vor Ied
Dadan Er G. dem hr. von dießbach, zu
lting zhu Duder, vnnd vom hr Cenorul
solche
so ze bereinbarenn Welche si ee¬
fondt,
in statt der 50 th. er Emfar
dem hr
zultheisen 30 f. ertichten
Vnd darneben by sinen ehrenn Verblybenn
solte,
es nach Inhalt deß Spuchs, den er
Bine
fanden habe. Belangend dan-
hi
e scholtwordt, so Recher wider Ihn

enn habenn sol, Send dieselben
e
Willishung, dunch si findi
Rhatts zu Murden den Geßwy¬
en und den zu Willisgung
n Rormauld verspüechett worden.

n er Rochor seiniche worden
begert, sonders bekentt, in
in zorn grott, und sollind deßhalben
Ihme Bihar an ehren untzitt
onn
emn wis er gefagt worden, 
in  Schultheisen Appenbell,
id u Murten grt haben.
in deselbst wider die Ordnung
der wyß gudsgelt abganderen.
id geben, Er habt also grett das
ihen lab ihm, vnnd andorten
i glöuschen, dan Ihnenn
selbig habe es auch gethan.
aber haberedenn h. She
mt.</Unicode>
            </TextEquiv>
        </TextRegion>
        <TextRegion orientation="0.0" type="paragraph" id="TextRegion_1684312943263_3373" custom="readingOrder {index:1;} structure {type:paragraph;}">
            <Coords points="1165,438 2187,438 2189,1682 1167,1682"/>
            <TextLine id="r5l2" custom="readingOrder {index:0;}">
                <Coords points="1162,635 2117,528 2111,464 2061,449 1993,491 1926,453 1837,510 1717,482 1593,529 1432,488 1333,523 1267,593 1156,583"/>
                <Baseline points="1167,629 1214,621 1261,613 1308,606 1355,598 1403,592 1450,585 1497,580 1544,574 1591,569 1639,564 1686,558 1733,553 1780,549 1827,544 1875,540 1922,535 1969,531 2016,527 2063,522 2111,518"/>
                <TextEquiv>
                    <Unicode>Aum sechsten als er gefragt worden, Ob er nitt ein</Unicode>
                </TextEquiv>
            </TextLine>
            <TextLine id="r5l3" custom="readingOrder {index:1;} place {offset:16; length:6;} place {offset:26; length:7;}">
                <Coords points="1185,701 1606,632 1694,667 1754,614 1910,638 2012,595 2056,625 2109,601 2103,543 1998,530 1937,570 1815,553 1658,606 1597,572 1445,588 1342,635 1290,608 1181,666"/>
                <Baseline points="1190,690 1235,682 1281,674 1326,666 1372,659 1418,652 1463,645 1509,640 1554,635 1600,630 1646,626 1691,621 1737,617 1782,614 1828,610 1874,606 1919,603 1965,599 2010,596 2056,591 2102,588"/>
                <TextEquiv>
                    <Unicode>Ersem dicht von Murgen zu Rüöburg beclagt</Unicode>
                </TextEquiv>
            </TextLine>
            <TextLine id="r5l4" custom="readingOrder {index:2;}">
                <Coords points="1210,773 1320,730 1521,731 1556,700 2042,654 2108,683 2163,655 2156,590 2084,631 1976,599 1883,648 1849,623 1815,654 1596,678 1544,644 1486,673 1445,649 1203,706"/>
                <Baseline points="1214,750 1261,741 1308,734 1355,727 1402,719 1449,713 1496,706 1543,701 1590,695 1637,690 1685,685 1732,681 1779,677 1826,673 1873,668 1920,665 1967,660 2014,657 2061,654 2108,650 2156,647"/>
                <TextEquiv>
                    <Unicode>habe, als hette es Ihme ein appellationn wider recht</Unicode>
                </TextEquiv>
            </TextLine>
            <TextLine id="r5l5" custom="readingOrder {index:3;}">
                <Coords points="1215,824 1310,834 1356,788 1489,821 1531,785 1633,795 1825,750 1887,781 1941,745 2109,735 2118,679 2070,700 2008,663 1883,709 1840,681 1813,707 1776,681 1638,718 1557,700 1438,761 1316,734 1211,781"/>
                <Baseline points="1220,816 1264,809 1309,803 1354,797 1399,792 1444,787 1489,782 1533,777 1578,772 1623,769 1668,764 1713,761 1758,757 1803,753 1847,750 1892,746 1937,743 1982,739 2027,736 2072,732 2117,729"/>
                <TextEquiv>
                    <Unicode>abgeschlarenn. Ist ordessen kentlich gsin, darnebe</Unicode>
                </TextEquiv>
            </TextLine>
            <TextLine id="r5l6" custom="readingOrder {index:4;}">
                <Coords points="1216,901 1426,854 1544,880 1732,823 1922,854 1998,808 2133,811 2116,729 1942,745 1896,781 1832,754 1795,784 1528,788 1489,821 1420,799 1296,854 1240,815 1209,829"/>
                <Baseline points="1220,882 1265,876 1310,871 1355,866 1401,859 1446,855 1491,850 1537,844 1582,839 1627,836 1673,831 1718,827 1763,824 1808,820 1854,816 1899,813 1944,810 1990,808 2035,806 2080,804 2126,803"/>
                <TextEquiv>
                    <Unicode>Vermeldet Solliches wurde weytklouffg sein zu</Unicode>
                </TextEquiv>
            </TextLine>
            <TextLine id="r5l7" custom="readingOrder {index:5;}">
                <Coords points="1222,966 1249,958 1277,971 1303,947 1355,938 1379,944 1410,928 1461,940 1473,933 1469,895 1428,905 1390,882 1366,904 1315,873 1295,892 1242,886 1214,901"/>
                <Baseline points="1226,950 1252,946 1279,942 1306,939 1332,935 1359,931 1386,928 1412,925 1439,923 1466,920"/>
                <TextEquiv>
                    <Unicode>versprechenn.</Unicode>
                </TextEquiv>
            </TextLine>
            <TextLine id="r5l8" custom="readingOrder {index:6;}">
                <Coords points="1207,1124 1552,1042 1728,1030 1763,1054 1876,1004 2110,997 2127,935 1913,923 1750,988 1658,954 1548,973 1487,1029 1353,981 1291,1031 1234,1002 1197,1027"/>
                <Baseline points="1208,1079 1253,1074 1299,1070 1345,1066 1391,1061 1437,1056 1483,1053 1529,1049 1575,1044 1621,1039 1667,1035 1712,1030 1758,1026 1804,1021 1850,1016 1896,1012 1942,1007 1988,1001 2034,996 2080,990 2126,986"/>
                <TextEquiv>
                    <Unicode>Eentlichen gefratt, Ob er nich den senen Suten</Unicode>
                </TextEquiv>
            </TextLine>
            <TextLine id="r5l9" custom="readingOrder {index:7;}">
                <Coords points="1224,1154 1453,1112 1591,1139 1720,1095 1874,1114 1933,1078 2199,1104 2186,989 2062,1043 1997,1009 1941,1041 1880,1004 1765,1053 1652,1038 1561,1091 1441,1064 1327,1113 1220,1106"/>
                <Baseline points="1229,1142 1277,1137 1325,1132 1373,1127 1421,1122 1469,1117 1517,1112 1565,1108 1613,1103 1661,1098 1709,1094 1757,1090 1805,1086 1853,1082 1901,1077 1949,1074 1997,1071 2045,1067 2093,1064 2141,1061 2189,1058"/>
                <TextEquiv>
                    <Unicode>Arpenthell eineglosen, vnnd falschen Man geschelten</Unicode>
                </TextEquiv>
            </TextLine>
            <TextLine id="r5l10" custom="readingOrder {index:8;} person {offset:0; length:13;}">
                <Coords points="1226,1227 1293,1202 1466,1230 1513,1183 1570,1201 1652,1161 1755,1211 1901,1139 2144,1144 2127,1073 2016,1106 1927,1080 1877,1128 1786,1092 1640,1103 1546,1156 1456,1113 1292,1171 1220,1153"/>
                <Baseline points="1230,1206 1275,1202 1320,1198 1365,1193 1411,1191 1456,1186 1501,1182 1547,1178 1592,1173 1637,1170 1683,1166 1728,1161 1773,1159 1818,1155 1864,1151 1909,1147 1954,1144 2000,1141 2045,1138 2090,1134 2136,1131"/>
                <TextEquiv>
                    <Unicode>Jacob Forstor genampt Vorglichenn habe. Hatt</Unicode>
                </TextEquiv>
            </TextLine>
            <TextLine id="r5l11" custom="readingOrder {index:9;}">
                <Coords points="1233,1291 1301,1278 1338,1307 1440,1257 1599,1290 1683,1231 1787,1262 1845,1226 2152,1203 2146,1145 1971,1167 1901,1140 1839,1144 1797,1190 1595,1178 1559,1219 1502,1194 1465,1230 1291,1204 1230,1253"/>
                <Baseline points="1238,1283 1283,1277 1328,1272 1374,1267 1419,1262 1464,1258 1510,1253 1555,1249 1600,1245 1646,1241 1691,1237 1736,1232 1782,1229 1827,1225 1872,1221 1918,1218 1963,1215 2008,1212 2054,1208 2099,1206 2145,1203"/>
                <TextEquiv>
                    <Unicode>er zubscheidrobenn, Diste landel siye Verstrundet</Unicode>
                </TextEquiv>
            </TextLine>
            <TextLine id="r5l12" custom="readingOrder {index:10;}">
                <Coords points="1230,1366 1554,1323 1654,1361 1733,1314 1854,1325 2010,1284 2109,1326 2185,1302 2177,1199 2127,1226 1922,1220 1858,1262 1680,1230 1592,1296 1498,1299 1442,1256 1374,1314 1302,1277 1274,1306 1224,1289"/>
                <Baseline points="1235,1352 1282,1347 1329,1341 1376,1335 1423,1331 1470,1324 1517,1320 1564,1316 1611,1311 1658,1308 1706,1304 1753,1300 1800,1296 1847,1293 1894,1290 1941,1287 1988,1285 2035,1283 2082,1281 2129,1279 2177,1277"/>
                <TextEquiv>
                    <Unicode>wordenn, darum er ein Jouchburff wolle zeigl</Unicode>
                </TextEquiv>
            </TextLine>
            <TextLine id="r5l13" custom="readingOrder {index:11;}">
                <Coords points="1233,1442 1254,1431 1266,1437 1323,1424 1335,1428 1351,1418 1365,1423 1397,1416 1409,1410 1403,1360 1374,1357 1340,1383 1308,1360 1300,1365 1269,1349 1239,1369 1223,1368"/>
                <Baseline points="1236,1419 1263,1414 1291,1411 1318,1407 1346,1403 1373,1400 1401,1398"/>
                <TextEquiv>
                    <Unicode>könnenn.</Unicode>
                </TextEquiv>
            </TextLine>
            <TextLine id="r5l14" custom="readingOrder {index:12;}">
                <Coords points="1245,1535 2147,1476 2144,1430 1979,1380 1908,1433 1840,1400 1791,1441 1754,1419 1699,1453 1596,1396 1504,1476 1420,1427 1380,1458 1288,1428 1241,1455"/>
                <Baseline points="1251,1526 1295,1521 1340,1516 1384,1511 1429,1507 1473,1504 1518,1500 1562,1497 1607,1495 1651,1492 1696,1489 1740,1487 1785,1484 1829,1482 1874,1481 1918,1479 1963,1478 2007,1475 2052,1475 2096,1473 2141,1472"/>
                <TextEquiv>
                    <Unicode>Hatt also andere sachenn nit assendig sin wollenn</Unicode>
                </TextEquiv>
            </TextLine>
            <TextLine id="r5l15" custom="readingOrder {index:13;}">
                <Coords points="1236,1594 1350,1573 1437,1613 1481,1568 1558,1563 1612,1606 1684,1601 1724,1561 1840,1544 1969,1582 2007,1542 2076,1572 2122,1513 2049,1479 1934,1510 1777,1481 1694,1524 1582,1503 1521,1548 1412,1515 1234,1556"/>
                <Baseline points="1241,1580 1284,1577 1328,1575 1372,1571 1416,1569 1460,1566 1503,1563 1547,1561 1591,1558 1635,1555 1679,1553 1722,1551 1766,1548 1810,1546 1854,1542 1898,1541 1941,1538 1985,1536 2029,1534 2073,1532 2117,1530"/>
                <TextEquiv>
                    <Unicode>pitotttuungenlch umbgnad, vnnd lediglaßunng.</Unicode>
                </TextEquiv>
            </TextLine>
            <TextLine id="r5l16" custom="readingOrder {index:14;}">
                <Coords points="1241,1666 1713,1618 1762,1655 2022,1606 2093,1649 2169,1617 2155,1545 2057,1586 1870,1548 1685,1599 1501,1566 1438,1612 1351,1573 1238,1591"/>
                <Baseline points="1247,1643 1292,1639 1338,1636 1384,1634 1430,1631 1475,1627 1521,1625 1567,1623 1613,1620 1658,1619 1704,1617 1750,1616 1796,1614 1841,1613 1887,1611 1933,1610 1979,1608 2024,1607 2070,1605 2116,1603 2162,1601"/>
                <TextEquiv>
                    <Unicode>Ist vofhalbenn im maio 16er mich vom ey de uß miner gh</Unicode>
                </TextEquiv>
            </TextLine>
            <TextLine id="line_1684312943308_3376" custom="readingOrder {index:15;}">
                <Coords points="1245,1655 1332,1670 1414,1632 1495,1656 1717,1620 1793,1648 1898,1616 1951,1635 1953,1665 1563,1682 1246,1682"/>
                <Baseline points="1460,1682 1495,1680 1530,1678 1564,1676 1599,1674 1634,1672 1668,1670 1703,1669 1738,1667 1772,1665 1807,1664 1842,1662 1876,1662 1911,1661 1946,1661"/>
                <TextEquiv>
                    <Unicode>Aan Ebnnd gepiettenn vorweisenn worden.</Unicode>
                </TextEquiv>
            </TextLine>
            <TextEquiv>
                <Unicode>Aum sechsten als er gefragt worden, Ob er nitt ein&#13;
Ersem dicht von Murgen zu Rüöburg beclagt&#13;
habe, als hette es Ihme ein appellationn wider recht&#13;
abgeschlarenn. Ist ordessen kentlich gsin, darnebe&#13;
Vermeldet Solliches wurde weytklouffg sein zu&#13;
versprechenn.&#13;
Eentlichen gefratt, Ob er nich den senen Suten&#13;
Arpenthell eineglosen, vnnd falschen Man geschelten&#13;
Jacob Forstor genampt Vorglichenn habe. Hatt&#13;
er zubscheidrobenn, Diste landel siye Verstrundet&#13;
wordenn, darum er ein Jouchburff wolle zeigl&#13;
könnenn.&#13;
Hatt also andere sachenn nit assendig sin wollenn&#13;
pitotttuungenlch umbgnad, vnnd lediglaßunng.&#13;
Ist vofhalbenn im maio 16er mich vom ey de uß miner gh&#13;
Aan Ebnnd gepiettenn vorweisenn worden.</Unicode>
            </TextEquiv>
        </TextRegion>
        <TextRegion orientation="0.0" type="heading" id="TextRegion_1684312943263_3372" custom="readingOrder {index:2;} structure {type:heading;}">
            <Coords points="1167,1682 2189,1682 2189,2004 1167,2004"/>
            <TextLine id="r5l18" custom="readingOrder {index:0;}">
                <Coords points="1847,1882 1878,1876 1899,1890 1915,1877 1960,1869 1985,1881 2007,1875 2021,1886 2048,1883 2066,1870 2080,1875 2080,1810 2066,1805 2031,1805 1998,1791 1975,1797 1959,1785 1899,1806 1872,1790 1862,1799 1848,1797"/>
                <Baseline points="1853,1869 1880,1868 1908,1868 1936,1867 1964,1866 1991,1868 2019,1868 2047,1869 2075,1871"/>
                <TextEquiv>
                    <Unicode>5 v01</Unicode>
                </TextEquiv>
            </TextLine>
            <TextLine id="r5l19" custom="readingOrder {index:1;} person {offset:0; length:11; continued:true;}">
                <Coords points="1230,1890 1307,1908 1440,1883 1823,1884 1832,1821 1750,1789 1700,1807 1662,1771 1544,1807 1379,1796 1347,1819 1246,1780 1228,1793"/>
                <Baseline points="1236,1880 1265,1881 1295,1881 1324,1881 1354,1880 1383,1880 1413,1878 1442,1878 1472,1877 1501,1875 1531,1874 1561,1873 1590,1872 1620,1871 1649,1871 1679,1869 1708,1869 1738,1870 1767,1871 1797,1872 1827,1874"/>
                <TextEquiv>
                    <Unicode>Hanns dirce</Unicode>
                </TextEquiv>
            </TextLine>
            <TextLine id="r5l20" custom="readingOrder {index:2;} person {offset:0; length:11; continued:true;} place {offset:15; length:7;}">
                <Coords points="1350,1964 1784,1951 1979,1969 2016,1964 2016,1899 1954,1882 1843,1921 1778,1896 1718,1917 1673,1887 1622,1916 1491,1923 1423,1887 1350,1900"/>
                <Baseline points="1356,1956 1388,1955 1421,1955 1454,1953 1486,1953 1519,1952 1552,1950 1584,1950 1617,1950 1650,1949 1683,1949 1715,1949 1748,1949 1781,1949 1813,1949 1846,1950 1879,1950 1911,1952 1944,1952 1977,1954 2010,1955"/>
                <TextEquiv>
                    <Unicode>Sheisseeres by Worcebs.</Unicode>
                </TextEquiv>
            </TextLine>
            <TextLine id="line_1684312943308_3375" custom="readingOrder {index:3;}">
                <Coords points="1246,1682 1563,1682 1541,1683 1477,1721 1399,1710 1374,1734 1304,1687 1247,1698"/>
                <Baseline points="1253,1691 1287,1689 1322,1688 1356,1687 1391,1685 1426,1684 1460,1682"/>
                <TextEquiv>
                    <Unicode>Aan Ebnnd gepiettenn vorweisenn worden.</Unicode>
                </TextEquiv>
            </TextLine>
            <TextEquiv>
                <Unicode>5 v01&#13;
Hanns dirce&#13;
Sheisseeres by Worcebs.&#13;
Aan Ebnnd gepiettenn vorweisenn worden.</Unicode>
            </TextEquiv>
        </TextRegion>
        <TextRegion orientation="0.0" type="paragraph" id="TextRegion_1684312941852_3368" custom="readingOrder {index:3;} structure {type:paragraph;}">
            <Coords points="1167,2004 2189,2004 2189,3087 1167,3087"/>
            <TextLine id="r5l21" custom="readingOrder {index:0;} person {offset:0; length:6;}">
                <Coords points="1256,2218 1806,2201 1855,2236 1904,2203 2025,2213 2039,2157 1856,2100 1708,2148 1438,2116 1375,2166 1284,2156 1256,2177"/>
                <Baseline points="1262,2210 1300,2206 1339,2203 1377,2201 1416,2199 1454,2198 1493,2197 1531,2196 1570,2196 1608,2196 1647,2196 1686,2198 1724,2198 1763,2199 1801,2199 1840,2201 1878,2201 1917,2201 1955,2202 1994,2201 2033,2201"/>
                <TextEquiv>
                    <Unicode>Wieter Vf 26. May 16 12 Lns Kriß von Ohe</Unicode>
                </TextEquiv>
            </TextLine>
            <TextLine id="r5l22" custom="readingOrder {index:1;}">
                <Coords points="1275,2272 1360,2292 1412,2257 1826,2274 1864,2254 1917,2290 2037,2248 2036,2209 1943,2231 1911,2207 1859,2232 1811,2202 1766,2235 1647,2198 1605,2230 1529,2198 1498,2226 1466,2203 1337,2234 1275,2211"/>
                <Baseline points="1281,2264 1318,2259 1355,2256 1393,2253 1430,2252 1468,2252 1505,2250 1543,2250 1580,2250 1618,2250 1655,2250 1692,2250 1730,2250 1767,2252 1805,2252 1842,2252 1880,2253 1917,2253 1955,2253 1992,2252 2030,2252"/>
                <TextEquiv>
                    <Unicode>Vorms duch die Promen, fürnemen, fürsichtigen, wr</Unicode>
                </TextEquiv>
            </TextLine>
            <TextLine id="r5l23" custom="readingOrder {index:2;} person {offset:0; length:16;} person {offset:29; length:12;}">
                <Coords points="1267,2344 1313,2324 1405,2340 1489,2317 1545,2338 1569,2317 1937,2309 2010,2335 2009,2268 1986,2263 1921,2290 1863,2259 1820,2280 1774,2259 1626,2274 1581,2251 1457,2278 1412,2258 1363,2303 1266,2274"/>
                <Baseline points="1272,2322 1308,2320 1345,2318 1381,2316 1418,2316 1455,2315 1491,2313 1528,2313 1564,2312 1601,2312 1638,2312 1674,2310 1711,2310 1747,2310 1784,2310 1821,2310 1857,2310 1894,2310 1930,2310 1967,2310 2004,2310"/>
                <TextEquiv>
                    <Unicode>Johanns Spätting doß Khatbe, Hanns Haller der burg</Unicode>
                </TextEquiv>
            </TextLine>
            <TextLine id="r5l24" custom="readingOrder {index:3;} person {offset:0; length:20;}">
                <Coords points="1271,2401 1355,2393 1429,2423 1500,2389 1690,2376 1716,2401 1774,2382 1812,2411 1862,2375 1926,2400 1997,2373 1996,2309 1946,2338 1900,2315 1786,2341 1741,2315 1708,2335 1616,2321 1581,2351 1497,2315 1352,2359 1308,2328 1270,2343"/>
                <Baseline points="1277,2387 1312,2385 1348,2385 1384,2384 1419,2382 1455,2381 1491,2379 1526,2379 1562,2378 1598,2377 1634,2376 1669,2375 1705,2375 1741,2373 1776,2373 1812,2372 1848,2372 1883,2370 1919,2370 1955,2369 1991,2369"/>
                <TextEquiv>
                    <Unicode>Hanns Rudolff Görwer Großweybel, mit einst</Unicode>
                </TextEquiv>
            </TextLine>
            <TextLine id="r5l25" custom="readingOrder {index:4;} place {offset:3; length:7;}">
                <Coords points="1260,2472 1373,2462 1419,2494 1511,2449 1818,2439 1974,2462 1971,2387 1926,2401 1876,2381 1811,2412 1773,2382 1719,2404 1688,2378 1486,2433 1361,2400 1309,2423 1257,2406"/>
                <Baseline points="1266,2463 1301,2460 1336,2457 1371,2455 1406,2454 1441,2451 1476,2449 1511,2448 1546,2446 1581,2444 1616,2442 1651,2441 1686,2439 1721,2438 1756,2436 1791,2436 1826,2435 1861,2435 1896,2433 1931,2433 1967,2432"/>
                <TextEquiv>
                    <Unicode>zu Martili examiniert wordenn. So hatter doch</Unicode>
                </TextEquiv>
            </TextLine>
            <TextLine id="r5l26" custom="readingOrder {index:5;}">
                <Coords points="1260,2542 1291,2519 1384,2546 1462,2541 1539,2507 1601,2531 1680,2498 1815,2516 1813,2475 1751,2447 1724,2460 1641,2443 1586,2459 1511,2449 1412,2494 1370,2467 1257,2468"/>
                <Baseline points="1265,2517 1292,2516 1319,2515 1346,2514 1373,2513 1400,2511 1427,2510 1455,2508 1482,2507 1509,2504 1536,2503 1563,2501 1590,2500 1617,2499 1645,2498 1672,2497 1699,2496 1726,2496 1753,2496 1780,2496 1808,2496"/>
                <TextEquiv>
                    <Unicode>handlungenn gstenndig seynn wollenn.</Unicode>
                </TextEquiv>
            </TextLine>
            <TextLine id="r5l27" custom="readingOrder {index:6;} person {offset:39; length:9;}">
                <Coords points="1265,2608 1413,2584 1546,2611 1638,2576 1990,2609 1986,2501 1949,2496 1859,2536 1677,2499 1419,2565 1362,2527 1263,2541"/>
                <Baseline points="1271,2594 1306,2592 1342,2590 1377,2587 1413,2586 1449,2585 1484,2583 1520,2581 1555,2579 1591,2579 1627,2577 1662,2576 1698,2576 1733,2574 1769,2574 1805,2573 1840,2573 1876,2572 1911,2571 1947,2571 1983,2571"/>
                <TextEquiv>
                    <Unicode>Hatt darneben anzeigt, sie b Aber habe JacobKauß</Unicode>
                </TextEquiv>
            </TextLine>
            <TextLine id="r5l28" custom="readingOrder {index:7;} place {offset:8; length:6;}">
                <Coords points="1287,2664 1333,2646 1386,2658 1422,2639 1472,2649 1528,2627 1572,2654 1614,2652 1639,2629 1671,2631 1668,2587 1627,2578 1602,2607 1569,2588 1548,2610 1523,2594 1490,2612 1453,2612 1414,2585 1283,2606"/>
                <Baseline points="1292,2651 1318,2645 1345,2642 1371,2638 1398,2635 1424,2632 1451,2630 1478,2629 1504,2628 1531,2627 1557,2627 1584,2625 1610,2624 1637,2622 1664,2621"/>
                <TextEquiv>
                    <Unicode>syr von Heinen pürzig gsin.</Unicode>
                </TextEquiv>
            </TextLine>
            <TextLine id="r5l29" custom="readingOrder {index:8;} person {offset:27; length:11;}">
                <Coords points="1277,2727 1367,2711 1396,2733 1456,2703 1593,2706 1613,2684 1650,2714 1677,2692 1744,2717 1933,2701 1929,2643 1851,2614 1750,2634 1681,2618 1601,2664 1530,2631 1495,2671 1417,2646 1368,2687 1305,2659 1274,2672"/>
                <Baseline points="1283,2715 1315,2714 1347,2711 1379,2708 1411,2705 1443,2702 1475,2700 1507,2698 1539,2696 1571,2694 1604,2691 1636,2690 1668,2688 1700,2687 1732,2685 1764,2684 1796,2682 1828,2681 1860,2679 1892,2678 1925,2678"/>
                <TextEquiv>
                    <Unicode>Item inhabe nie keinen, so Jacob Clauß gheiß</Unicode>
                </TextEquiv>
            </TextLine>
            <TextLine id="r5l30" custom="readingOrder {index:9;} place {offset:4; length:9;} place {offset:32; length:10;}">
                <Coords points="1276,2804 1437,2776 1537,2813 1610,2772 1708,2768 1764,2800 1831,2756 1900,2782 1938,2762 1935,2699 1643,2719 1559,2698 1513,2735 1400,2739 1369,2715 1274,2764"/>
                <Baseline points="1281,2784 1313,2783 1346,2780 1378,2778 1411,2776 1443,2773 1476,2771 1508,2769 1541,2767 1573,2764 1606,2762 1638,2760 1671,2758 1703,2756 1736,2754 1768,2753 1801,2752 1833,2751 1866,2750 1898,2750 1931,2750"/>
                <TextEquiv>
                    <Unicode>das Wyelibenn gsluß habe Im der Stittalmen</Unicode>
                </TextEquiv>
            </TextLine>
            <TextLine id="r5l31" custom="readingOrder {index:10;}">
                <Coords points="1290,2839 1298,2839 1317,2826 1325,2828 1353,2851 1365,2851 1374,2842 1392,2835 1390,2779 1381,2777 1364,2793 1331,2788 1323,2795 1303,2796 1288,2788"/>
                <Baseline points="1296,2829 1326,2827 1356,2825 1386,2826"/>
                <TextEquiv>
                    <Unicode>kauff.</Unicode>
                </TextEquiv>
            </TextLine>
            <TextLine id="r5l32" custom="readingOrder {index:11;}">
                <Coords points="1296,2925 1343,2907 1371,2924 1390,2902 1417,2924 1464,2891 1488,2906 1572,2890 1633,2915 1677,2882 1759,2887 1790,2867 1822,2887 1914,2883 1909,2810 1797,2828 1752,2802 1719,2832 1576,2840 1495,2808 1414,2857 1317,2826 1291,2839"/>
                <Baseline points="1301,2903 1331,2901 1361,2900 1391,2897 1422,2895 1452,2894 1482,2892 1513,2889 1543,2888 1573,2886 1604,2883 1634,2881 1664,2880 1694,2879 1725,2876 1755,2874 1785,2873 1816,2871 1846,2869 1876,2868 1907,2867"/>
                <TextEquiv>
                    <Unicode>In ohnr Ihm Gottholfen stille Haben</Unicode>
                </TextEquiv>
            </TextLine>
            <TextLine id="r5l33" custom="readingOrder {index:12;} place {offset:3; length:5;}">
                <Coords points="1290,2968 1338,2983 1381,2966 1415,2982 1471,2955 1519,2975 1591,2944 1691,2982 1770,2942 1767,2899 1734,2905 1698,2884 1645,2922 1602,2927 1542,2902 1500,2920 1465,2891 1445,2910 1391,2903 1367,2926 1344,2906 1287,2918"/>
                <Baseline points="1295,2958 1321,2955 1347,2953 1373,2951 1399,2949 1425,2947 1451,2945 1477,2945 1503,2943 1529,2942 1555,2941 1581,2939 1607,2939 1633,2936 1659,2935 1685,2934 1711,2932 1737,2931 1763,2928"/>
                <TextEquiv>
                    <Unicode>zu Pilen in der möß nie gnahten.</Unicode>
                </TextEquiv>
            </TextLine>
            <TextLine id="r5l34" custom="readingOrder {index:13;} person {offset:26; length:10;}">
                <Coords points="1285,3056 1350,3025 1522,3017 1590,3036 1750,3010 1815,3026 1883,3002 1879,2934 1840,2923 1774,2964 1748,2949 1690,2988 1598,2956 1395,2988 1280,2973"/>
                <Baseline points="1289,3035 1318,3031 1347,3029 1377,3026 1406,3023 1436,3021 1465,3020 1494,3018 1524,3017 1553,3015 1583,3014 1612,3012 1641,3011 1671,3010 1700,3009 1730,3007 1759,3006 1788,3003 1818,3002 1847,2999 1877,2996"/>
                <TextEquiv>
                    <Unicode>Uf 25. mei 1612 ist diser Lanns frus</Unicode>
                </TextEquiv>
            </TextLine>
            <TextLine id="r5l35" custom="readingOrder {index:14;}">
                <Coords points="1304,3080 1376,3101 1407,3073 1496,3063 1735,3081 1833,3042 1881,3050 1878,2998 1756,3029 1709,3009 1590,3035 1503,3024 1482,3042 1404,3026 1366,3059 1302,3039"/>
                <Baseline points="1310,3077 1338,3074 1366,3072 1394,3069 1422,3066 1451,3065 1479,3063 1507,3062 1535,3059 1563,3058 1592,3057 1620,3055 1648,3053 1676,3051 1704,3050 1733,3048 1761,3045 1789,3044 1817,3040 1845,3038 1874,3033"/>
                <TextEquiv>
                    <Unicode>dls ein frömbder von Statt vnd Landt gewisen</Unicode>
                </TextEquiv>
            </TextLine>
            <TextEquiv>
                <Unicode>Wieter Vf 26. May 16 12 Lns Kriß von Ohe&#13;
Vorms duch die Promen, fürnemen, fürsichtigen, wr&#13;
Johanns Spätting doß Khatbe, Hanns Haller der burg&#13;
Hanns Rudolff Görwer Großweybel, mit einst&#13;
zu Martili examiniert wordenn. So hatter doch&#13;
handlungenn gstenndig seynn wollenn.&#13;
Hatt darneben anzeigt, sie b Aber habe JacobKauß&#13;
syr von Heinen pürzig gsin.&#13;
Item inhabe nie keinen, so Jacob Clauß gheiß&#13;
das Wyelibenn gsluß habe Im der Stittalmen&#13;
kauff.&#13;
In ohnr Ihm Gottholfen stille Haben&#13;
zu Pilen in der möß nie gnahten.&#13;
Uf 25. mei 1612 ist diser Lanns frus&#13;
dls ein frömbder von Statt vnd Landt gewisen</Unicode>
            </TextEquiv>
        </TextRegion>
    </Page>
</PcGts>
