<?xml version="1.0" encoding="UTF-8" standalone="yes"?>
<PcGts xmlns="http://schema.primaresearch.org/PAGE/gts/pagecontent/2013-07-15" xmlns:xsi="http://www.w3.org/2001/XMLSchema-instance" xsi:schemaLocation="http://schema.primaresearch.org/PAGE/gts/pagecontent/2013-07-15 http://schema.primaresearch.org/PAGE/gts/pagecontent/2013-07-15/pagecontent.xsd">
    <Metadata>
        <Creator>prov=University of Rostock/Institute of Mathematics/CITlab|PLANET AI GmbH/Gundram Leifert/gundram.leifert@planet-ai.de:name=German_Kurrent_XVI-XVIII_M1(htr_id=19584)::::v=2.6.7
prov=University of Rostock/Institute of Mathematics/CITlab|PLANET AI GmbH/Tobias Gruening/tobias.gruening@planet-ai.de:name=de.uros.citlab.module.baseline2polygon.B2PSeamMultiOriented:v=2.6.7
prov=University of Rostock/Institute of Mathematics/CITlab|PLANET AI GmbH/Tobias Gruening/tobias.gruening@planet-ai.de:name=/net_tf/LA73_249_0mod360.pb:de.uros.citlab.segmentation.CITlab_LA_ML:v=2.6.6
Transkribus</Creator>
        <Created>2020-10-05T11:31:09.262+02:00</Created>
        <LastChange>2022-09-09T18:02:23.296+02:00</LastChange>
        <TranskribusMetadata docId="1334780" pageId="52355028" pageNr="117" tsid="114636635" status="IN_PROGRESS" userId="9570" imgUrl="https://files.transkribus.eu/Get?id=RUDQGAKLKZVXVTCCJRHDMHEG&amp;fileType=view" xmlUrl="https://files.transkribus.eu/Get?id=GLWWOVWWGSUIIGOKYDDHHTHA" imageId="16042964"/>
    </Metadata>
    <Page imageFilename="IMG_8337.JPG" imageWidth="4032" imageHeight="3024">
        <ReadingOrder>
            <OrderedGroup id="ro_1687513991738" caption="Regions reading order">
                <RegionRefIndexed index="0" regionRef="r1"/>
                <RegionRefIndexed index="1" regionRef="r2"/>
            </OrderedGroup>
        </ReadingOrder>
        <TextRegion orientation="0.0" id="r1" custom="readingOrder {index:0;}">
            <Coords points="1094,268 1094,2718 1851,2718 1851,268"/>
            <TextLine id="r1l1" custom="readingOrder {index:0;}">
                <Coords points="1085,301 1272,333 1400,322 1532,385 1589,358 1619,391 1704,373 1817,428 1827,358 1712,321 1659,264 1591,282 1526,254 1380,295 1226,225 1178,248 1094,237"/>
                <Baseline points="1094,296 1129,296 1165,297 1201,300 1237,303 1273,307 1309,311 1345,315 1381,321 1417,326 1453,332 1488,337 1524,343 1560,350 1596,356 1632,364 1668,370 1704,376 1740,384 1776,390 1812,398"/>
                <TextEquiv>
                    <Unicode>wie da nun s zhu sinenthalb</Unicode>
                </TextEquiv>
            </TextLine>
            <TextLine id="r1l2" custom="readingOrder {index:1;}">
                <Coords points="1090,393 1224,367 1268,395 1380,395 1413,427 1459,401 1525,410 1583,446 1606,428 1733,449 1760,441 1765,407 1702,374 1619,389 1581,364 1541,383 1428,340 1388,357 1314,326 1246,340 1101,311"/>
                <Baseline points="1103,362 1135,362 1167,363 1200,365 1232,367 1265,370 1297,374 1330,377 1362,381 1395,386 1427,392 1459,396 1492,400 1524,406 1557,411 1589,417 1622,421 1654,427 1687,431 1719,436 1752,440"/>
                <TextEquiv>
                    <Unicode>heitter berichtet, das er vor</Unicode>
                </TextEquiv>
            </TextLine>
            <TextLine id="r1l3" custom="readingOrder {index:2;}">
                <Coords points="1109,446 1194,434 1245,457 1296,437 1348,468 1417,462 1446,488 1500,470 1556,509 1677,507 1734,531 1770,508 1828,523 1833,484 1640,432 1537,442 1462,402 1407,427 1376,393 1266,395 1225,367 1116,389"/>
                <Baseline points="1122,422 1156,425 1191,428 1226,432 1261,435 1296,438 1331,441 1366,446 1401,449 1436,452 1471,456 1505,461 1540,465 1575,469 1610,475 1645,479 1680,485 1715,493 1750,499 1785,506 1820,513"/>
                <TextEquiv>
                    <Unicode>ruffter zy sinen lyblichenn</Unicode>
                </TextEquiv>
            </TextLine>
            <TextLine id="r1l4" custom="readingOrder {index:3;}">
                <Coords points="1103,507 1275,510 1532,575 1594,544 1629,570 1695,556 1824,606 1831,529 1796,510 1696,534 1515,484 1440,497 1297,438 1207,473 1108,462"/>
                <Baseline points="1113,497 1148,498 1183,502 1218,505 1254,507 1289,510 1324,514 1359,517 1395,522 1430,525 1465,529 1500,531 1536,536 1571,540 1606,543 1641,548 1677,551 1712,555 1747,558 1782,561 1818,564"/>
                <TextEquiv>
                    <Unicode>vatter vbell gesthlagen und</Unicode>
                </TextEquiv>
            </TextLine>
            <TextLine id="r1l5" custom="readingOrder {index:4;}">
                <Coords points="1099,586 1620,615 1750,658 1756,588 1614,582 1585,557 1460,565 1370,529 1250,551 1178,511 1106,509"/>
                <Baseline points="1109,573 1140,575 1172,576 1204,578 1235,581 1267,582 1299,585 1330,587 1362,588 1394,591 1426,594 1457,597 1489,599 1521,602 1552,606 1584,609 1616,612 1647,616 1679,620 1711,624 1743,627"/>
                <TextEquiv>
                    <Unicode>vff das erdtrich under sich</Unicode>
                </TextEquiv>
            </TextLine>
            <TextLine id="r1l6" custom="readingOrder {index:5;}">
                <Coords points="1119,668 1223,689 1373,664 1432,715 1490,676 1557,715 1644,699 1666,718 1752,710 1796,689 1799,656 1407,598 1354,620 1299,590 1234,620 1169,591 1124,606"/>
                <Baseline points="1131,644 1163,645 1196,648 1229,651 1262,653 1295,656 1327,657 1360,660 1393,662 1426,665 1459,667 1491,670 1524,672 1557,675 1590,678 1622,679 1655,683 1688,684 1721,689 1754,692 1787,695"/>
                <TextEquiv>
                    <Unicode>gworffenn soll habenn</Unicode>
                </TextEquiv>
            </TextLine>
            <TextLine id="r1l7" custom="readingOrder {index:6;}">
                <Coords points="1130,747 1368,781 1467,769 1516,801 1640,784 1720,821 1801,822 1808,740 1755,753 1692,711 1657,734 1539,710 1415,724 1355,692 1293,720 1134,703"/>
                <Baseline points="1140,743 1172,744 1205,746 1237,748 1270,750 1303,752 1335,754 1368,757 1401,759 1433,762 1466,764 1499,766 1531,770 1564,773 1597,776 1629,780 1662,783 1695,788 1727,792 1760,797 1793,801"/>
                <TextEquiv>
                    <Unicode>ii annderen ist er auch be¬</Unicode>
                </TextEquiv>
            </TextLine>
            <TextLine id="r1l8" custom="readingOrder {index:7;}">
                <Coords points="1100,846 1250,827 1311,854 1374,827 1545,865 1737,859 1809,911 1826,840 1763,816 1732,831 1640,783 1552,812 1264,758 1183,782 1110,719"/>
                <Baseline points="1113,809 1148,811 1183,813 1218,815 1253,816 1288,819 1323,821 1358,823 1393,825 1428,827 1464,830 1499,832 1534,835 1569,837 1604,841 1639,844 1674,848 1709,851 1744,855 1779,861 1815,866"/>
                <TextEquiv>
                    <Unicode>fragt, ob er nit gemeltem</Unicode>
                </TextEquiv>
            </TextLine>
            <TextLine id="r1l9" custom="readingOrder {index:8;}">
                <Coords points="1138,888 1541,907 1587,935 1751,928 1832,978 1840,880 1796,865 1746,893 1680,860 1546,869 1491,842 1373,838 1309,855 1144,819"/>
                <Baseline points="1149,873 1182,875 1216,877 1250,879 1284,881 1318,883 1352,886 1385,889 1419,891 1453,894 1487,896 1521,899 1555,902 1589,905 1622,909 1656,911 1690,915 1724,918 1758,923 1792,925 1826,930"/>
                <TextEquiv>
                    <Unicode>inem vattertrönwt so er inn</Unicode>
                </TextEquiv>
            </TextLine>
            <TextLine id="r1l10" custom="readingOrder {index:9;}">
                <Coords points="1099,996 1245,965 1300,996 1378,963 1444,995 1516,965 1799,1008 1801,957 1587,934 1557,909 1366,928 1168,891 1101,906"/>
                <Baseline points="1109,974 1143,969 1177,966 1211,962 1245,960 1279,959 1313,957 1347,957 1381,957 1415,959 1450,960 1484,962 1518,963 1552,966 1586,969 1620,972 1654,975 1688,978 1722,980 1756,982 1791,986"/>
                <TextEquiv>
                    <Unicode>usschlachenn ✳ unnd nit meir</Unicode>
                </TextEquiv>
            </TextLine>
            <TextLine id="r1l11" custom="readingOrder {index:10;}">
                <Coords points="1110,1063 1223,1030 1318,1065 1371,1033 1499,1063 1642,1042 1828,1089 1831,1012 1642,991 1597,1009 1526,974 1451,997 1402,973 1344,999 1212,972 1112,991"/>
                <Baseline points="1121,1026 1156,1025 1191,1025 1226,1025 1261,1025 1296,1025 1331,1026 1366,1026 1401,1027 1436,1028 1471,1029 1506,1031 1541,1032 1576,1034 1611,1035 1646,1037 1681,1040 1716,1041 1751,1044 1786,1046 1821,1049"/>
                <TextEquiv>
                    <Unicode>sy im habenn, so wolle er im</Unicode>
                </TextEquiv>
            </TextLine>
            <TextLine id="r1l12" custom="readingOrder {index:11;}">
                <Coords points="1108,1099 1176,1125 1215,1105 1276,1125 1311,1100 1506,1145 1626,1116 1702,1132 1805,1114 1806,1077 1696,1051 1616,1077 1521,1056 1487,1074 1351,1040 1266,1064 1217,1035 1109,1064"/>
                <Baseline points="1118,1092 1153,1092 1189,1092 1225,1092 1260,1093 1296,1094 1332,1095 1368,1095 1403,1097 1439,1097 1475,1098 1511,1099 1546,1100 1582,1101 1618,1101 1654,1103 1689,1103 1725,1104 1761,1104 1797,1104"/>
                <TextEquiv>
                    <Unicode>heis gnug machen und ein</Unicode>
                </TextEquiv>
            </TextLine>
            <TextLine id="r1l13" custom="readingOrder {index:12;}">
                <Coords points="1105,1180 1310,1173 1385,1209 1526,1171 1678,1212 1731,1187 1837,1206 1841,1099 1718,1140 1628,1116 1489,1145 1425,1122 1224,1131 1109,1099"/>
                <Baseline points="1115,1155 1150,1157 1186,1158 1222,1160 1257,1162 1293,1163 1329,1164 1364,1164 1400,1166 1436,1166 1472,1167 1507,1168 1543,1169 1579,1170 1614,1172 1650,1175 1686,1177 1721,1179 1757,1182 1793,1186 1829,1190"/>
                <TextEquiv>
                    <Unicode>bodtenn hannn uffs guss</Unicode>
                </TextEquiv>
            </TextLine>
            <TextLine id="r1l14" custom="readingOrder {index:13;}">
                <Coords points="1146,1289 1157,1289 1181,1276 1199,1288 1212,1280 1246,1299 1271,1297 1271,1208 1262,1208 1242,1221 1231,1218 1216,1225 1198,1221 1177,1240 1146,1227"/>
                <Baseline points="1155,1272 1182,1271 1209,1271 1236,1272 1263,1271"/>
                <TextEquiv>
                    <Unicode>und</Unicode>
                </TextEquiv>
            </TextLine>
            <TextLine id="r1l15" custom="readingOrder {index:14;}">
                <Coords points="1273,1295 1327,1275 1488,1305 1585,1281 1614,1305 1667,1309 1760,1289 1796,1324 1824,1316 1826,1264 1732,1257 1704,1229 1652,1223 1609,1249 1513,1247 1387,1213 1323,1246 1275,1240"/>
                <Baseline points="1284,1268 1310,1269 1337,1269 1363,1271 1390,1272 1416,1273 1443,1275 1469,1276 1496,1277 1522,1279 1549,1280 1576,1281 1602,1283 1629,1283 1655,1285 1682,1286 1708,1287 1735,1288 1761,1289 1788,1289 1815,1289"/>
                <TextEquiv>
                    <Unicode>zum drittenn so sie er</Unicode>
                </TextEquiv>
            </TextLine>
            <TextLine id="r1l16" custom="readingOrder {index:15;}">
                <Coords points="1147,1356 1362,1345 1425,1376 1506,1345 1774,1374 1777,1295 1761,1289 1725,1313 1548,1286 1492,1306 1302,1308 1150,1286"/>
                <Baseline points="1157,1337 1187,1334 1217,1334 1248,1332 1278,1332 1309,1332 1339,1332 1370,1334 1400,1334 1431,1335 1461,1338 1491,1339 1522,1340 1552,1343 1583,1344 1613,1346 1644,1348 1674,1350 1705,1351 1735,1353 1766,1355"/>
                <TextEquiv>
                    <Unicode>ich verargwonet das er</Unicode>
                </TextEquiv>
            </TextLine>
            <TextLine id="r1l17" custom="readingOrder {index:16;}">
                <Coords points="1160,1401 1185,1394 1259,1436 1354,1402 1492,1422 1522,1401 1633,1442 1673,1419 1791,1423 1807,1387 1747,1363 1685,1388 1645,1359 1234,1363 1163,1333"/>
                <Baseline points="1169,1395 1200,1395 1231,1395 1263,1395 1294,1395 1325,1395 1357,1397 1388,1398 1419,1398 1451,1400 1482,1401 1513,1402 1545,1404 1576,1406 1607,1407 1639,1409 1670,1410 1701,1412 1733,1412 1764,1413 1796,1413"/>
                <TextEquiv>
                    <Unicode>der jar siner letstenn</Unicode>
                </TextEquiv>
            </TextLine>
            <TextLine id="r1l18" custom="readingOrder {index:17;}">
                <Coords points="1153,1489 1222,1465 1317,1498 1364,1464 1505,1487 1561,1471 1776,1480 1778,1432 1684,1423 1619,1443 1578,1414 1457,1431 1417,1409 1376,1432 1260,1435 1156,1399"/>
                <Baseline points="1163,1455 1193,1455 1223,1455 1253,1457 1283,1457 1314,1458 1344,1458 1374,1460 1404,1461 1434,1462 1465,1463 1495,1464 1525,1466 1555,1467 1585,1467 1616,1469 1646,1469 1676,1470 1706,1471 1736,1472 1767,1472"/>
                <TextEquiv>
                    <Unicode>fanngenschafft den butk</Unicode>
                </TextEquiv>
            </TextLine>
            <TextLine id="r1l19" custom="readingOrder {index:18;}">
                <Coords points="1122,1561 1196,1533 1253,1560 1297,1536 1336,1565 1456,1541 1612,1564 1692,1537 1726,1569 1800,1569 1802,1465 1610,1503 1380,1464 1320,1500 1269,1473 1204,1504 1123,1488"/>
                <Baseline points="1131,1523 1164,1526 1197,1527 1230,1529 1263,1529 1296,1530 1329,1530 1362,1530 1395,1532 1428,1532 1461,1532 1494,1532 1527,1532 1560,1532 1593,1532 1626,1533 1659,1533 1692,1535 1725,1536 1758,1538 1791,1539"/>
                <TextEquiv>
                    <Unicode>Ire spych vffboret vnd broch</Unicode>
                </TextEquiv>
            </TextLine>
            <TextLine id="r1l20" custom="readingOrder {index:19;}">
                <Coords points="1121,1607 1243,1592 1289,1620 1446,1602 1517,1625 1665,1601 1715,1622 1757,1608 1758,1539 1681,1537 1632,1573 1511,1542 1361,1568 1295,1537 1251,1559 1205,1534 1162,1567 1122,1561"/>
                <Baseline points="1130,1595 1160,1593 1191,1593 1222,1593 1253,1593 1284,1593 1315,1593 1346,1593 1377,1595 1408,1595 1439,1595 1469,1596 1500,1596 1531,1598 1562,1598 1593,1598 1624,1599 1655,1599 1686,1599 1717,1599 1748,1598"/>
                <TextEquiv>
                    <Unicode>vnnd inen das ir darun</Unicode>
                </TextEquiv>
            </TextLine>
            <TextLine id="r1l21" custom="readingOrder {index:20;}">
                <Coords points="1130,1673 1161,1669 1190,1684 1272,1668 1316,1682 1338,1667 1366,1679 1502,1684 1503,1629 1470,1617 1457,1628 1443,1618 1419,1625 1391,1608 1327,1603 1295,1620 1244,1597 1208,1616 1131,1618"/>
                <Baseline points="1140,1650 1165,1650 1190,1650 1215,1650 1241,1650 1266,1650 1291,1650 1317,1651 1342,1652 1367,1653 1392,1653 1418,1655 1443,1656 1468,1657 1494,1658"/>
                <TextEquiv>
                    <Unicode>entfrombdet</Unicode>
                </TextEquiv>
            </TextLine>
            <TextLine id="r1l22" custom="readingOrder {index:21;}">
                <Coords points="1187,1840 1216,1823 1270,1847 1314,1824 1384,1853 1454,1816 1570,1837 1587,1820 1755,1808 1754,1765 1655,1772 1599,1733 1559,1760 1466,1749 1430,1774 1186,1733"/>
                <Baseline points="1196,1806 1223,1808 1250,1810 1278,1811 1305,1812 1333,1813 1360,1814 1388,1814 1415,1815 1443,1815 1470,1814 1497,1814 1525,1814 1552,1813 1580,1812 1607,1811 1635,1809 1662,1808 1690,1806 1717,1805 1745,1802"/>
                <TextEquiv>
                    <Unicode>ff sollichs ist sin ant</Unicode>
                </TextEquiv>
            </TextLine>
            <TextLine id="r1l23" custom="readingOrder {index:22;}">
                <Coords points="1138,1851 1150,1847 1155,1840 1166,1838 1169,1833 1187,1825 1157,1734 1143,1739 1130,1759 1109,1764"/>
                <Baseline points="1140,1830 1176,1818"/>
                <TextEquiv>
                    <Unicode></Unicode>
                </TextEquiv>
            </TextLine>
            <TextLine id="r1l24" custom="readingOrder {index:23;}">
                <Coords points="1146,1889 1340,1905 1387,1886 1421,1909 1564,1868 1695,1897 1804,1878 1820,1845 1718,1819 1654,1846 1589,1819 1490,1840 1454,1816 1370,1853 1215,1823 1176,1848 1145,1839"/>
                <Baseline points="1155,1881 1187,1880 1220,1880 1253,1880 1286,1878 1319,1878 1351,1878 1384,1878 1417,1877 1450,1877 1483,1877 1515,1875 1548,1875 1581,1874 1614,1874 1646,1874 1679,1872 1712,1871 1745,1869 1778,1869 1811,1866"/>
                <TextEquiv>
                    <Unicode>wurtt gwäsenn Nach dem</Unicode>
                </TextEquiv>
            </TextLine>
            <TextLine id="r1l25" custom="readingOrder {index:24;}">
                <Coords points="1147,1978 1215,1994 1277,1952 1493,1966 1550,1944 1593,1977 1673,1946 1766,1947 1765,1882 1715,1909 1639,1873 1380,1914 1250,1890 1227,1909 1146,1904"/>
                <Baseline points="1155,1944 1185,1944 1215,1943 1245,1943 1275,1943 1305,1943 1335,1943 1365,1943 1395,1943 1425,1942 1456,1941 1486,1941 1516,1941 1546,1940 1576,1940 1606,1939 1636,1938 1666,1937 1696,1937 1726,1935 1757,1934"/>
                <TextEquiv>
                    <Unicode>er uß verwilligung siner</Unicode>
                </TextEquiv>
            </TextLine>
            <TextLine id="r1l26" custom="readingOrder {index:25;}">
                <Coords points="1145,2024 1708,2021 1774,2003 1773,1948 1725,1943 1659,1976 1638,1960 1583,1975 1529,1947 1482,1970 1450,1948 1401,1977 1365,1957 1299,1981 1144,1980"/>
                <Baseline points="1155,2010 1185,2010 1215,2010 1246,2010 1276,2010 1307,2009 1337,2009 1368,2009 1398,2009 1429,2009 1459,2007 1489,2007 1520,2007 1550,2006 1581,2006 1611,2004 1642,2003 1672,2002 1703,2001 1733,2000 1764,1998"/>
                <TextEquiv>
                    <Unicode>mutter im stall eingliger</Unicode>
                </TextEquiv>
            </TextLine>
            <TextLine id="r1l27" custom="readingOrder {index:26;}">
                <Coords points="1144,2086 1587,2101 1656,2076 1695,2103 1759,2066 1820,2071 1820,2032 1700,2042 1652,2017 1556,2031 1508,2010 1416,2045 1366,2020 1305,2045 1235,2022 1143,2042"/>
                <Baseline points="1152,2073 1186,2073 1221,2072 1256,2073 1290,2073 1325,2073 1360,2073 1394,2073 1429,2073 1464,2073 1498,2072 1533,2072 1568,2072 1602,2070 1637,2069 1672,2068 1706,2066 1741,2064 1776,2061 1811,2058"/>
                <TextEquiv>
                    <Unicode>unnd betstattgeschlagenn</Unicode>
                </TextEquiv>
            </TextLine>
            <TextLine id="r1l28" custom="readingOrder {index:27;}">
                <Coords points="1127,2149 1304,2156 1352,2133 1505,2171 1553,2147 1768,2146 1823,2119 1823,2066 1760,2105 1627,2074 1574,2108 1463,2089 1322,2115 1227,2094 1187,2115 1126,2092"/>
                <Baseline points="1136,2139 1169,2139 1203,2138 1237,2138 1271,2138 1305,2138 1339,2138 1373,2138 1407,2138 1441,2138 1475,2138 1508,2138 1542,2138 1576,2138 1610,2137 1644,2136 1678,2135 1712,2133 1746,2130 1780,2127 1814,2124"/>
                <TextEquiv>
                    <Unicode>damit er unnd sinen kleinen</Unicode>
                </TextEquiv>
            </TextLine>
            <TextLine id="r1l29" custom="readingOrder {index:28;} person {offset:14; length:6;}">
                <Coords points="1140,2244 1226,2210 1352,2226 1650,2195 1805,2214 1827,2204 1825,2117 1719,2167 1557,2149 1458,2171 1352,2132 1281,2178 1138,2150"/>
                <Baseline points="1149,2202 1182,2201 1215,2201 1249,2201 1282,2200 1316,2199 1349,2199 1383,2199 1416,2198 1450,2198 1483,2198 1516,2196 1550,2196 1583,2195 1617,2195 1650,2193 1684,2192 1717,2192 1751,2190 1784,2189 1818,2187"/>
                <TextEquiv>
                    <Unicode>sindt uff dem winter nit</Unicode>
                </TextEquiv>
            </TextLine>
            <TextLine id="r1l30" custom="readingOrder {index:29;}">
                <Coords points="1137,2275 1375,2287 1546,2259 1587,2281 1816,2278 1860,2257 1859,2211 1737,2198 1709,2221 1584,2225 1497,2201 1437,2223 1394,2207 1343,2236 1224,2210 1136,2244"/>
                <Baseline points="1146,2268 1181,2266 1216,2265 1251,2264 1287,2262 1322,2261 1357,2261 1392,2261 1428,2259 1463,2259 1498,2259 1533,2259 1569,2259 1604,2258 1639,2258 1674,2256 1710,2256 1745,2255 1780,2253 1815,2251 1851,2249"/>
                <TextEquiv>
                    <Unicode>vff der gasonen sin mußsfreund</Unicode>
                </TextEquiv>
            </TextLine>
            <TextLine id="r1l31" custom="readingOrder {index:30;}">
                <Coords points="1136,2336 1175,2326 1233,2360 1256,2337 1304,2356 1403,2322 1538,2328 1629,2363 1663,2329 1714,2352 1856,2306 1855,2260 1590,2290 1553,2263 1495,2293 1455,2266 1179,2293 1135,2274"/>
                <Baseline points="1146,2330 1181,2328 1216,2327 1251,2325 1286,2325 1321,2324 1356,2324 1391,2324 1426,2324 1461,2324 1497,2324 1532,2322 1567,2322 1602,2321 1637,2321 1672,2319 1707,2318 1742,2315 1777,2312 1812,2309 1848,2306"/>
                <TextEquiv>
                    <Unicode>do sye sin vatter darzu khommen</Unicode>
                </TextEquiv>
            </TextLine>
            <TextLine id="r1l32" custom="readingOrder {index:31;}">
                <Coords points="1153,2423 1313,2396 1544,2421 1693,2387 1756,2417 1807,2407 1806,2342 1628,2364 1537,2329 1434,2357 1151,2344"/>
                <Baseline points="1161,2391 1192,2391 1224,2390 1256,2390 1288,2389 1320,2388 1351,2388 1383,2388 1415,2388 1447,2387 1479,2387 1510,2387 1542,2387 1574,2385 1606,2385 1638,2384 1669,2384 1701,2382 1733,2379 1765,2378 1797,2376"/>
                <TextEquiv>
                    <Unicode>sich uber inne erzürnt und</Unicode>
                </TextEquiv>
            </TextLine>
            <TextLine id="r1l33" custom="readingOrder {index:32;}">
                <Coords points="1126,2470 1253,2455 1443,2487 1491,2459 1616,2457 1657,2498 1795,2444 1838,2463 1838,2354 1755,2417 1694,2389 1543,2422 1312,2394 1207,2424 1126,2411"/>
                <Baseline points="1136,2451 1170,2450 1205,2448 1239,2448 1274,2448 1309,2448 1343,2448 1378,2448 1413,2450 1447,2450 1482,2451 1517,2451 1551,2451 1586,2453 1621,2453 1655,2451 1690,2451 1725,2450 1759,2449 1794,2446 1829,2444"/>
                <TextEquiv>
                    <Unicode>Ien in sinem hus nit eydenn</Unicode>
                </TextEquiv>
            </TextLine>
            <TextLine id="r1l34" custom="readingOrder {index:33;}">
                <Coords points="1131,2520 1761,2522 1812,2555 1827,2483 1711,2475 1655,2496 1578,2467 1528,2490 1495,2471 1358,2484 1318,2457 1283,2477 1132,2472"/>
                <Baseline points="1140,2507 1173,2507 1207,2508 1241,2509 1275,2510 1309,2510 1343,2511 1376,2511 1410,2513 1444,2513 1478,2513 1512,2514 1546,2514 1580,2516 1613,2516 1647,2517 1681,2517 1715,2519 1749,2520 1783,2522 1817,2523"/>
                <TextEquiv>
                    <Unicode>unnd hiemit ein nüw kiell</Unicode>
                </TextEquiv>
            </TextLine>
            <TextLine id="r1l35" custom="readingOrder {index:34;}">
                <Coords points="1146,2594 1631,2584 1707,2602 1833,2574 1833,2522 1761,2547 1474,2527 1422,2550 1300,2539 1251,2509 1147,2541"/>
                <Baseline points="1155,2570 1188,2570 1221,2570 1255,2571 1288,2571 1322,2572 1355,2573 1389,2573 1422,2574 1456,2574 1489,2576 1522,2576 1556,2576 1589,2577 1623,2577 1656,2577 1690,2577 1723,2577 1757,2577 1790,2577 1824,2577"/>
                <TextEquiv>
                    <Unicode>gnommenn unnd die betstatt</Unicode>
                </TextEquiv>
            </TextLine>
            <TextLine id="r1l36" custom="readingOrder {index:35;}">
                <Coords points="1136,2636 1282,2634 1353,2664 1435,2640 1614,2678 1774,2643 1775,2592 1617,2586 1553,2612 1395,2586 1354,2614 1248,2576 1218,2602 1137,2594"/>
                <Baseline points="1145,2625 1177,2627 1210,2628 1242,2629 1275,2631 1307,2631 1340,2633 1373,2634 1405,2636 1438,2637 1470,2638 1503,2639 1535,2640 1568,2640 1601,2640 1633,2640 1666,2640 1698,2640 1731,2640 1764,2639"/>
                <TextEquiv>
                    <Unicode>darunder aber ein byund</Unicode>
                </TextEquiv>
            </TextLine>
            <TextLine id="r1l37" custom="readingOrder {index:36;}">
                <Coords points="1132,2702 1224,2686 1358,2737 1407,2712 1802,2750 1824,2607 1641,2677 1136,2636"/>
                <Baseline points="1143,2676 1176,2678 1209,2680 1242,2682 1276,2684 1309,2687 1342,2688 1376,2691 1409,2693 1442,2696 1476,2698 1509,2700 1542,2702 1575,2703 1609,2704 1642,2705 1675,2706 1709,2706 1742,2705 1775,2705 1809,2703"/>
                <TextEquiv>
                    <Unicode>inn der wirzbnn gsin</Unicode>
                </TextEquiv>
            </TextLine>
            <TextEquiv>
                <Unicode>wie da nun s zhu sinenthalb
heitter berichtet, das er vor
ruffter zy sinen lyblichenn
vatter vbell gesthlagen und
vff das erdtrich under sich
gworffenn soll habenn
ii annderen ist er auch be¬
fragt, ob er nit gemeltem
inem vattertrönwt so er inn
usschlachenn ✳ unnd nit meir
sy im habenn, so wolle er im
heis gnug machen und ein
bodtenn hannn uffs guss
und
zum drittenn so sie er
ich verargwonet das er
der jar siner letstenn
fanngenschafft den butk
Ire spych vffboret vnd broch
vnnd inen das ir darun
entfrombdet
ff sollichs ist sin ant

wurtt gwäsenn Nach dem
er uß verwilligung siner
mutter im stall eingliger
unnd betstattgeschlagenn
damit er unnd sinen kleinen
sindt uff dem winter nit
vff der gasonen sin mußsfreund
do sye sin vatter darzu khommen
sich uber inne erzürnt und
Ien in sinem hus nit eydenn
unnd hiemit ein nüw kiell
gnommenn unnd die betstatt
darunder aber ein byund
inn der wirzbnn gsin</Unicode>
            </TextEquiv>
        </TextRegion>
        <TextRegion orientation="0.0" id="r2" custom="readingOrder {index:1;}">
            <Coords points="1893,232 1893,2594 2709,2594 2709,232"/>
            <TextLine id="r2l1" custom="readingOrder {index:0;}">
                <Coords points="2393,299 2408,297 2424,308 2445,292 2457,300 2466,301 2474,292 2483,291 2476,229 2450,232 2434,225 2422,234 2405,230 2397,239 2386,240"/>
                <Baseline points="2399,272 2435,268 2471,263"/>
                <TextEquiv>
                    <Unicode>108</Unicode>
                </TextEquiv>
            </TextLine>
            <TextLine id="r2l2" custom="readingOrder {index:1;}">
                <Coords points="1891,401 2096,394 2164,351 2250,340 2369,359 2534,310 2592,334 2616,316 2609,248 2555,275 2479,264 2426,307 2342,282 2289,307 2090,300 2013,329 1967,309 1886,350"/>
                <Baseline points="1899,384 1934,379 1969,373 2005,367 2040,363 2075,358 2111,353 2146,350 2181,346 2217,342 2252,339 2287,336 2323,333 2358,329 2393,326 2429,323 2464,320 2499,316 2535,312 2570,308 2606,303"/>
                <TextEquiv>
                    <Unicode>erstglachenn wollen, da er</Unicode>
                </TextEquiv>
            </TextLine>
            <TextLine id="r2l3" custom="readingOrder {index:2;}">
                <Coords points="1898,492 1970,439 2055,451 2093,428 2343,394 2413,405 2468,382 2540,397 2589,384 2582,320 2356,361 2251,344 2097,396 2036,380 1979,407 1920,387 1888,402"/>
                <Baseline points="1902,450 1935,446 1969,441 2003,436 2037,432 2071,427 2105,423 2139,418 2173,414 2207,409 2241,405 2274,401 2308,398 2342,395 2376,392 2410,389 2444,386 2478,384 2512,383 2546,383 2580,381"/>
                <TextEquiv>
                    <Unicode>förchtet er wurde villicht</Unicode>
                </TextEquiv>
            </TextLine>
            <TextLine id="r2l4" custom="readingOrder {index:3;}">
                <Coords points="1886,539 1955,526 1996,546 2139,483 2187,506 2305,474 2348,490 2413,459 2512,475 2540,446 2602,442 2595,380 2469,382 2318,438 2259,411 2047,458 1970,439 1926,485 1879,485"/>
                <Baseline points="1893,525 1929,519 1966,512 2003,507 2040,501 2076,495 2113,490 2150,485 2187,480 2224,474 2260,470 2297,466 2334,461 2371,458 2408,454 2444,452 2481,447 2518,446 2555,443 2592,440"/>
                <TextEquiv>
                    <Unicode>des kyind würsen und geschänden</Unicode>
                </TextEquiv>
            </TextLine>
            <TextLine id="r2l5" custom="readingOrder {index:4;}">
                <Coords points="1909,601 2026,595 2118,555 2205,577 2422,527 2618,520 2613,478 2542,450 2494,484 2281,476 2242,503 2122,497 2054,533 1904,551"/>
                <Baseline points="1916,584 1950,579 1985,575 2019,570 2054,565 2088,561 2123,558 2157,552 2192,549 2226,545 2261,541 2296,537 2330,533 2365,529 2399,527 2434,523 2468,519 2503,516 2537,513 2572,509 2607,507"/>
                <TextEquiv>
                    <Unicode>und inn deshalb vber die arm</Unicode>
                </TextEquiv>
            </TextLine>
            <TextLine id="r2l6" custom="readingOrder {index:5;}">
                <Coords points="1900,665 1985,644 2037,670 2066,650 2156,662 2235,619 2324,607 2388,632 2580,584 2576,551 2550,548 2477,564 2391,540 2276,578 2118,555 2083,587 1896,625"/>
                <Baseline points="1908,651 1941,648 1974,644 2007,641 2040,637 2073,632 2106,628 2139,624 2172,619 2205,616 2239,611 2272,607 2305,603 2338,599 2371,595 2404,592 2437,588 2470,587 2503,584 2536,582 2570,581"/>
                <TextEquiv>
                    <Unicode>erwütscht dannen zogenn</Unicode>
                </TextEquiv>
            </TextLine>
            <TextLine id="r2l7" custom="readingOrder {index:6;}">
                <Coords points="1903,743 2005,715 2056,740 2097,707 2439,681 2486,655 2553,685 2590,674 2581,584 2389,633 2282,618 2157,664 1975,659 1897,692"/>
                <Baseline points="1910,719 1943,716 1976,712 2010,708 2043,705 2077,701 2110,696 2144,692 2177,688 2211,684 2244,680 2277,677 2311,673 2344,669 2378,665 2411,662 2445,659 2478,657 2512,654 2545,651 2579,650"/>
                <TextEquiv>
                    <Unicode>vnnd pättenn, das er nit also</Unicode>
                </TextEquiv>
            </TextLine>
            <TextLine id="r2l8" custom="readingOrder {index:7;}">
                <Coords points="1899,829 1991,822 2063,775 2200,786 2234,759 2321,774 2368,744 2601,737 2619,733 2613,680 2486,673 2292,710 2208,697 2165,721 1958,731 1925,765 1890,752"/>
                <Baseline points="1904,797 1939,794 1974,789 2009,785 2045,780 2080,775 2115,770 2150,767 2186,761 2221,755 2256,752 2291,748 2327,743 2362,739 2397,736 2432,732 2468,730 2503,728 2538,726 2573,725 2609,725"/>
                <TextEquiv>
                    <Unicode>wust thun solte, wie aber der</Unicode>
                </TextEquiv>
            </TextLine>
            <TextLine id="r2l9" custom="readingOrder {index:8;}">
                <Coords points="1904,887 2031,867 2098,897 2453,808 2487,832 2527,809 2572,825 2563,742 2442,746 2256,801 2209,782 2079,832 2047,811 1897,830"/>
                <Baseline points="1910,867 1942,866 1975,864 2007,861 2040,858 2072,856 2105,852 2137,847 2170,844 2202,839 2235,835 2268,831 2300,826 2333,821 2365,818 2398,814 2430,811 2463,808 2495,806 2528,804 2561,803"/>
                <TextEquiv>
                    <Unicode>vatter sich gespert vnd sich</Unicode>
                </TextEquiv>
            </TextLine>
            <TextLine id="r2l10" custom="readingOrder {index:9;}">
                <Coords points="1918,955 2206,920 2308,948 2390,933 2454,886 2535,911 2664,890 2659,840 2611,815 2568,831 2516,811 2494,834 2451,808 2421,843 2296,877 2215,858 2184,885 2057,896 2007,874 1914,906"/>
                <Baseline points="1926,939 1962,936 1998,933 2035,929 2071,926 2108,922 2144,917 2180,914 2217,909 2253,905 2290,902 2326,898 2362,895 2399,891 2435,888 2472,885 2508,883 2544,879 2581,878 2617,876 2654,875"/>
                <TextEquiv>
                    <Unicode>wollenn von iin ryssen synndt</Unicode>
                </TextEquiv>
            </TextLine>
            <TextLine id="r2l11" custom="readingOrder {index:10;} place {offset:13; length:8;}">
                <Coords points="1927,1043 1976,1011 2062,998 2166,1023 2235,990 2343,1001 2416,965 2493,978 2529,965 2524,899 2486,912 2455,897 2330,945 2123,925 1920,957"/>
                <Baseline points="1932,1002 1961,1000 1990,997 2020,995 2049,992 2078,989 2108,987 2137,985 2166,983 2196,980 2225,977 2254,975 2284,972 2313,969 2342,967 2372,965 2401,963 2430,961 2460,959 2489,956 2519,954"/>
                <TextEquiv>
                    <Unicode>sy beid also imringen mit</Unicode>
                </TextEquiv>
            </TextLine>
            <TextLine id="r2l12" custom="readingOrder {index:11;}">
                <Coords points="1920,1098 2158,1060 2426,1070 2652,1025 2649,987 2413,963 2301,1020 2072,1001 1916,1048"/>
                <Baseline points="1928,1073 1963,1070 1999,1067 2035,1064 2070,1061 2106,1059 2142,1057 2177,1055 2213,1052 2249,1050 2285,1048 2320,1046 2356,1044 2392,1041 2427,1038 2463,1035 2499,1032 2534,1029 2570,1024 2606,1020 2642,1016"/>
                <TextEquiv>
                    <Unicode>einannderen uber die schwellen</Unicode>
                </TextEquiv>
            </TextLine>
            <TextLine id="r2l13" custom="readingOrder {index:12;}">
                <Coords points="1926,1157 2061,1166 2140,1133 2247,1151 2277,1125 2372,1116 2437,1145 2570,1096 2643,1134 2638,1058 2540,1041 2405,1081 2355,1055 2235,1093 2008,1068 1922,1102"/>
                <Baseline points="1934,1142 1968,1139 2003,1135 2038,1133 2073,1130 2108,1127 2142,1125 2177,1123 2212,1121 2247,1118 2282,1116 2316,1113 2351,1112 2386,1109 2421,1106 2456,1104 2490,1101 2525,1098 2560,1095 2595,1093 2630,1089"/>
                <TextEquiv>
                    <Unicode>uschgfallenn und er hiemit</Unicode>
                </TextEquiv>
            </TextLine>
            <TextLine id="r2l14" custom="readingOrder {index:13;}">
                <Coords points="1928,1219 2092,1202 2134,1223 2164,1199 2379,1185 2456,1202 2640,1169 2638,1132 2551,1134 2520,1110 2441,1150 2387,1127 2346,1154 2302,1132 2279,1156 2160,1133 2024,1171 1925,1155"/>
                <Baseline points="1937,1206 1971,1203 2006,1200 2040,1197 2075,1195 2110,1193 2144,1191 2179,1190 2214,1188 2248,1186 2283,1185 2318,1184 2352,1182 2387,1179 2422,1178 2456,1176 2491,1173 2526,1170 2560,1167 2595,1162 2630,1158"/>
                <TextEquiv>
                    <Unicode>dem vatt das bell us den</Unicode>
                </TextEquiv>
            </TextLine>
            <TextLine id="r2l15" custom="readingOrder {index:14;}">
                <Coords points="1940,1314 1985,1283 2059,1297 2129,1265 2245,1279 2299,1257 2328,1276 2412,1235 2475,1263 2501,1239 2630,1235 2628,1199 2573,1178 2455,1211 2420,1189 2275,1190 2179,1224 2078,1209 1991,1244 1935,1233"/>
                <Baseline points="1946,1271 1979,1268 2013,1266 2047,1263 2081,1261 2114,1259 2148,1256 2182,1255 2216,1253 2249,1251 2283,1248 2317,1247 2351,1245 2384,1244 2418,1242 2452,1239 2486,1238 2519,1236 2553,1233 2587,1230 2621,1229"/>
                <TextEquiv>
                    <Unicode>heunden gnommenn uf unnd</Unicode>
                </TextEquiv>
            </TextLine>
            <TextLine id="r2l16" custom="readingOrder {index:15;}">
                <Coords points="1953,1355 2119,1355 2252,1321 2337,1346 2393,1321 2554,1332 2593,1306 2641,1312 2639,1268 2560,1276 2499,1241 2473,1266 2308,1291 2082,1279 1950,1305"/>
                <Baseline points="1961,1334 1994,1332 2028,1331 2061,1329 2095,1327 2128,1326 2162,1323 2195,1322 2229,1320 2262,1317 2296,1316 2329,1314 2363,1313 2396,1310 2430,1308 2463,1306 2497,1304 2530,1302 2564,1301 2597,1298 2631,1296"/>
                <TextEquiv>
                    <Unicode>an die gassenn gworffenn</Unicode>
                </TextEquiv>
            </TextLine>
            <TextLine id="r2l17" custom="readingOrder {index:16;}">
                <Coords points="1939,1428 2059,1393 2199,1425 2293,1390 2470,1376 2510,1398 2588,1381 2586,1335 2383,1329 2249,1358 2134,1337 2107,1361 2085,1347 1988,1369 1935,1338"/>
                <Baseline points="1946,1397 1977,1396 2009,1395 2040,1394 2072,1392 2104,1391 2135,1390 2167,1388 2199,1386 2230,1385 2262,1383 2294,1381 2325,1380 2357,1378 2389,1376 2420,1375 2452,1373 2484,1371 2515,1370 2547,1368 2579,1368"/>
                <TextEquiv>
                    <Unicode>damit sich dheiner darain</Unicode>
                </TextEquiv>
            </TextLine>
            <TextLine id="r2l18" custom="readingOrder {index:17;}">
                <Coords points="1950,1474 2052,1490 2168,1445 2318,1499 2423,1456 2446,1472 2565,1437 2657,1443 2655,1393 2589,1411 2463,1392 2398,1419 2301,1397 2223,1428 2063,1392 1948,1433"/>
                <Baseline points="1958,1461 1992,1460 2027,1460 2061,1458 2096,1458 2130,1457 2165,1455 2199,1455 2234,1454 2268,1452 2303,1451 2337,1450 2372,1449 2406,1446 2441,1445 2475,1443 2510,1442 2544,1439 2579,1437 2613,1434 2648,1431"/>
                <TextEquiv>
                    <Unicode>würset unnd sye also ger nit</Unicode>
                </TextEquiv>
            </TextLine>
            <TextLine id="r2l19" custom="readingOrder {index:18;}">
                <Coords points="1938,1566 2001,1533 2168,1559 2248,1521 2304,1542 2342,1521 2385,1540 2432,1520 2634,1530 2647,1480 2580,1448 2526,1481 2413,1471 2314,1499 2265,1475 2222,1493 2169,1444 2096,1490 1935,1478"/>
                <Baseline points="1946,1532 1980,1530 2015,1527 2049,1526 2084,1524 2119,1523 2153,1521 2188,1521 2223,1520 2257,1520 2292,1518 2327,1518 2361,1518 2396,1517 2431,1517 2465,1515 2500,1515 2535,1514 2569,1513 2604,1512 2639,1511"/>
                <TextEquiv>
                    <Unicode>gseinet ssin den vatter ze¬</Unicode>
                </TextEquiv>
            </TextLine>
            <TextLine id="r2l20" custom="readingOrder {index:19;}">
                <Coords points="1952,1625 2048,1608 2106,1637 2184,1592 2255,1629 2560,1588 2635,1616 2632,1529 2529,1547 2477,1530 2415,1560 2295,1536 2231,1569 2195,1546 1951,1563"/>
                <Baseline points="1961,1607 1994,1604 2027,1600 2060,1597 2093,1595 2126,1593 2159,1592 2193,1590 2226,1589 2259,1589 2292,1587 2325,1587 2358,1587 2391,1586 2425,1586 2458,1586 2491,1586 2524,1584 2557,1584 2590,1583 2624,1581"/>
                <TextEquiv>
                    <Unicode>shsachenn ✳ noch im vbels</Unicode>
                </TextEquiv>
            </TextLine>
            <TextLine id="r2l21" custom="readingOrder {index:20;}">
                <Coords points="1944,1705 1970,1698 1996,1720 2018,1719 2051,1692 2086,1688 2154,1708 2207,1671 2253,1676 2252,1631 2217,1621 2202,1635 2171,1628 2147,1640 2128,1624 2105,1637 2065,1613 2021,1619 1985,1641 1942,1627"/>
                <Baseline points="1953,1674 1979,1672 2005,1670 2032,1668 2058,1667 2084,1667 2111,1667 2137,1667 2163,1665 2190,1665 2216,1665 2243,1664"/>
                <TextEquiv>
                    <Unicode>zuzefügenn</Unicode>
                </TextEquiv>
            </TextLine>
            <TextLine id="r2l22" custom="readingOrder {index:21;}">
                <Coords points="1912,1836 2054,1823 2076,1845 2098,1827 2152,1845 2255,1825 2299,1843 2391,1819 2576,1836 2600,1830 2600,1758 2480,1779 2408,1747 2327,1790 2231,1755 2065,1773 2015,1740 1912,1771"/>
                <Baseline points="1922,1820 1955,1818 1988,1817 2022,1817 2055,1817 2089,1817 2122,1815 2156,1815 2189,1815 2223,1815 2256,1817 2289,1817 2323,1817 2356,1817 2390,1817 2423,1817 2457,1817 2490,1817 2524,1817 2557,1817 2591,1817"/>
                <TextEquiv>
                    <Unicode>Denne so ist er bkanntlich</Unicode>
                </TextEquiv>
            </TextLine>
            <TextLine id="r2l23" custom="readingOrder {index:22;}">
                <Coords points="1976,1883 2037,1911 2158,1889 2252,1911 2313,1880 2394,1884 2437,1913 2564,1882 2667,1895 2656,1838 2297,1850 2245,1825 2138,1850 2113,1828 2087,1850 1976,1844"/>
                <Baseline points="1985,1878 2018,1877 2052,1877 2085,1877 2119,1877 2153,1875 2186,1875 2220,1875 2254,1875 2287,1875 2321,1875 2355,1875 2388,1875 2422,1876 2456,1877 2489,1877 2523,1877 2557,1877 2590,1878 2624,1878 2658,1880"/>
                <TextEquiv>
                    <Unicode>nach dem zem vor e. jaren</Unicode>
                </TextEquiv>
            </TextLine>
            <TextLine id="r2l24" custom="readingOrder {index:23;}">
                <Coords points="2000,1953 2184,1942 2243,1961 2319,1937 2640,1957 2655,1896 2557,1883 2441,1912 2395,1890 2363,1912 2312,1880 2243,1913 2000,1912"/>
                <Baseline points="2010,1938 2041,1937 2073,1937 2105,1935 2137,1935 2169,1935 2200,1935 2232,1935 2264,1935 2296,1935 2328,1935 2359,1935 2391,1935 2423,1936 2455,1937 2487,1937 2518,1937 2550,1937 2582,1938 2614,1938 2646,1938"/>
                <TextEquiv>
                    <Unicode>in vatter vnnd mutterstats</Unicode>
                </TextEquiv>
            </TextLine>
            <TextLine id="r2l25" custom="readingOrder {index:24;}">
                <Coords points="1994,2024 2093,2011 2196,2040 2254,2007 2292,2024 2357,2007 2416,2038 2473,2005 2567,2024 2643,2001 2643,1974 2548,1959 2274,1974 2182,1944 2143,1974 1994,1952"/>
                <Baseline points="2003,1998 2034,2000 2066,2001 2097,2001 2129,2001 2160,2001 2192,2001 2223,2001 2255,2001 2286,2001 2318,2000 2350,2000 2381,2000 2413,2000 2444,1999 2476,1998 2507,2000 2539,2000 2570,2000 2602,2002 2634,2003"/>
                <TextEquiv>
                    <Unicode>ell gesthlagenn, das er</Unicode>
                </TextEquiv>
            </TextLine>
            <TextLine id="r2l26" custom="readingOrder {index:25;}">
                <Coords points="1970,2074 2136,2067 2208,2088 2455,2067 2503,2108 2577,2075 2610,2086 2609,2036 2558,2017 2416,2038 2364,2013 2316,2043 1970,2019"/>
                <Baseline points="1979,2066 2010,2066 2041,2066 2072,2066 2103,2066 2134,2066 2165,2066 2196,2066 2227,2064 2258,2064 2289,2064 2320,2064 2351,2063 2382,2063 2413,2063 2444,2063 2475,2061 2506,2061 2537,2061 2568,2061 2600,2061"/>
                <TextEquiv>
                    <Unicode>domals us enwess muheit</Unicode>
                </TextEquiv>
            </TextLine>
            <TextLine id="r2l27" custom="readingOrder {index:26;}">
                <Coords points="1990,2168 2214,2134 2412,2150 2622,2127 2672,2147 2671,2101 2642,2090 2573,2078 2520,2104 2453,2067 2291,2087 2258,2111 2216,2082 2152,2113 2083,2069 1989,2087"/>
                <Baseline points="1998,2129 2031,2130 2064,2130 2097,2132 2131,2132 2164,2132 2197,2132 2230,2132 2264,2132 2297,2130 2330,2130 2363,2130 2397,2129 2430,2129 2463,2127 2496,2127 2530,2126 2563,2126 2596,2124 2629,2124 2663,2123"/>
                <TextEquiv>
                    <Unicode>usb gredt er wolle inenn</Unicode>
                </TextEquiv>
            </TextLine>
            <TextLine id="r2l28" custom="readingOrder {index:27;}">
                <Coords points="1991,2214 2229,2199 2309,2232 2511,2190 2552,2219 2622,2211 2621,2134 2507,2171 2393,2143 2304,2164 2260,2145 2209,2170 2096,2143 2068,2167 1991,2168"/>
                <Baseline points="2001,2196 2031,2196 2062,2196 2092,2196 2123,2195 2154,2195 2184,2195 2215,2195 2245,2193 2276,2193 2307,2193 2337,2193 2368,2193 2398,2192 2429,2192 2460,2192 2490,2192 2521,2192 2551,2192 2582,2193 2613,2193"/>
                <TextEquiv>
                    <Unicode>ein todtenn janen uff</Unicode>
                </TextEquiv>
            </TextLine>
            <TextLine id="r2l29" custom="readingOrder {index:28;}">
                <Coords points="1987,2291 2121,2272 2147,2291 2193,2262 2217,2277 2269,2259 2350,2290 2466,2258 2540,2287 2625,2282 2669,2261 2670,2215 2469,2230 2397,2200 2308,2230 2161,2204 1988,2212"/>
                <Baseline points="1997,2256 2030,2256 2063,2256 2096,2256 2129,2256 2162,2256 2195,2256 2229,2256 2262,2256 2295,2256 2328,2256 2361,2256 2394,2258 2427,2258 2461,2258 2494,2259 2527,2260 2560,2261 2593,2262 2626,2265 2660,2267"/>
                <TextEquiv>
                    <Unicode>das hus setenn, aber doch selbs</Unicode>
                </TextEquiv>
            </TextLine>
            <TextLine id="r2l30" custom="readingOrder {index:29;}">
                <Coords points="1992,2331 2108,2345 2168,2324 2206,2345 2293,2318 2516,2348 2595,2319 2650,2335 2651,2276 2581,2299 2495,2259 2407,2297 2192,2263 2153,2291 2091,2273 1993,2296"/>
                <Baseline points="2001,2318 2033,2318 2065,2318 2097,2318 2129,2318 2161,2318 2193,2318 2225,2318 2257,2318 2289,2318 2321,2318 2353,2318 2385,2319 2417,2319 2449,2319 2481,2321 2513,2321 2545,2322 2577,2324 2609,2325 2642,2327"/>
                <TextEquiv>
                    <Unicode>nit gwüsst, was es wäre der</Unicode>
                </TextEquiv>
            </TextLine>
            <TextLine id="r2l31" custom="readingOrder {index:30;}">
                <Coords points="2003,2418 2202,2388 2244,2411 2408,2385 2556,2403 2609,2379 2689,2399 2688,2338 2602,2320 2519,2351 2454,2328 2218,2353 2172,2334 2141,2357 2039,2326 2003,2350"/>
                <Baseline points="2012,2381 2045,2381 2078,2381 2112,2379 2145,2379 2178,2379 2212,2379 2245,2378 2278,2378 2312,2378 2345,2378 2378,2378 2412,2376 2445,2376 2478,2376 2512,2378 2545,2378 2578,2378 2612,2378 2645,2379 2679,2379"/>
                <TextEquiv>
                    <Unicode>ff im fruge dann inn solliches</Unicode>
                </TextEquiv>
            </TextLine>
            <TextLine id="r2l32" custom="readingOrder {index:31;}">
                <Coords points="1998,2458 2089,2447 2176,2477 2267,2446 2445,2471 2502,2446 2530,2468 2592,2447 2697,2456 2696,2392 2611,2378 2577,2399 2501,2384 2278,2420 2132,2389 2105,2412 1998,2419"/>
                <Baseline points="2007,2445 2041,2445 2075,2444 2109,2444 2143,2444 2177,2443 2211,2442 2245,2442 2279,2442 2313,2441 2347,2441 2381,2441 2415,2440 2449,2439 2483,2439 2517,2438 2551,2438 2585,2436 2619,2436 2653,2435 2687,2433"/>
                <TextEquiv>
                    <Unicode>in wältstgergleret mit anzeig</Unicode>
                </TextEquiv>
            </TextLine>
            <TextLine id="r2l33" custom="readingOrder {index:32;}">
                <Coords points="1998,2514 2184,2527 2278,2509 2341,2531 2468,2511 2531,2536 2626,2507 2693,2518 2718,2477 2659,2453 2414,2475 2371,2453 2283,2472 2205,2453 2178,2477 1997,2455"/>
                <Baseline points="2007,2508 2042,2508 2077,2507 2112,2507 2147,2507 2182,2505 2217,2505 2252,2504 2287,2504 2322,2504 2358,2503 2393,2502 2428,2502 2463,2502 2498,2501 2533,2501 2568,2501 2603,2501 2638,2501 2673,2501 2709,2502"/>
                <TextEquiv>
                    <Unicode>so er Inen daselbig sage wurdend</Unicode>
                </TextEquiv>
            </TextLine>
            <TextLine id="r2l34" custom="readingOrder {index:33;}">
                <Coords points="1994,2623 2129,2568 2241,2606 2334,2576 2436,2599 2474,2581 2538,2609 2603,2562 2669,2564 2669,2529 1992,2527"/>
                <Baseline points="2003,2579 2035,2576 2068,2574 2101,2571 2134,2570 2167,2568 2200,2568 2232,2567 2265,2567 2298,2565 2331,2565 2364,2565 2397,2565 2430,2565 2462,2564 2495,2564 2528,2562 2561,2562 2594,2560 2627,2558 2660,2556"/>
                <TextEquiv>
                    <Unicode>sy inn ufhören schlachenn</Unicode>
                </TextEquiv>
            </TextLine>
            <TextEquiv>
                <Unicode>108
erstglachenn wollen, da er
förchtet er wurde villicht
des kyind würsen und geschänden
und inn deshalb vber die arm
erwütscht dannen zogenn
vnnd pättenn, das er nit also
wust thun solte, wie aber der
vatter sich gespert vnd sich
wollenn von iin ryssen synndt
sy beid also imringen mit
einannderen uber die schwellen
uschgfallenn und er hiemit
dem vatt das bell us den
heunden gnommenn uf unnd
an die gassenn gworffenn
damit sich dheiner darain
würset unnd sye also ger nit
gseinet ssin den vatter ze¬
shsachenn ✳ noch im vbels
zuzefügenn
Denne so ist er bkanntlich
nach dem zem vor e. jaren
in vatter vnnd mutterstats
ell gesthlagenn, das er
domals us enwess muheit
usb gredt er wolle inenn
ein todtenn janen uff
das hus setenn, aber doch selbs
nit gwüsst, was es wäre der
ff im fruge dann inn solliches
in wältstgergleret mit anzeig
so er Inen daselbig sage wurdend
sy inn ufhören schlachenn</Unicode>
            </TextEquiv>
        </TextRegion>
    </Page>
</PcGts>
