2448 3264
603 635 1245 768 raren Examnatoren bevolchen,
643 675 1246 846 auch gahn Manzili Fuhreen und jahr
632 736 1261 884 mit dem  mautere uber dißen
648 807 1268 959 sach heeken zulaßen, welches
650 873 1264 991 auch alles erenstes vnd gebürend
621 929 1260 1050 maßen, in by syn hr Sarlaus
643 986 1261 1093 insans, der Būgeren, vnd
637 1051 1281 1176 Großn eibel Chilliers, geschecen
619 1109 1278 1209 Eß gatt aber auch dißmals von
629 1165 1277 1273 vons schon hienon behelfender, nützi
620 1215 1198 1322 wytzens verzeigen wellen,
1198 1310 1224 1386 2
509 1319 1272 1429 Allein zeigt es noch an, das zwag
594 1389 1274 1488 wol ein traufe, welliches wyn
604 1448 1287 1537 vnd Ruthen, gie Im syn Nebendt
615 1493 1277 1591 magt gegeben, gsin, gethienneten der
503 1525 601 1643 sist
621 1546 1290 1643 sihem anders sye aber garumb
641 1613 1280 1692 Zeghl. sine zedt reuerenter vor h
640 1663 1278 1762 gedachtt und gden zu meiden) zu befür
623 1712 1286 1802 welches, wyl es nit helffen tach
623 1765 1289 1862 abe eis hernach also gott geimges
875 1835 988 1905 re
609 1880 1284 1977 sie by sich gehepte Haßelmemetzen
634 1929 1220 2027 habe eß ab gen sch, aalß e
628 1964 1280 2085 ehngeit jene wych dei trauche
607 2031 1232 2155 gesotten, aber lehrmer bößen
605 2115 1044 2203 meinung genomen
596 2121 1306 2302 Ist einmal läüt send ein mal mit gen
573 2215 1300 2349 stleisten stein ufzogen, wie auch zu
592 2264 1288 2423 schweeler, ime gerihander stein
598 2298 1301 2503 se gen sen eel
589 2461 788 2523 word
525 2455 1309 2632 Alß nun hannff eß eines cristlichen
580 2540 1298 2697 Heheren begertt, so ist gesterchen
571 2609 1212 2766 abendes vyr ganmel schulde de
2054 511 2117 577 93
1371 569 2178 742 helffer alhie zu ime in gfangenschafft
1394 628 2168 807 gangen, und auch einsthalffteg, das es
1375 696 2170 855 dee warende bekehrnnen welle an
1377 743 2151 918 gehalten, ß hatt aber auch diß
1393 799 2132 941 molen aufders nützit bekhennen
1380 855 2164 1003 wollen, sonders angezeigt, dißere
1400 897 2183 1053 sach nit anders, jann wie vermeldet.
1404 971 2201 1105 beschaffen sye, wie eß dann ganaff
1402 1072 1782 1176 Striben welle,
1373 1154 2207 1242 Bittet abermalen und gdie umb verzychung
1377 1205 1961 1301 vnd Barnegertzeglehende
1397 1232 2231 1344 Sach digem ist auch 8 Hortynus
1393 1302 2167 1395 zu ira grüfft worden, yn zur
1385 1351 2238 1455 waren zekandtnus zumermögen
1393 1406 2170 1488 Wie auch die morgens abermalen
1670 1436 2186 1497 Volffer Sreundt, ein
1416 1467 1734 1529 gedachter 8
1405 1472 2210 1572 glyches zuurrichten, habendt abr
1404 1514 2198 1615 glichwol beidsamen mitie anders
1409 1557 2147 1651 uher das vorgehende von ime
1409 1592 2227 1676 Gekandtnus halben vybring, kine
1331 1703 2207 1836 Oses Frytbag su 20 Jurlri diß
1452 1790 2207 1888 163t 1 jahrs, in biy syn gegen würtig
1452 1855 2242 1945 scheidt, vnd anhören, der Thremūesten
1440 1897 2227 1989 frkomen fürnemen, fürsichtigen wolge
1460 1956 2173 2036 ichte wysen herret s Hanß
1461 2003 2225 2086 Ludolff Rteigers, deß kleinen Rathis
1466 2052 1932 2104 ssimon Boprets
1474 2071 2244 2154 Dielans Bachmans der Burorden
1434 2121 2228 2215 H Grßweibell Chilliens undt etlichn
1479 2171 2250 2269 weiblen hochgeacht wynen
1455 2234 2253 2328 gh und obern gieneren hatt gegen
1460 2275 2274 2391 württiges Veren Huesinger Burgeren
1462 2321 2286 2450 dißer statt gern zu Marzili Hienach
1456 2382 2276 2498 bolgende hoche schwere und von Gotte
1446 2460 2188 2542 und der Oberkehent hoch verpolene
1493 2486 2292 2618 ußandlungen gekhende und verzeche
1473 2541 2247 2647 auch an der manter erhalten.
1425 2596 1842 2718 vndt bestettiget,
