2448 3264
351 2587 560 2657 die Hienschalen
346 2625 560 2739 shunders un
425 2673 522 2736 gantz
400 570 560 686 A
640 551 1252 747 hel betech nhen
664 641 1251 792 gelaugnet, gans  mit dem si
709 698 1253 839 gange und hieneben steit
720 758 1230 903 Trencken getruncken habe,
600 816 1272 1015 rendteser san se
641 921 1270 1062 nit bfftenbahren horffen nach
626 976 1269 1130 Temalen wreücken jan fürgete
635 1055 695 1097 en
590 1056 1256 1228 zhittet also und gdh Ine aller underi
630 1144 1238 1286 scheide umb genad und verzychung
655 1362 1249 1484 Wiser Wolfgang Rüßlus
619 1453 1228 1551 Deß Sihürers, erlütherung,
505 1532 1274 1686 ach dem man das Dientli den spute
618 1625 1269 1717 gefuhrt, hane der h statthryber
590 1685 1273 1779 fie geschickt, vndt die Hebamen
579 1738 1273 1832 mutter Elßbeth ime Hans Thoder khi
596 1795 1278 1907 zu gebracht, gaßelbige zu besichten, daß
608 1865 1284 1963 er gefunden, daß dißers thader khint
609 1915 1266 2008 an dem Hönsli ein sehleines kritze
813 1979 1055 2030 1felten vnb
569 1978 1283 2067 umb welchesblauw gsin sye und
548 2037 1276 2144 Wychers am Helßli mitt, was jas s
607 2093 1265 2190 anthreffe, sye daßelbige abgegwrickt
604 2139 1281 2237 end nit abgehanwen, wie auch noch baut
599 2198 1270 2326 schweißig gsin, demnach habe er auch uff
588 2245 1277 2369 Hein Hoüetli sir dem Zurascheli gefan
593 2323 1285 2447 ein jumpfli, glychsam man uß mit einer
588 2358 1289 2488 finger gethan hätte, wie auch nochleshe
589 2440 1271 2551 daß Huenschali nit an den Brthen gan
597 2468 1277 2631 sich sonst ihertheillende degangelser
602 2525 1293 2701 bestatten, hab znde ers e et
591 2591 1292 2736 abe dabige alle anzegungen an din
573 2640 1295 2800 ghan. Das es lebendig an die welt
562 2773 780 2873 sthon sye.
2085 510 2126 574 8
1340 537 2040 730 Der Hebamen Mutter Tesbets
1516 631 1818 743 Brlützerung
1313 678 2155 875 Alß die frouch stattschwyberi sya bellickt.
1362 747 2156 924 abe sy dans meideli die der hinders Thughi
1338 816 2215 971 uf einem Brogli sitzen gefunden und die frauk
1367 863 2213 1028 Alßbald daßelbige gefragt, wo es daß khendt
1369 934 2206 1077 habe eß geandt worttet, eß habe eß im trag
1358 1000 2205 1153 die frauwgseidt, eß solle den trag ufthun
1335 1046 2186 1209 welches eß auch angentz hethn, daruffgef.
1354 1109 2198 1264 das sehindt uß dem trag guan, vnd eß ihror
1374 1195 2215 1318 der gezügee geben, in welchem trag sy
1384 1261 2141 1377 ezügen ein üüber funden, darinen gese
1368 1308 2219 1428 mentlih gerandt und ein wenig waßer
1380 1373 2193 1480 sin uff welchem gerandt daß ehmdlin
1374 1419 2196 1543 In geß meidtlis fur thuch vngereicklet
1390 1487 2201 1582 gelegen, welches am Halhli ein kleines
1393 1559 2195 1654 eritie warlhen neben umb blauh gsin
1392 1602 2181 1721 han, das Nabel sye anchrblutt schweißig
1393 1660 2229 1791 gsin, deßwegenwol ans künti uß
1409 1726 2240 1834 gebluttet, habe eße alß man es der vatter
1408 1780 2223 1877 n dem spittal an die obem gelegt zu
1406 1854 2231 1946 erkchundigen, ob es nit ein zeichen geben
1410 1909 2258 2007 werde, habe eß khein zeichen ihres vermeinens,
1410 1966 2229 2070 thun oder geben sehannen, jeß gespaltnen
1418 2035 2226 2134 nenthalis, wie auch deß Dampflis in
1376 2085 2245 2195 deßelben, itein aber sal zeigangen nach
1379 2144 2288 2258 dass daß ëndli erbendig uuff de welt, kon
1426 2193 2242 2295 süget sy wie vermelter m müßben,
1410 2244 2248 2374 degt schaner, Obui Jaß sundliheff
1537 2314 2294 2429 egel gschüs, in eine frtero gefallen
1404 2362 2291 2489 und amen duet sllichen weide fahren,
1325 2418 2292 2556 dergende gestorken sye, daß wüße sy nitetc.
1413 2470 2294 2600 Dei treückern halben, züget sy der fr
1436 2525 2294 2675 stattschwyberen habe ein heyde haffen
1449 2585 2195 2747 handest dißem weideli gefunden
