2448 3264
519 605 1248 770 so bei siß vermeidet sy auch wie daß syndr
588 676 1251 821 inderss ariein weder daß sy ren
592 742 1256 880 ange derowegen zoglich bittend man
602 793 1258 929 solches recht erschnnogen laßen welle
537 908 1266 1037 aruff nun hatt sy angezeigt vnd umedt
609 966 1259 1091 nie daß jetzumt ihr hertz gerampt
600 1011 1078 1127 snd daß gantz volkhonnen
566 1082 1250 1224 hätte ußwegen abermalen pach und
619 1183 1234 1265 erengenampt vrgd gantze
630 1222 1251 1326 dittig und flechenlich umb genadten
630 1273 868 1370 erzychung
573 1361 1257 1442 Ist einmal lär, einmal mit einem
636 1431 1245 1501 sond ein mal nit zweyen steinen
626 1465 996 1547 fzogen worden.
597 1509 1268 1606 Such hernach veerners am 4. und
595 1582 869 1646 12 blat.
716 2044 1250 2180 Anna Werdtmüller
724 2129 1259 2234 son nider Osch ein jjunge wybs
717 2183 1257 2312 person von ungefahr d sehen
450 2295 1285 2454 Loner mahen und uß glychen benelh Isghe
595 2395 1173 2503 reilen tags Anna Werdeumb
569 2437 1157 2542 Aider osth ein junge wybs etc.
577 2466 1186 2608 10 johten wegen dieselbe ih
585 2524 1231 2685 Ehman, welcher ruch ihm ueld gifft
587 2575 1266 2704 zu eßen geben haben sollen. Dannach
578 2635 1185 2784 derselbigk zu einem prsthaffen
560 2666 1265 2851 gewaheo sye etc. Durch die ehrems
2049 504 2113 555 32
1394 564 2180 739 fromen, fürsichtigsn wolgeachten wysen
1437 618 2173 774 ieren h  Rudaph Däbi geß kleinen
1437 674 2204 834 maths j Jost von Gießbach der Burgeren
1401 723 2177 896 zund perr Großweibell früttig in
1430 771 2258 937 by syn etlichen weiblen zu Marzil gammen
1443 822 2072 965 ehrden, daselbsten sy verzächen
1447 955 2222 1105 ach dem eyisich ven schinen weyens deß 19.
1435 1042 2186 1168 Jahrs, mitt gesagtem melcher Ruch, in
1537 1089 2245 1193 e vepflichtet, were derselbig hernach
1420 1138 2224 1264 In ein eswäer erancscheidt gefallen.
1452 1190 2233 1302 nd aaß sy eine (rederenter zmelden
1464 1243 2231 1372 yn waßer gan Sollothurn thragen sellen
1456 1286 2201 1417 habe ihro synes brruder wyb drey bätzen
1454 1352 2246 1473 geben, mißenatz zu Sollothinen zu khauffen
1465 1426 2215 1496 war zu sy aber sölliches brüher wellen
1454 1464 2228 1572 sye ihra ganz unbekhandt, welche ic
1445 1515 2231 1626 batzen sy gefangne genommen und dieselben
1457 1567 2257 1668 zu Sollothuren eigen man der reg
1464 1614 2254 1707 solliches müßean daselbsten gekchanfft,
1470 1678 2237 1744 nach dem si aber widerumb anlenmbst
1443 1725 2252 1821 worden habe sy by einer arbs groß vogt
1464 1782 2264 1876 dißerem geschaufften ußenat behalten.
1470 1831 2220 1923 dß uberig aber alles ihres mans
1479 1897 2264 1967 gender wyl, für welche sy danslliche
1473 1942 2217 2018 ehaufftn lapen zugestelt, daruff nu
1477 1988 2229 2071 abe sy zwar daß behaltene so einer
1486 2042 2208 2123 erbs gro� gsin, ihrem ehman in dast
1497 2082 2271 2180 nu� gethan, habe aber daselbige hernac
1491 2136 2213 2240 abber geeßen dann in dißem fahl
1482 2167 2272 2292 sann unbthinde und gantz nit gewiht
1451 2235 2259 2325 waß solche mattern wurcken werde.
1500 2275 2234 2386 sonst pätte sy söllich es by wytten
1506 2310 2282 2441 it selbs geeßen, sy sye aber gychwol
1489 2363 2250 2484 harufft os deyeo tagen umb etwas
1500 2402 2281 2547 vorauff worden, Eß habe
1497 2453 2286 2593 sich dißers gscheffts nitmand wedert
1487 2488 2266 2641 fnönthen nach vych entgolten dan
1497 2561 2262 2708 Niemandt sanon weder kranche
1569 2612 1663 2667 der
1660 2624 2259 2746 d geschwyge gestarben
1759 2677 1842 2739 d
