2448 3264
500 646 1195 770 syn, Eß sye Ime aber wegen lenge der
516 702 1171 819 zyos seigendtlichen nit mehr anwie
763 764 804 811 2.
540 796 1190 911 aß ein zwar zu Christen moßers zu
519 862 1247 954 anttzigken, by dem erdomalen gedienet
512 886 1242 1024 zusfrauwen nachts zum fenster hingen
531 959 1221 1062 geschloffen, zu Ihra fur das beth komen
534 1023 1196 1108 esaber eire schumpf gsin, gann er
532 1077 1218 1165 habe sich mützet mit ihra vergangen.
516 1111 1230 1221 wie sy dann zu söllichem mit ime
474 1183 976 1263 Sber eistmucht
813 1234 853 1294 3.
510 1258 1262 1382 Subergen halben, habe er sich syn haben
538 1336 1227 1428 lang mit kheinen wybd personen
543 1398 1236 1478 innemalen veppig vergangen, allei
520 1449 1241 1532 und eintzig mit d arbell heim
565 1500 1229 1592 elche er geschwengeret, und sy
567 1553 1234 1645 chan auch albereith abgebüst, wie
558 1602 1211 1692 auch syn läben lang nie nizit
550 1663 861 1757 entfr�mbdet.
873 1682 941 1750 4.
446 1716 1226 1839 Wab das syn besucht der Jantz kützen
555 1799 1235 1895 anbelanget, habe er syn laben lang
542 1839 1217 1959 in zit gedantzet, aber woll ein
551 1902 1258 1995 mall geseidt, alß man ime vorgehalten
558 1967 1269 2058 sr müße vor chorgricht dann sine
565 2025 1258 2119 loehten müßinde imwegg, habe er
560 2064 1241 2204 gseidt, waß er darnach frage eß
558 2115 1262 2247 mage ime s reuerentor zmeld.
552 2213 1105 2322 blaßen, wei da welle
512 2280 1251 2427 zin das kunffte zeigt ei an, gaß erauch
551 2322 1265 2455 umb das abendt brott der dienstmagte
561 2384 1250 2523 In bewirts synes wdr huß in der stalt
554 2441 1244 2552 under geworffen, daß er aber
551 2495 1238 2616 derselben heimliche har ußgezogen
565 2519 1263 2664 sond dieselben dem müller gnecht
552 2588 1262 2737 In sey milch zu essen gelegen habee
579 2654 1271 2784 sölliches nit gethan, wan der müller
579 2688 1283 2848 auch sölches nit sagen werde, welche er
584 2766 1225 2910 auch darüber sechs machte
2072 550 2141 611 21
1649 612 1697 697 6.
1424 614 2199 772 O aß demnach er eylhers vnd vermuert
1374 684 2205 829 möchte geredt haben oder ußgoßen sye sol
1438 731 2210 885 lches ales uß fazwerkkt und gantzheidt
1386 798 2201 926 und zu sheinem boßen nit, wie auch das
1425 851 2198 960 obstende, geschechen, dan er syn läben
1430 900 2196 1017 lang vor ve einem corgricht nit gsin.
1431 977 2051 1069 ann zu munßingen und alhie
1457 1097 2204 1224 onsten habe er sillen meisteren erlich
1453 1166 2218 1284 gediennet, Insonderheidt aber letstlichen
1466 1212 2186 1319 zu minsigen, vor wienachte zu
1450 1267 2126 1368 buntzigken obgemelt und aiet
1449 1309 2189 1411 darvor zu Copplingen, wie auch zu
1460 1391 1603 1469 ünigen
1385 1484 2235 1573 Haruff iu hatt er pochgenampt
1463 1530 2219 1627 s 2h ganntz etrungenlich von synes
1457 1576 2231 1686 erlichen geschlechtes und syner jugendt
1479 1652 2192 1741 egen ime gnädig zu sne gebätten,
1450 1704 2210 1798 das er sich in dans sehünfftig ehrlichen
1470 1764 2150 1854 verhalten, vnd mit werchen
1467 1820 2202 1909 für bringen wölle, mit dem
1465 1871 1856 1947 hilff Gottes
1419 1929 2186 2047 Ist einmal fär einmal mit
1418 2020 2183 2110 dem kleinem stein uend einmal
1452 2075 2153 2185 mit zweyen Steinen vfzogen
1470 2126 1657 2188 vorden
1456 2162 2175 2289 isber Hans Gfeller ist uff dem
1487 2230 2176 2327 Jo martii 1651 jars uff ein
1471 2280 2196 2377 gute Censidr und abtrag eostenns
1400 2306 2173 2442 und ledig gelaßen worden.
