2448 3264
373 496 431 548 20
505 564 1242 715 Ziuorgeschribner Hans Byren
570 616 1212 742 ächter und aam w
569 656 1162 746 und den 26. debruarn 16
562 693 947 773 ars uff abtrag de
971 729 1240 796 Kelfieostens
559 724 1178 820 fals sy denselben zubebalen
561 764 1256 866 abindt, item uff ein starcke Censur
537 799 1256 904 und vermanung zu begeren weset
551 846 1209 924 gie auch uff ei gelübdt lie, das
569 869 1250 961 y ire vygestandene gfangenschafft
552 904 1182 981 han niemand rechen wollmnt
539 938 1228 1026 und demmach auch das sy das alls
551 988 1238 1054 woluerdienter mgen einrsge¬
531 1013 1235 1081 machte sach blyben laßindt, zwar
533 1042 1199 1113 re und ledig gelaßen, ihnen aber
558 1101 1219 1150 alle wyn und wirtszuzerver,
565 1123 1178 1185 gotten, vnd vff geradhe, en
600 1156 1210 1213 ynbare bzeegung den dydt
577 1172 1181 1256 für der Burgeri Zill
555 1224 1159 1304 heins gegeben worden
687 1424 1136 1530 Harbli Gertg Bor
706 1483 1071 1581 Oster mnndigl
505 1665 1229 1770 Benmog B. G. Benckchs. Ist
561 1736 1234 1819 Gesterigen tags den 28. fecb a mor
560 1793 1235 1884 durch die bbremtsten 4 f f wetten herren
569 1837 1233 1924 s JoHanß Greyß deß ratls de abrahan
571 1888 1223 1981 würstenbegger und e da roßweibel
581 1935 1233 2040 ühtig, die goben verhaffte kandlin
561 1989 1218 2083 Gewig, alhie zu Marzli mit an
594 2032 1221 2136 rendung. Deß nachrichters sien
593 2067 1241 2205 geschribner Mautter, Craminiert
586 2135 1238 2248 woreden, welche jann bekhendt, undver
579 2207 1003 2313 chen also hernach statt,
606 2303 1212 2437 amlichen und deß ersten, habe sy sich
543 2363 1244 2500 gort etwas jahren, alsie uff der ober
573 2417 1234 2548 bleicben ein stüre auch genommen, daselig
1134 2504 1237 2583 ihre
581 2460 1227 2592 einen gwüßen wybs pershyn un
577 2527 1136 2662 juneteren gaßen, (welche
571 2576 1205 2714 unbekhandt, s Die ellen e 5
581 2609 1232 2776 vverschaufft von welchem gelt
1350 919 1399 976 E
1425 882 1459 924 x
2134 496 2174 533 2
1443 571 1993 687 shro stahzit worden, da eumb
1451 621 2089 717 alsie in der gfangenschafft gelege
1458 660 2206 776 vnd vff ein gutt censat widerumb
1454 729 1895 840 ledig gelaßen worden,
1473 827 2216 949 un Gelpp vor ettwas zetts ein hafft
1454 880 2242 1002 einer gwüßen person verkhaufft, welliche
1456 938 2209 1058 aber ihra darch ein anderer wybs p son
1457 985 2257 1120 odieselbige söllichen ander enthrombdet über
1450 1044 2194 1169 anthworttet, habe deßwegen sy auch
1450 1108 2168 1226 ie stiraff der gfangschafft ußgestannen
1447 1219 2203 1333 seine zu seilchdorffe mit olff shwere
2001 1285 2195 1359 mmse
1463 1292 1996 1394 thoilen, welche sich verena
1467 1347 2218 1456 sß dem argauv daßotzte und ihren
1476 1398 2207 1504 gnamen ihro unbekhandt, ein jacrbel
1478 1443 2208 1561 genommen, gahelbig gan Silterfingen getragen,
1463 1521 2206 1610 werliches aber dem jengen den sy eß
1428 1575 2247 1667 egraomen widerumb eber ancwosettet
1411 1647 1643 1720 orden
1467 1756 2201 1875 Item by der Brngg zu Sniß Burg von
1480 1836 2211 1935 einem buren luß hr verfingen gann
1485 1895 2231 1993 abs einer stangen entzucket, dahelb zu sh
1443 1924 2212 2059 zershaufft und sye domalen ghenchlich
1473 2006 2260 2119 ergrisen, hernach mit ruthen ußgevmettzt
1446 2031 2212 2148 und mitt dem eidt von statt und land
1473 2097 1971 2180 verwißen worden
1464 2199 2234 2338 u Bzumplitz nechtlich wyl mit hol
1408 2297 2227 2417 Bargemelter ihreer ghoalen erstvor
1475 2340 2209 2458 acht tagen, dem wurfft und zurbbett
1480 2400 2182 2520 geudmen, solliches alhie der müßlenen
1480 2452 1962 2559 Vmb ein fronen Gehonfft
