2448 3264
578 527 1244 715 Fnr Satieg e
758 598 900 665 bach
478 603 1236 768 H�ber diß ist auch ußbentlich vgden durch
545 662 1260 836 zir und wolentmeite herren gester
553 726 1257 876 tags Jacob Gastwy synes fürgeben
570 793 1271 943 a Ober dießbach gethaufft zu Margl
551 819 1267 999 examinert worden, welcher beltendt.
548 908 1264 1026 dans ei vone ungefahr Fryen haren
576 965 1274 1105 von Froüwenbrunen alseir in die ghan
566 1039 1268 1139 schafft geschickt und uff syn domalige
555 1092 1268 1214 berhandtmns mit ruthen ußgeschmeitzt
570 1148 1236 1254 orden, siderhanaben, habe er sich
569 1201 1266 1311 mit diebstalen und anderen untar
559 1275 1243 1370 nit dythers vergriffen, dann, das er
564 1336 1248 1441 vor etwas gotts am Bucheberg
566 1411 1274 1498 mit helff eines synes gnomen, so jetzung
550 1465 1284 1550 zu Hungdorff gfangen syn soll ein
540 1515 1281 1611 caipen gestolen und die ermeltem synen
570 1590 1256 1672 gspamen umb 14 h ushanfft habe.
539 1707 1283 1801 ach dem aber synem nammen und ornor
571 1779 1261 1877 gethanen vergicht in den turn buchern
546 1816 1271 1927 siche etlich dahreen Jahar nachgeshlag
567 1889 1263 1995 sond ersucht worden, hatt man
554 1957 1079 2061 doch saitzit knden können
768 2041 809 2073 e
538 1999 1274 2123 Ist den 17. novembris 1631 jarb
510 2068 1256 2174 Sin das Schalltenwerck erkent
685 2289 1184 2404 Anna Mearye ein
684 2333 1205 2459 Krämeri vgei wirten
669 2407 998 2498 berger landt
468 2445 1256 2600 ero Anna Marya ist den 21.
460 2476 1282 2655 Nonembeis, den 1631. Jahrs, mitt
582 2512 1232 2662 enchen uogaschmeitzt und dem
572 2547 1273 2712 von Ir genagen statt: vnd Landen
1228 2636 1302 2683 aler
457 2573 1305 2787 s verwigen worden, Sie ersachnun deße
598 2593 1307 2784 st. Bas sy uff Glartim marit digers
553 2650 1233 2840 Jtarb Fukle faltsche Costentzer ih
2090 508 2151 554 66
1402 564 2116 747 verwechsolet, jedon über ungericht s
1710 620 2133 720 efeert und daselbstan
1402 637 2166 785 ganni manter befagt
1396 686 2154 841 worden, wannen har sy die selben
1410 736 1659 815 by tröien
1406 699 2236 881 habe oder wer die selben gentacht hirbe
2051 752 2237 835 die sal be
1417 763 2113 910 in keinen wege etwas bekennen
1391 798 2027 939 wollen, sonders vermeldet, si
1425 854 1976 974 Ien ihrem heimat unwu
1390 861 2222 1018 dieselben faltsich syendt uffgewechthet
1403 1001 1552 1061 habe.
1462 1016 2120 1150 Ulrich Borger prrlig
1405 1085 1455 1164 1
1540 1088 2098 1210 vsem Aurholter Berg
1401 1145 2239 1270 In gegenwurtigkeit der Eherenuesten
1378 1177 2246 1303 fromen etc. H Jogans Rudolff Steit
1418 1219 2242 1327 des kleinen rchats als verordtnen
1426 1259 2221 1363 execuminatoren item  Rudolffen
1414 1297 2209 1390 von Wätenwyl und h Grotzwigel
1433 1337 2208 1424 illiers hat uff dem 25. hornungs
1419 1385 2136 1457 Die 1632. jars der gefangene
1421 1420 2195 1486 Ulrich Berger, vgem Biholterbrg
1413 1446 2167 1537 wegen erhienor Ulli wälen, zum
1424 1492 2248 1563 Rentz alhie sin wehee und hüeentwand
1425 1525 2219 1589 nd damit von dannen zim Räb
1410 1560 2189 1637 luchen gangen daruber ergrisfen,
1418 1596 2251 1669 und gethencklichen angenommen worden
1412 1638 2170 1703 alhie zu erlarzel theils on und
2085 1673 2172 1719 der
1434 1674 2068 1742 heills auch durch anwendung
1425 1712 2225 1782 arter hienachvolgende bekamt-
1406 1752 1667 1813 nng gethan.
1398 1794 2246 1856 lamlichen er habe daheien Mathes
1428 1845 2245 1918 Berger uo der stuben ein halb mal
1434 1888 1805 1951 ancken genomen
1407 1939 2243 2020 Albermalen vffem Aiholterberg, Hans
1433 1981 2179 2053 Büngerich ein schafentfrombdet,
1430 2028 2219 2092 wie auch noch dey krowen welche
1440 2056 2115 2137 er aber wider geben musent
1425 2101 2178 2192 zu Röegenbach einem genannt
1435 2145 2250 2246 fücher ein beiß, wolche er gemetzget
1416 2203 2191 2305 Weee uffem Bucholterberg einem ein
1425 2247 2195 2351 weher, daßelb abe auch wider geben
1421 2282 2246 2409 Demnach habe Hans Intzi, anderst sye
1440 2332 2182 2434 er Ime nie bekant zu Rothenbach
1449 2368 2238 2483 ein spycher uffgebrochen und er ge
1457 2398 2170 2504 fangene daselbsten uff der wacht
1454 2444 2267 2550 geshanden, sy wellchem spycher ime
1463 2498 2168 2578 ytangenen ein hue vermeltem
1439 2514 2180 2623 Intzi aber ein bar hosen worde
1434 2567 2237 2658 welches er gefangene nit than, wann
1455 2601 2224 2701 nie angelsfaner jutz inne zu die
1457 2630 2225 2743 rieprich sunst zustälen angemant
1445 2663 1554 2718 harre.
