2448 3264
679 586 1004 693 Dernrerchon
546 624 1264 825 Sie gans sy sich, Letss nene snen herrstes
609 721 1242 861 In ir gschweltschen ande mit
612 803 1260 920 gwüßen herren allie rabmans
624 847 1264 967 ohn, in unkhünschleide verdrabt ed
605 899 1262 1027 von demselben schwanger worden.
566 968 1268 1101 Deßwegen aller gebür nach, ihri
600 1031 1278 1149 dienicht zu ehren zuchen söllen, sal
627 1082 1272 1190 eß aber (lenen) nit anders be
635 1134 1270 1230 fietziget, vnd erstattet, weder
641 1198 1277 1306 sy erstlich, wann man sy gefrach
621 1252 1274 1367 Ob sy schwanger sye, wns gantz
614 1327 1274 1412 fahre duech gelaggnet und deßen
627 1373 1272 1470 nit gestendig syn wellen, sonder
611 1430 1277 1530 deß auch ein gneüßes tranck ge
593 1482 845 1574 Trnncken,
591 1606 1274 1692 emnach ihn der gnist selbs, hette sy
628 1679 1284 1746 ach dem exempel allen wedigen mi
589 1716 1302 1805 ei, welche ihre lybsfrücht begerent
624 1771 1280 1864 zu ehren zu zachen und nit zumerthiß
597 1820 1297 1922 Ouch sollen der hebamen und andeeen
591 1870 1289 1981 Wybern mehr begegen und dieselben
618 1926 1296 2030 zu ihro zu khomen heißen, welch
630 1971 1292 2088 sy abermalen nüt geschan, sonderb
627 2025 1295 2120 dißers gschefft also verschwggen und
617 2099 1294 2190 verhalten wellen, Janenhar Jan
599 2131 1310 2256 uß ihrer unkhönenheide, daß khad vos
584 2181 1293 2338 Ihio, vff die Tiegel Jushusli gefalt
588 2256 1281 2384 und alß sy es ufgehegt, schon gestorten
615 2304 1307 2444 gsin, welches sy haauff in ihr für
627 2376 1304 2512 thuch yngewieklet und ihn ihr trog
572 2416 1298 2570 uuff einem züber, darin ihr gewa
561 2486 1302 2637 Bad ein wenig waßers gsin, gelegt
587 2532 1307 2697 und volgendes gen twag wider beschloßn
576 2603 1316 2766 Auch deß morgens ihrer gengt sich
2017 511 2093 578 84
1391 569 2206 756 mit arbritten i gem huß also verhalten.
1413 674 2162 849 glychsam alß wann ihron niemalen
1414 718 2162 883 dißere sach betreffende nützit geschechen
1423 789 2182 932 nehre und giennt hindan gesetzt, aolle
1411 849 2207 1003 nutterliche Eunegung gegen Ihren kiden
1373 920 2188 1058 wüsenthafft wider alle gottliche und
1379 965 2188 1125 weitliche gesatz, gehandlet und verfält
1410 1271 1491 1333 s
1408 1303 2124 1434 sölliche der gedachten vermein
1415 1383 2118 1461 Hirsinger, alhie gegenwurtig
1424 1406 2175 1496 hoche, schwäre, vnd grobe verbrachte
1415 1466 2209 1541 Nißhandlungen, habendt nun
1439 1504 2198 1592 onedig herren schuldtheig, shat.
1422 1550 2211 1631 und zurger disser loblichen stat
1417 1589 2147 1669 Iern, vff Ihren Eydt, zu Racht
1427 1647 2017 1730 erkendt, vnd gesprochen
1592 1708 1739 1802 Doch
1394 1759 1515 1865 mann
