2448 3264
390 572 535 644 sG
646 674 1127 798 Carya Clar
641 813 1244 951 montag des 9. meyens diß
634 873 1255 1005 531 jars in by syn ansören und
609 933 1236 1045 gegenwürt gkeit der ehrenütschen
779 990 1261 1095 geachten, wyß sh virlanh
619 990 1252 1150 dislchbergers deß kheinen ratshr
686 1080 1223 1180 laub jenehrs der bergern
620 1130 1261 1225 nd h vatter frutigs gohsweiben
609 1180 1239 1283 sampt etliche, weiblen, hochedacht
603 1243 1252 1326 Ir ge dieners etc. Haten geset würtig
600 1300 1261 1370 Naria Glur gurstig vor dem Wal
616 1334 1251 1438 In der ametyung arbung jetz
586 1383 1238 1468 Felstlich aber wonhafft gewesen
615 1432 1265 1523 uf dem berg by frauwenarwellen
625 1485 1266 1578 alsie in marziki, hienachgeschriben
657 1536 1256 1626 hwares mißhandmüghe un
620 1583 1268 1666 hatten die bstähl und zugaffbeken
608 1628 1253 1722 und verfachrt, wie auch dieselben
635 1679 1256 1772 as der manter Confirmisrt
624 1734 1145 1822 erhalten, vnd bestattiget
684 1865 1141 1951 AlsNamlichen
587 1939 1245 2042 Das sy vor etwas zeits ußmane
618 1997 1236 2084 hoch ehrenden sennerahri
624 2028 1269 2140 hortzen kuchl etliche jungs bhutt
612 2103 1236 2195 inder Is die Schur uf die Bün
653 2151 1263 2244 etragen und alda is das haüw
591 2198 1267 2310 sliche hernach hinweg zunemt
628 2269 1250 2361 vsterkt, were aber darob er
617 2320 1266 2408 deiret und albereit in die gfang
622 2373 1097 2465 schafft gelegt worden,
621 2439 1275 2546 Heimnach als y vor etlichen jact
599 2480 1277 2612 In cofangen berenet habe derselbe
617 2531 1267 2657 man, welcher liederlith seisb
2015 538 2110 604 45
1338 784 2122 922 Vngefahr 13 gulden In ein Eyner
2095 830 2146 915 1
1458 853 2080 967 srgen, vnd deß fraur hernach
1452 899 2160 1002 ffaugne, die sellhen daruß zunemen
1358 947 2123 1068 geheißen, welches sy gethan und soliched
1356 963 2202 1093 troßigen geben, der mahn aber vermeint
1367 1036 2174 1144 sy gefangne soliches gelt entfraumbdet
1380 1090 2177 1208 dershalben were sy gelaußen, vnd aber
1374 1148 2177 1252 glychhernach widser hedig gelaßen
1376 1239 1550 1294 Wolet
1359 1259 2201 1374 unlang, hernach habe sy zu kündts etw
1380 1330 2132 1417 wenig knckes und spitzs genommen
1370 1387 2218 1460 darumb mah si auch allse Ingefangen,
1383 1430 2153 1525 haff gelegt und volgents nach faßsen
1394 1475 2172 1557 andner Marter deß dumgsens
1389 1522 2239 1625 uf ein gute consus ider leßig gelaßen.
1350 1641 2200 1768 Welches aber by ira nit anderst erhoßen
1391 1717 2213 1810 weder das sy haruf sich is ein gwrüßes
1400 1776 2181 1855 uß alhie zo der statt, verschlaren In dem
1380 1810 2222 1905 Kseller brot ancken und käd entwent,
1374 1850 2189 1961 daruachhind In die stuben gegangen midt
1398 1907 2199 2002 einem deser ein genterli gelt oder
1410 1951 2200 2064 nders zusuchen, vfbrechen wollen, were
1398 2001 2140 2109 aber darvo ertriffen, aber malen
1393 2061 2211 2166 al sie gelangen qnonmen, vnd volgrihs
1410 2091 2139 2212 AlTarzii mit anrendung der
1395 2141 2120 2266 doctur gemannert worden, alda
1401 2176 2222 2339 bkent das seinem Buren zu aleren
1403 2232 1979 2347 ein eacheh entfrämkdet
1361 2327 2212 2498 Item it 3 sich des dienes entzogen
1389 2394 2207 2554 vnd sein Ealtehnachgangen, etwas
1385 2447 2187 2594 bolt wo sy kamensten Buren Vsden
1387 2488 2035 2623 Körben uffem veldt genomen
