<?xml version="1.0" encoding="UTF-8" standalone="yes"?>
<PcGts xmlns="http://schema.primaresearch.org/PAGE/gts/pagecontent/2013-07-15" xmlns:xsi="http://www.w3.org/2001/XMLSchema-instance" xsi:schemaLocation="http://schema.primaresearch.org/PAGE/gts/pagecontent/2013-07-15 http://schema.primaresearch.org/PAGE/gts/pagecontent/2013-07-15/pagecontent.xsd">
    <Metadata>
        <Creator>prov=University of Rostock/Institute of Mathematics/CITlab|PLANET AI GmbH/Gundram Leifert/gundram.leifert@planet-ai.de:name=German_Kurrent_XVI-XVIII_M1(htr_id=19584)::::v=2.6.7
prov=University of Rostock/Institute of Mathematics/CITlab|PLANET AI GmbH/Tobias Gruening/tobias.gruening@planet-ai.de:name=de.uros.citlab.module.baseline2polygon.B2PSeamMultiOriented:v=2.6.7
prov=University of Rostock/Institute of Mathematics/CITlab|PLANET AI GmbH/Gundram Leifert/gundram.leifert@planet-ai.de:name=German_Kurrent_XIX_M1(htr_id=19829)::::v=2.6.6
prov=University of Rostock/Institute of Mathematics/CITlab|PLANET AI GmbH/Tobias Gruening/tobias.gruening@planet-ai.de:name=de.uros.citlab.module.baseline2polygon.B2PSeamMultiOriented:v=2.6.6
prov=University of Rostock/Institute of Mathematics/CITlab|PLANET AI GmbH/Tobias Gruening/tobias.gruening@planet-ai.de:name=/net_tf/LA73_249_0mod360.pb:de.uros.citlab.segmentation.CITlab_LA_ML:v=2.6.6
Transkribus</Creator>
        <Created>2020-10-09T14:48:50.428+02:00</Created>
        <LastChange>2022-09-09T15:28:33.880+02:00</LastChange>
        <TranskribusMetadata docId="1334817" pageId="52359836" pageNr="59" tsid="114641589" status="IN_PROGRESS" userId="9570" imgUrl="https://files.transkribus.eu/Get?id=CNOSWOXQKNXCXHTRWVTVZDVG&amp;fileType=view" xmlUrl="https://files.transkribus.eu/Get?id=IQRGYDYZDWJDAIQITJLDDXQL" imageId="16363693"/>
    </Metadata>
    <Page imageFilename="Untitled document_00271-20200923_104546.jpg" imageWidth="2448" imageHeight="3264">
        <ReadingOrder>
            <OrderedGroup id="ro_1687513786202" caption="Regions reading order">
                <RegionRefIndexed index="0" regionRef="r1"/>
                <RegionRefIndexed index="1" regionRef="r2"/>
            </OrderedGroup>
        </ReadingOrder>
        <TextRegion orientation="0.0" id="r1" custom="readingOrder {index:0;}">
            <Coords points="564,699 564,2901 1286,2901 1286,699"/>
            <TextLine id="r1l1" custom="readingOrder {index:0;} person {offset:0; length:14;}">
                <Coords points="674,710 784,734 869,719 947,766 1023,753 1064,764 1078,758 1082,726 1049,725 972,675 944,684 890,671 823,692 775,643 679,655"/>
                <Baseline points="678,723 704,720 730,720 757,719 783,720 810,721 836,724 862,728 889,732 915,735 942,738 968,743 994,747 1021,750 1047,752 1074,753"/>
                <TextEquiv>
                    <Unicode>Dlidtli Sissin von</Unicode>
                </TextEquiv>
            </TextLine>
            <TextLine id="r1l2" custom="readingOrder {index:1;} place {offset:0; length:9;}">
                <Coords points="782,793 822,786 830,793 854,782 878,803 920,788 952,810 978,813 1024,801 1027,775 1014,768 993,768 979,758 938,765 921,761 900,736 888,742 882,736 867,747 845,733 838,738 826,723 791,725"/>
                <Baseline points="792,756 817,761 842,765 868,768 893,773 918,775 944,779 969,781 994,784 1020,788"/>
                <TextEquiv>
                    <Unicode>Gsfingenn</Unicode>
                </TextEquiv>
            </TextLine>
            <TextLine id="r1l3" custom="readingOrder {index:2;}">
                <Coords points="558,867 801,873 831,898 994,891 1034,922 1096,905 1242,941 1249,914 1093,851 980,854 899,826 716,848 567,781"/>
                <Baseline points="564,857 597,858 631,859 665,861 699,863 733,866 767,869 801,871 835,874 869,878 903,880 936,884 970,888 1004,891 1038,895 1072,899 1106,904 1140,909 1174,914 1208,919 1242,924"/>
                <TextEquiv>
                    <Unicode>uff mittwochen den 18. apprilis diß a6 82</Unicode>
                </TextEquiv>
            </TextLine>
            <TextLine id="r1l4" custom="readingOrder {index:3;}">
                <Coords points="1211,901 1220,904 1221,903 1233,909 1236,909 1250,856 1244,855 1239,858 1238,855 1231,856 1229,854 1223,853"/>
                <Baseline points="1218,896 1233,900"/>
                <TextEquiv>
                    <Unicode></Unicode>
                </TextEquiv>
            </TextLine>
            <TextLine id="r1l5" custom="readingOrder {index:4;}">
                <Coords points="584,915 724,908 788,943 844,910 891,950 959,930 1062,968 1132,945 1214,969 1229,936 1152,907 1026,917 995,892 830,898 801,873 589,859"/>
                <Baseline points="591,897 622,899 654,901 685,904 717,906 748,908 780,911 811,912 843,915 874,918 906,920 937,924 969,926 1000,929 1032,932 1063,935 1095,940 1126,945 1158,948 1189,953 1221,959"/>
                <TextEquiv>
                    <Unicode>farb inn bysyn anhören und gegenwürtig</Unicode>
                </TextEquiv>
            </TextLine>
            <TextLine id="r1l6" custom="readingOrder {index:5;}">
                <Coords points="579,962 902,970 954,1006 1080,985 1129,1020 1181,997 1224,1023 1258,1021 1261,977 1128,946 1049,966 957,931 905,954 844,910 790,944 582,914"/>
                <Baseline points="585,951 618,953 651,954 685,956 718,957 752,960 785,962 819,963 852,965 886,968 919,970 952,972 986,975 1019,977 1053,980 1086,984 1120,987 1153,991 1187,996 1220,999 1254,1004"/>
                <TextEquiv>
                    <Unicode>Kheyth der ehranuesten, fromen fürnemmliche</Unicode>
                </TextEquiv>
            </TextLine>
            <TextLine id="r1l7" custom="readingOrder {index:6;} person {offset:31; length:12;}">
                <Coords points="561,1012 648,1004 708,1029 835,1012 936,1050 1044,1030 1239,1071 1242,1021 1191,998 1129,1018 1067,993 949,1006 891,969 780,993 616,958 564,972"/>
                <Baseline points="567,1007 600,1005 633,1004 667,1004 700,1004 734,1005 767,1005 801,1008 834,1010 868,1012 901,1015 934,1018 968,1020 1001,1024 1035,1027 1068,1030 1102,1033 1135,1035 1169,1038 1202,1040 1236,1041"/>
                <TextEquiv>
                    <Unicode>Wolgearhtenn Wyssen herremn fr Jacob Kochen</Unicode>
                </TextEquiv>
            </TextLine>
            <TextLine id="r1l8" custom="readingOrder {index:7;} organization {offset:4; length:13;}">
                <Coords points="564,1070 806,1061 854,1087 973,1075 995,1100 1096,1084 1157,1119 1219,1102 1221,1071 1123,1068 1043,1030 937,1051 834,1012 651,1040 567,1011"/>
                <Baseline points="570,1058 602,1056 634,1055 666,1055 699,1055 731,1056 763,1056 795,1059 828,1061 860,1063 892,1066 924,1068 957,1070 989,1073 1021,1075 1053,1078 1086,1081 1118,1083 1150,1085 1182,1085 1215,1086"/>
                <TextEquiv>
                    <Unicode>deß kleinen Raths, alls geordnetten herrn</Unicode>
                </TextEquiv>
            </TextLine>
            <TextLine id="r1l9" custom="readingOrder {index:8;} person {offset:26; length:16;}">
                <Coords points="585,1111 875,1114 920,1145 962,1122 1097,1128 1166,1162 1248,1138 1250,1102 1159,1120 1091,1085 995,1101 973,1075 887,1094 830,1071 789,1088 587,1066"/>
                <Baseline points="591,1101 623,1101 656,1101 688,1102 721,1103 753,1104 786,1106 818,1107 851,1108 883,1110 916,1112 949,1114 981,1117 1014,1119 1046,1122 1079,1124 1111,1127 1144,1130 1176,1133 1209,1136 1242,1139"/>
                <TextEquiv>
                    <Unicode>examinatoren, Item herren niclaus Bachmans</Unicode>
                </TextEquiv>
            </TextLine>
            <TextLine id="r1l10" custom="readingOrder {index:9;} person {offset:35; length:7;}">
                <Coords points="567,1167 671,1155 714,1185 766,1153 884,1152 1041,1196 1187,1178 1250,1208 1252,1161 1163,1161 1084,1127 918,1143 873,1114 685,1134 570,1117"/>
                <Baseline points="573,1157 606,1154 640,1152 673,1149 707,1148 741,1148 774,1148 808,1149 841,1150 875,1152 909,1154 942,1156 976,1159 1009,1162 1043,1165 1077,1169 1110,1172 1144,1175 1177,1179 1211,1182 1245,1184"/>
                <TextEquiv>
                    <Unicode>Der Bürgeren unnd herr Großsweybel Cillier</Unicode>
                </TextEquiv>
            </TextLine>
            <TextLine id="r1l11" custom="readingOrder {index:10;}">
                <Coords points="573,1218 753,1203 806,1231 864,1204 909,1233 988,1212 1085,1250 1247,1238 1218,1186 1107,1201 883,1163 852,1185 784,1162 727,1184 624,1153 576,1163"/>
                <Baseline points="579,1202 612,1200 645,1200 678,1199 711,1199 744,1200 777,1200 811,1202 844,1203 877,1205 910,1206 943,1208 976,1211 1009,1213 1043,1216 1076,1219 1109,1221 1142,1223 1175,1226 1208,1229 1242,1232"/>
                <TextEquiv>
                    <Unicode>sampt ettlichen weyblen hochgeacht urdn</Unicode>
                </TextEquiv>
            </TextLine>
            <TextLine id="r1l12" custom="readingOrder {index:11;} person {offset:29; length:11;}">
                <Coords points="564,1280 702,1256 852,1279 986,1264 1017,1298 1077,1263 1143,1305 1247,1284 1248,1242 1175,1232 1127,1253 972,1218 619,1238 566,1221"/>
                <Baseline points="570,1254 603,1253 637,1251 670,1251 704,1251 738,1251 771,1251 805,1251 838,1253 872,1253 906,1254 939,1256 973,1257 1006,1260 1040,1262 1074,1263 1107,1266 1141,1269 1174,1272 1208,1274 1242,1277"/>
                <TextEquiv>
                    <Unicode>Dieneren, hatt gegenwürtiger Aggli Ryser</Unicode>
                </TextEquiv>
            </TextLine>
            <TextLine id="r1l13" custom="readingOrder {index:12;} place {offset:4; length:9;}">
                <Coords points="582,1319 743,1314 780,1338 874,1309 995,1340 1080,1314 1262,1336 1262,1301 1213,1284 1153,1298 1099,1279 1062,1300 1018,1298 983,1264 955,1283 831,1268 787,1285 698,1265 649,1289 584,1266"/>
                <Baseline points="588,1308 621,1307 654,1305 688,1304 721,1304 755,1302 788,1302 822,1302 855,1304 889,1304 922,1305 955,1306 989,1307 1022,1308 1056,1310 1089,1313 1123,1314 1156,1316 1190,1319 1223,1320 1257,1322"/>
                <TextEquiv>
                    <Unicode>von offlingen, hienachgeschribne vilfaltige dieb,</Unicode>
                </TextEquiv>
            </TextLine>
            <TextLine id="r1l14" custom="readingOrder {index:13;}">
                <Coords points="585,1365 721,1353 800,1381 969,1357 1029,1391 1099,1363 1209,1394 1262,1373 1262,1335 1192,1319 1083,1335 1049,1317 993,1340 846,1316 784,1337 585,1320"/>
                <Baseline points="590,1356 623,1355 656,1354 690,1353 723,1353 756,1352 790,1352 823,1352 856,1353 890,1353 923,1353 956,1355 990,1356 1023,1356 1056,1358 1090,1359 1123,1359 1156,1361 1190,1362 1223,1364 1257,1365"/>
                <TextEquiv>
                    <Unicode>stäl, wie auh ein verbrachtes mordt, allhiezu</Unicode>
                </TextEquiv>
            </TextLine>
            <TextLine id="r1l15" custom="readingOrder {index:14;} place {offset:0; length:8;}">
                <Coords points="590,1434 954,1406 1065,1433 1157,1412 1246,1433 1246,1387 1209,1395 1181,1370 1097,1391 893,1360 813,1384 752,1361 590,1379"/>
                <Baseline points="596,1415 628,1412 660,1410 692,1407 725,1406 757,1405 789,1404 821,1403 854,1403 886,1403 918,1403 950,1403 983,1403 1015,1403 1047,1404 1079,1405 1112,1406 1144,1407 1176,1409 1208,1410 1241,1412"/>
                <TextEquiv>
                    <Unicode>Marzilli bekenndt unnd verpächen und solches</Unicode>
                </TextEquiv>
            </TextLine>
            <TextLine id="r1l16" custom="readingOrder {index:15;}">
                <Coords points="586,1476 903,1482 937,1466 1188,1496 1241,1466 1241,1436 1136,1419 1074,1439 972,1412 852,1439 801,1423 699,1446 654,1424 585,1434"/>
                <Baseline points="591,1467 623,1466 655,1464 687,1463 720,1461 752,1460 784,1459 816,1458 849,1457 881,1457 913,1457 945,1455 978,1455 1010,1455 1042,1455 1074,1455 1107,1457 1139,1457 1171,1458 1203,1460 1236,1461"/>
                <TextEquiv>
                    <Unicode>annder martter erhalten unnd bestättigedt.</Unicode>
                </TextEquiv>
            </TextLine>
            <TextLine id="r1l17" custom="readingOrder {index:16;}">
                <Coords points="700,1597 733,1601 816,1567 934,1564 968,1580 997,1563 1080,1600 1144,1596 1132,1496 1107,1510 1044,1497 949,1538 862,1513 825,1536 732,1516 698,1540"/>
                <Baseline points="705,1580 730,1575 755,1572 781,1568 806,1566 832,1564 857,1563 882,1562 908,1562 933,1560 959,1560 984,1560 1009,1560 1035,1560 1060,1560 1086,1560 1111,1560 1137,1560"/>
                <TextEquiv>
                    <Unicode>Namlichen unnd dass</Unicode>
                </TextEquiv>
            </TextLine>
            <TextLine id="r1l18" custom="readingOrder {index:17;}">
                <Coords points="865,1625 878,1626 888,1635 906,1629 922,1639 975,1631 989,1623 988,1575 981,1574 971,1582 933,1567 912,1571 895,1565 864,1581"/>
                <Baseline points="870,1611 898,1608 927,1607 955,1607 984,1608"/>
                <TextEquiv>
                    <Unicode>Erstenn</Unicode>
                </TextEquiv>
            </TextLine>
            <TextLine id="r1l19" custom="readingOrder {index:18;}">
                <Coords points="592,1708 827,1694 873,1714 975,1684 1097,1702 1133,1682 1172,1701 1250,1684 1241,1634 1190,1662 1077,1624 736,1653 644,1623 589,1633"/>
                <Baseline points="597,1698 629,1698 661,1697 694,1695 726,1694 758,1694 791,1692 823,1691 855,1690 888,1689 920,1688 952,1686 985,1685 1017,1683 1049,1683 1082,1682 1114,1680 1146,1679 1179,1679 1211,1677 1244,1676"/>
                <TextEquiv>
                    <Unicode>Habe er unnd syn im ab 29 jar zu so</Unicode>
                </TextEquiv>
            </TextLine>
            <TextLine id="r1l20" custom="readingOrder {index:19;} person {offset:31; length:7; continued:true;}">
                <Coords points="595,1765 698,1753 803,1773 849,1747 1073,1731 1159,1752 1189,1724 1247,1724 1245,1685 1197,1681 1173,1704 1146,1682 1106,1706 1071,1686 894,1699 842,1720 754,1708 726,1727 592,1708"/>
                <Baseline points="600,1749 632,1748 664,1745 696,1745 728,1742 760,1740 792,1738 824,1736 856,1734 888,1733 920,1731 952,1728 984,1727 1016,1725 1048,1724 1080,1722 1112,1721 1144,1720 1176,1719 1208,1719 1241,1718"/>
                <TextEquiv>
                    <Unicode>lothurn hingerichtetten bruder Oßwaldt</Unicode>
                </TextEquiv>
            </TextLine>
            <TextLine id="r1l21" custom="readingOrder {index:20;} person {offset:0; length:6; continued:true;} place {offset:19; length:4;} place {offset:27; length:5;} person {offset:33; length:5; continued:true;}">
                <Coords points="594,1821 668,1833 704,1807 778,1831 874,1793 1044,1805 1077,1776 1244,1769 1242,1742 1080,1751 1041,1734 1000,1752 842,1748 803,1773 698,1753 652,1770 624,1751 591,1770"/>
                <Baseline points="599,1808 631,1805 663,1801 695,1798 727,1796 759,1793 791,1790 823,1788 855,1786 887,1784 919,1782 951,1780 983,1778 1015,1776 1047,1775 1079,1773 1111,1772 1143,1769 1175,1767 1207,1766 1239,1764"/>
                <TextEquiv>
                    <Unicode>Rysser geheysen zu Hoff by Büren Jacob</Unicode>
                </TextEquiv>
            </TextLine>
            <TextLine id="r1l22" custom="readingOrder {index:21;} person {offset:0; length:6; continued:true;}">
                <Coords points="592,1863 1121,1817 1169,1847 1187,1826 1225,1840 1234,1772 1146,1775 1080,1806 588,1824"/>
                <Baseline points="596,1859 627,1856 659,1854 691,1851 723,1849 755,1846 786,1842 818,1840 850,1836 882,1834 914,1831 945,1828 977,1826 1009,1823 1041,1821 1073,1820 1104,1817 1136,1815 1168,1814 1200,1814 1232,1814"/>
                <TextEquiv>
                    <Unicode>luders mutter ein pfannen ein kesseli</Unicode>
                </TextEquiv>
            </TextLine>
            <TextLine id="r1l23" custom="readingOrder {index:22;}">
                <Coords points="609,1921 996,1907 1072,1868 1177,1894 1247,1870 1244,1841 1168,1846 1122,1821 1048,1830 1013,1858 820,1843 722,1881 605,1872"/>
                <Baseline points="614,1911 645,1909 676,1905 708,1903 739,1900 770,1896 802,1893 833,1890 864,1886 896,1884 927,1880 958,1877 990,1875 1021,1872 1052,1869 1084,1868 1115,1865 1146,1864 1178,1862 1209,1860 1241,1859"/>
                <TextEquiv>
                    <Unicode>und ein fischkeßet gestolen und söliches</Unicode>
                </TextEquiv>
            </TextLine>
            <TextLine id="r1l24" custom="readingOrder {index:23;}">
                <Coords points="617,1981 842,1978 999,1936 1067,1957 1108,1933 1260,1935 1256,1881 1194,1899 1124,1880 615,1949"/>
                <Baseline points="621,1965 652,1962 684,1958 715,1954 747,1950 779,1947 810,1943 842,1939 873,1936 905,1933 937,1930 968,1928 1000,1925 1031,1922 1063,1921 1095,1919 1126,1917 1158,1916 1189,1914 1221,1913 1253,1913"/>
                <TextEquiv>
                    <Unicode>einem reßler umb 14 batzen verkoufft.</Unicode>
                </TextEquiv>
            </TextLine>
            <TextLine id="r1l25" custom="readingOrder {index:24;} place {offset:3; length:12;}">
                <Coords points="571,2083 924,2028 1033,2050 1131,2014 1209,2033 1268,2006 1255,1959 1102,1999 1047,1972 729,2025 688,2001 629,2019 564,2003"/>
                <Baseline points="575,2069 609,2064 643,2059 678,2056 712,2051 746,2047 781,2043 815,2039 849,2036 884,2032 918,2029 952,2026 987,2022 1021,2020 1055,2016 1090,2014 1124,2010 1158,2009 1193,2007 1227,2004 1262,2003"/>
                <TextEquiv>
                    <Unicode>Zu Roppelßriedt, mit hilff ermëlts synes</Unicode>
                </TextEquiv>
            </TextLine>
            <TextLine id="r1l26" custom="readingOrder {index:25;}">
                <Coords points="605,2126 805,2091 847,2103 959,2068 1196,2070 1283,2039 1281,2020 1082,2022 955,2055 836,2042 806,2065 724,2052 600,2079"/>
                <Baseline points="609,2114 642,2108 675,2103 709,2099 742,2094 776,2090 809,2085 843,2082 876,2078 910,2075 943,2071 976,2067 1010,2064 1043,2061 1077,2058 1110,2055 1144,2052 1177,2049 1211,2046 1244,2043 1278,2040"/>
                <TextEquiv>
                    <Unicode>Bruders, nachts inn eingaden graben, darin</Unicode>
                </TextEquiv>
            </TextLine>
            <TextLine id="r1l27" custom="readingOrder {index:26;}">
                <Coords points="611,2170 779,2144 875,2161 915,2128 1288,2098 1284,2065 1114,2082 1076,2066 1002,2100 947,2073 800,2119 689,2103 606,2126"/>
                <Baseline points="615,2160 648,2156 681,2151 714,2146 748,2142 781,2137 814,2134 848,2130 881,2126 914,2123 948,2120 981,2116 1014,2113 1047,2109 1081,2106 1114,2101 1147,2098 1181,2095 1214,2090 1247,2086 1281,2082"/>
                <TextEquiv>
                    <Unicode>ein trinnenhaffen unnd zwey brott genommen</Unicode>
                </TextEquiv>
            </TextLine>
            <TextLine id="r1l28" custom="readingOrder {index:27;}">
                <Coords points="587,2238 837,2189 945,2206 986,2176 1111,2158 1295,2165 1287,2102 1265,2094 1218,2121 1162,2102 998,2146 915,2127 874,2162 736,2157 646,2189 580,2173"/>
                <Baseline points="590,2219 624,2213 659,2207 694,2201 729,2197 764,2191 798,2187 833,2183 868,2179 903,2174 938,2170 972,2168 1007,2164 1042,2160 1077,2157 1112,2153 1146,2151 1181,2146 1216,2142 1251,2140 1286,2136"/>
                <TextEquiv>
                    <Unicode>Den haffen einem kesbler umb 12btz verkoufft,</Unicode>
                </TextEquiv>
            </TextLine>
            <TextLine id="r1l29" custom="readingOrder {index:28;} place {offset:3; length:8;} person {offset:12; length:19;}">
                <Coords points="585,2314 746,2278 779,2296 815,2267 842,2281 956,2247 1237,2229 1271,2205 1266,2167 1171,2201 1082,2174 1036,2203 992,2192 814,2238 577,2258"/>
                <Baseline points="587,2294 620,2289 654,2286 688,2281 722,2277 756,2272 790,2269 824,2264 858,2259 892,2255 926,2249 959,2245 993,2241 1027,2236 1061,2230 1095,2226 1129,2222 1163,2217 1197,2212 1231,2209 1265,2204"/>
                <TextEquiv>
                    <Unicode>Zu Beytzwyl Hanns Diken frouwen, mitt</Unicode>
                </TextEquiv>
            </TextLine>
            <TextLine id="r1l30" custom="readingOrder {index:29;}">
                <Coords points="596,2358 748,2348 961,2294 1039,2304 1115,2271 1204,2287 1256,2252 1253,2231 1192,2220 1155,2244 1057,2235 590,2316"/>
                <Baseline points="600,2346 632,2340 665,2335 697,2330 730,2324 762,2319 795,2314 827,2309 860,2305 892,2300 925,2296 957,2291 990,2287 1022,2283 1055,2279 1087,2274 1120,2270 1152,2264 1185,2260 1217,2254 1250,2249"/>
                <TextEquiv>
                    <Unicode>Hilff synes bruders dry Chrin häffen</Unicode>
                </TextEquiv>
            </TextLine>
            <TextLine id="r1l31" custom="readingOrder {index:30;}">
                <Coords points="606,2415 769,2366 883,2385 944,2343 1001,2354 1082,2319 1268,2319 1261,2272 1111,2273 1021,2314 943,2299 898,2329 828,2317 752,2351 597,2354"/>
                <Baseline points="609,2400 641,2392 674,2385 706,2379 739,2373 771,2367 804,2362 836,2356 869,2351 901,2346 934,2341 966,2336 999,2331 1031,2327 1064,2323 1096,2318 1129,2313 1161,2309 1194,2304 1226,2300 1259,2295"/>
                <TextEquiv>
                    <Unicode>unnd vier brodt genommen, den einenhaffen</Unicode>
                </TextEquiv>
            </TextLine>
            <TextLine id="r1l32" custom="readingOrder {index:31;}">
                <Coords points="607,2464 720,2457 804,2422 841,2442 1004,2381 1146,2380 1208,2340 1289,2352 1281,2306 1089,2346 1045,2335 1027,2358 952,2346 913,2384 599,2417"/>
                <Baseline points="609,2448 642,2442 676,2438 709,2432 743,2426 777,2420 810,2415 844,2409 877,2404 911,2397 945,2391 978,2386 1012,2380 1045,2373 1079,2368 1113,2363 1146,2357 1180,2352 1213,2346 1247,2342 1281,2337"/>
                <TextEquiv>
                    <Unicode>zu Behaltten geben, den anderen umb 30 bz</Unicode>
                </TextEquiv>
            </TextLine>
            <TextLine id="r1l33" custom="readingOrder {index:32;}">
                <Coords points="615,2519 983,2437 1041,2451 1204,2406 1242,2426 1285,2402 1278,2362 1163,2363 1144,2385 834,2443 784,2432 645,2477 603,2454"/>
                <Baseline points="617,2504 650,2497 683,2492 716,2487 749,2479 782,2473 815,2467 848,2460 881,2455 914,2448 947,2442 980,2435 1013,2430 1046,2425 1079,2419 1112,2414 1145,2409 1178,2404 1211,2399 1244,2395 1278,2391"/>
                <TextEquiv>
                    <Unicode>und den dritten umb 20 bz verkaufft,</Unicode>
                </TextEquiv>
            </TextLine>
            <TextLine id="r1l34" custom="readingOrder {index:33;} person {offset:4; length:11;} place {offset:19; length:9;}">
                <Coords points="577,2626 644,2588 735,2601 797,2559 935,2555 965,2523 1110,2536 1154,2502 1258,2485 1275,2439 1107,2485 1024,2463 996,2491 808,2536 715,2511 624,2557 563,2554"/>
                <Baseline points="576,2594 612,2588 649,2583 686,2577 723,2570 759,2564 796,2558 833,2551 870,2545 907,2538 943,2531 980,2524 1017,2518 1054,2511 1091,2505 1127,2497 1164,2489 1201,2482 1238,2475 1275,2466"/>
                <TextEquiv>
                    <Unicode>Dem Tischmacher zu Afflingen, er unnd</Unicode>
                </TextEquiv>
            </TextLine>
            <TextLine id="r1l35" custom="readingOrder {index:34;}">
                <Coords points="597,2661 641,2670 859,2598 905,2618 934,2584 1021,2583 1056,2557 1198,2566 1273,2524 1267,2495 1130,2522 1091,2504 1063,2537 987,2527 918,2565 846,2551 816,2582 639,2590 589,2620"/>
                <Baseline points="600,2648 633,2641 666,2634 699,2626 733,2619 766,2613 799,2606 832,2599 866,2593 899,2587 932,2580 965,2574 999,2567 1032,2561 1065,2554 1098,2549 1132,2542 1165,2536 1198,2529 1231,2523 1265,2516"/>
                <TextEquiv>
                    <Unicode>syn bruder vorgemelt inn syn hußge</Unicode>
                </TextEquiv>
            </TextLine>
            <TextLine id="r1l36" custom="readingOrder {index:35;}">
                <Coords points="591,2718 790,2656 858,2675 926,2633 994,2640 1040,2608 1080,2622 1262,2570 1258,2551 1162,2572 1088,2554 1038,2592 992,2571 952,2611 846,2599 585,2688"/>
                <Baseline points="594,2709 627,2699 660,2690 693,2682 726,2674 759,2666 792,2658 825,2650 858,2643 891,2636 925,2629 958,2622 991,2617 1024,2611 1057,2604 1090,2598 1123,2592 1156,2586 1189,2579 1222,2572 1256,2567"/>
                <TextEquiv>
                    <Unicode>ebrochen, daruß zwen chri häffen, einn</Unicode>
                </TextEquiv>
            </TextLine>
            <TextLine id="r1l37" custom="readingOrder {index:36;}">
                <Coords points="602,2760 984,2684 1047,2652 1119,2662 1173,2632 1220,2652 1258,2636 1244,2570 1090,2621 1052,2609 1000,2639 919,2642 859,2675 814,2663 683,2711 627,2701 595,2728"/>
                <Baseline points="605,2750 637,2742 669,2734 701,2727 733,2720 765,2713 797,2705 830,2698 862,2691 894,2685 926,2678 958,2670 990,2665 1022,2659 1055,2652 1087,2645 1119,2639 1151,2633 1183,2627 1215,2621 1248,2615"/>
                <TextEquiv>
                    <Unicode>pfänneli acht Brodt und vier Huß Käßli</Unicode>
                </TextEquiv>
            </TextLine>
            <TextLine id="r1l38" custom="readingOrder {index:37;}">
                <Coords points="622,2826 849,2738 952,2752 982,2718 1046,2703 1118,2721 1193,2674 1252,2686 1282,2666 1274,2629 1220,2652 1169,2635 1120,2664 1060,2656 802,2737 739,2731 721,2754 607,2758"/>
                <Baseline points="621,2798 653,2789 686,2779 718,2772 751,2762 784,2755 816,2748 849,2740 882,2734 914,2727 947,2719 980,2714 1012,2706 1045,2700 1078,2694 1110,2688 1143,2681 1176,2675 1208,2668 1241,2661 1274,2654"/>
                <TextEquiv>
                    <Unicode>geen ee</Unicode>
                </TextEquiv>
            </TextLine>
            <TextLine id="r1l39" custom="readingOrder {index:38;} place {offset:0; length:8;}">
                <Coords points="597,2874 651,2844 725,2848 753,2815 862,2783 932,2799 1018,2758 1131,2754 1285,2708 1277,2671 1215,2669 1118,2720 1022,2710 951,2752 803,2758 644,2826 584,2812"/>
                <Baseline points="599,2858 634,2845 670,2833 706,2822 741,2812 777,2802 813,2793 849,2785 884,2778 920,2770 956,2764 992,2757 1027,2750 1063,2744 1099,2737 1135,2730 1170,2724 1206,2716 1242,2708 1278,2700"/>
                <TextEquiv>
                    <Unicode>Bonpigen umb ein guldi verkaufft und den</Unicode>
                </TextEquiv>
            </TextLine>
            <TextLine id="r1l40" custom="readingOrder {index:39;}">
                <Coords points="1204,2820 1209,2819 1216,2813 1218,2814 1221,2811 1228,2810 1217,2759 1212,2760 1211,2762 1209,2760 1206,2763 1203,2762 1198,2768 1194,2768"/>
                <Baseline points="1205,2798 1220,2795"/>
                <TextEquiv>
                    <Unicode>zu</Unicode>
                </TextEquiv>
            </TextLine>
            <TextLine id="r1l41" custom="readingOrder {index:40;}">
                <Coords points="615,2906 754,2852 770,2862 818,2842 860,2866 881,2859 914,2825 986,2817 976,2772 937,2798 835,2791 804,2817 771,2814 725,2846 685,2855 651,2843 606,2870"/>
                <Baseline points="617,2891 642,2885 668,2879 694,2871 720,2864 746,2857 772,2850 798,2844 824,2837 850,2831 876,2826 902,2821 928,2817 954,2815 980,2813"/>
                <TextEquiv>
                    <Unicode>andere verlischat</Unicode>
                </TextEquiv>
            </TextLine>
            <TextEquiv>
                <Unicode>Dlidtli Sissin von
Gsfingenn
uff mittwochen den 18. apprilis diß a6 82

farb inn bysyn anhören und gegenwürtig
Kheyth der ehranuesten, fromen fürnemmliche
Wolgearhtenn Wyssen herremn fr Jacob Kochen
deß kleinen Raths, alls geordnetten herrn
examinatoren, Item herren niclaus Bachmans
Der Bürgeren unnd herr Großsweybel Cillier
sampt ettlichen weyblen hochgeacht urdn
Dieneren, hatt gegenwürtiger Aggli Ryser
von offlingen, hienachgeschribne vilfaltige dieb,
stäl, wie auh ein verbrachtes mordt, allhiezu
Marzilli bekenndt unnd verpächen und solches
annder martter erhalten unnd bestättigedt.
Namlichen unnd dass
Erstenn
Habe er unnd syn im ab 29 jar zu so
lothurn hingerichtetten bruder Oßwaldt
Rysser geheysen zu Hoff by Büren Jacob
luders mutter ein pfannen ein kesseli
und ein fischkeßet gestolen und söliches
einem reßler umb 14 batzen verkoufft.
Zu Roppelßriedt, mit hilff ermëlts synes
Bruders, nachts inn eingaden graben, darin
ein trinnenhaffen unnd zwey brott genommen
Den haffen einem kesbler umb 12btz verkoufft,
Zu Beytzwyl Hanns Diken frouwen, mitt
Hilff synes bruders dry Chrin häffen
unnd vier brodt genommen, den einenhaffen
zu Behaltten geben, den anderen umb 30 bz
und den dritten umb 20 bz verkaufft,
Dem Tischmacher zu Afflingen, er unnd
syn bruder vorgemelt inn syn hußge
ebrochen, daruß zwen chri häffen, einn
pfänneli acht Brodt und vier Huß Käßli
geen ee
Bonpigen umb ein guldi verkaufft und den
zu
andere verlischat</Unicode>
            </TextEquiv>
        </TextRegion>
        <TextRegion orientation="0.0" id="r2" custom="readingOrder {index:1;}">
            <Coords points="1377,548 1377,2725 2280,2725 2280,548"/>
            <TextLine id="r2l1" custom="readingOrder {index:0;}">
                <Coords points="2035,586 2042,588 2045,586 2054,592 2060,589 2067,591 2081,580 2085,582 2092,580 2088,520 2079,521 2073,526 2063,518 2051,524 2043,519 2040,523 2031,525"/>
                <Baseline points="2039,575 2087,572"/>
                <TextEquiv>
                    <Unicode>73</Unicode>
                </TextEquiv>
            </TextLine>
            <TextLine id="r2l2" custom="readingOrder {index:1;} place {offset:3; length:9;}">
                <Coords points="1375,774 1532,723 1596,747 1632,710 2082,667 2146,652 2141,613 1979,612 1932,650 1879,624 1623,687 1523,666 1364,691"/>
                <Baseline points="1377,750 1415,744 1453,736 1491,729 1529,722 1568,715 1606,709 1644,704 1682,698 1720,694 1759,689 1797,683 1835,679 1873,674 1911,671 1950,667 1988,663 2026,659 2064,657 2102,653 2141,650"/>
                <TextEquiv>
                    <Unicode>Zu Rudlingen aber mit hilff synes bruders</Unicode>
                </TextEquiv>
            </TextLine>
            <TextLine id="r2l3" custom="readingOrder {index:2;}">
                <Coords points="1411,800 1481,780 1520,802 1643,761 1733,771 1792,731 1996,712 2045,729 2135,695 2131,667 1662,711 1582,747 1504,732 1407,773"/>
                <Baseline points="1416,795 1451,787 1487,780 1522,772 1558,766 1594,759 1629,753 1665,747 1701,742 1736,737 1772,732 1808,727 1843,722 1879,718 1915,714 1950,710 1986,707 2022,703 2057,699 2093,698 2129,693"/>
                <TextEquiv>
                    <Unicode>ein Ehrinen haffen genomen, vnnd denselben</Unicode>
                </TextEquiv>
            </TextLine>
            <TextLine id="r2l4" custom="readingOrder {index:3;}">
                <Coords points="1391,876 1559,819 1681,834 1907,775 1954,801 2025,759 2129,753 2125,723 2014,739 1969,715 1792,768 1644,761 1520,802 1481,783 1451,820 1382,813"/>
                <Baseline points="1394,854 1430,845 1466,837 1503,829 1539,821 1576,814 1612,808 1649,801 1685,796 1722,791 1758,785 1794,780 1831,775 1867,772 1904,767 1940,763 1977,760 2013,755 2050,752 2086,748 2123,744"/>
                <TextEquiv>
                    <Unicode>dem kleynendürßen zu heymenhüßen umb</Unicode>
                </TextEquiv>
            </TextLine>
            <TextLine id="r2l5" custom="readingOrder {index:4;}">
                <Coords points="1403,912 1444,895 1465,902 1489,889 1515,897 1569,879 1606,887 1654,871 1646,826 1610,830 1582,818 1565,827 1551,822 1516,850 1480,838 1471,847 1455,845 1435,870 1396,872"/>
                <Baseline points="1407,905 1433,897 1460,889 1487,882 1513,875 1540,870 1567,866 1593,863 1620,861 1647,861"/>
                <TextEquiv>
                    <Unicode>4 t verkouff.</Unicode>
                </TextEquiv>
            </TextLine>
            <TextLine id="r2l6" custom="readingOrder {index:5;} person {offset:4; length:11;} place {offset:19; length:9;}">
                <Coords points="1377,996 1514,959 1669,964 1715,928 1844,946 1874,910 2116,896 2137,883 2128,805 2044,855 1901,887 1740,901 1697,882 1552,912 1500,895 1414,944 1369,935"/>
                <Baseline points="1380,978 1417,971 1455,964 1492,958 1530,952 1568,946 1605,942 1643,935 1680,930 1718,925 1756,920 1793,916 1831,912 1868,907 1906,903 1944,900 1981,896 2019,893 2056,889 2094,886 2132,884"/>
                <TextEquiv>
                    <Unicode>Dem Kleyn Jaggi zu afflingen, aber er unnd</Unicode>
                </TextEquiv>
            </TextLine>
            <TextLine id="r2l7" custom="readingOrder {index:6;}">
                <Coords points="1426,1051 1482,1018 1663,1002 1745,969 1858,959 1900,985 1949,948 2153,931 2145,882 1937,933 1882,912 1847,943 1732,931 1670,964 1418,983"/>
                <Baseline points="1428,1020 1465,1012 1503,1004 1541,997 1579,990 1617,984 1655,979 1692,974 1730,969 1768,965 1806,961 1844,958 1882,954 1919,950 1957,946 1995,942 2033,938 2071,933 2109,928 2147,923"/>
                <TextEquiv>
                    <Unicode>syn bruder zwey brodt ein schurlitz unnd</Unicode>
                </TextEquiv>
            </TextLine>
            <TextLine id="r2l8" custom="readingOrder {index:7;}">
                <Coords points="1423,1084 1696,1057 1785,1014 1966,1025 2038,992 2102,1017 2164,1000 2157,940 2127,938 2074,971 1690,979 1420,1052"/>
                <Baseline points="1427,1064 1463,1057 1499,1051 1536,1044 1572,1039 1609,1034 1645,1029 1682,1025 1718,1019 1755,1015 1791,1012 1827,1008 1864,1005 1900,1001 1937,999 1973,995 2010,993 2046,990 2083,987 2119,985 2156,983"/>
                <TextEquiv>
                    <Unicode>ein gippen enndtfrömbdet unnd verbrucht</Unicode>
                </TextEquiv>
            </TextLine>
            <TextLine id="r2l9" custom="readingOrder {index:8;} place {offset:14; length:10;}">
                <Coords points="1394,1178 1530,1142 1625,1160 1722,1124 1822,1141 1914,1105 2024,1121 2174,1087 2169,1034 1952,1046 1864,1086 1814,1059 1651,1070 1529,1125 1385,1096"/>
                <Baseline points="1397,1161 1435,1156 1474,1149 1512,1143 1551,1137 1589,1133 1628,1128 1666,1124 1705,1119 1743,1116 1782,1112 1821,1110 1859,1107 1898,1103 1936,1099 1975,1097 2013,1094 2052,1090 2090,1087 2129,1084 2168,1080"/>
                <TextEquiv>
                    <Unicode>Dem müller zu Schnottwyl er und syn bruder</Unicode>
                </TextEquiv>
            </TextLine>
            <TextLine id="r2l10" custom="readingOrder {index:9;}">
                <Coords points="1418,1223 1714,1172 1889,1189 1946,1154 2002,1180 2192,1133 2189,1102 2085,1103 1982,1132 1915,1111 1873,1141 1757,1126 1719,1153 1661,1134 1622,1160 1579,1139 1448,1182 1413,1167"/>
                <Baseline points="1422,1209 1460,1202 1498,1196 1536,1190 1574,1185 1613,1181 1651,1176 1689,1172 1727,1167 1765,1165 1804,1160 1842,1157 1880,1154 1918,1152 1956,1148 1995,1145 2033,1141 2071,1137 2109,1134 2147,1130 2186,1125"/>
                <TextEquiv>
                    <Unicode>unnder dersetzwellenn inn ein gaden gegrabenn e</Unicode>
                </TextEquiv>
            </TextLine>
            <TextLine id="r2l11" custom="readingOrder {index:10;} person {offset:33; length:10;}">
                <Coords points="1405,1285 1586,1236 1754,1255 1815,1216 1865,1237 2029,1196 2173,1216 2170,1147 1399,1228"/>
                <Baseline points="1409,1268 1448,1259 1488,1250 1528,1243 1568,1238 1608,1232 1648,1227 1688,1223 1728,1219 1768,1215 1808,1212 1848,1208 1888,1205 1928,1201 1968,1199 2008,1195 2048,1191 2088,1187 2128,1182 2168,1176"/>
                <TextEquiv>
                    <Unicode>Darufs ein Zineli Hirhs einhalbs Jmeli Mali</Unicode>
                </TextEquiv>
            </TextLine>
            <TextLine id="r2l12" custom="readingOrder {index:11;}">
                <Coords points="1650,1283 1790,1273 1823,1295 1893,1292 1938,1256 1962,1268 2026,1251 2099,1276 2137,1245 2188,1241 2186,1198 2165,1213 2094,1193 2068,1216 2035,1208 1990,1229 1907,1212 1804,1250 1753,1255 1721,1234 1647,1252"/>
                <Baseline points="1655,1277 1681,1274 1707,1272 1734,1269 1760,1267 1787,1264 1813,1263 1839,1260 1866,1258 1892,1257 1919,1255 1945,1253 1971,1250 1998,1248 2024,1245 2051,1244 2077,1241 2103,1239 2130,1236 2156,1233 2183,1229"/>
                <TextEquiv>
                    <Unicode>ein arien haffenn, acht pfundt</Unicode>
                </TextEquiv>
            </TextLine>
            <TextLine id="r2l13" custom="readingOrder {index:12;}">
                <Coords points="1417,1358 1465,1376 1767,1321 1928,1338 1957,1310 2002,1338 2081,1296 2172,1299 2169,1270 2100,1276 2063,1245 1974,1283 1921,1265 1887,1294 1704,1280 1516,1329 1413,1310"/>
                <Baseline points="1422,1355 1459,1350 1496,1346 1533,1342 1570,1337 1607,1334 1644,1329 1682,1326 1719,1323 1756,1319 1793,1316 1830,1313 1867,1310 1904,1307 1942,1303 1979,1301 2016,1298 2053,1296 2090,1292 2127,1291 2165,1287"/>
                <TextEquiv>
                    <Unicode>Schmar ein brodt unnd 15 eyer gestolenn,</Unicode>
                </TextEquiv>
            </TextLine>
            <TextLine id="r2l14" custom="readingOrder {index:13;}">
                <Coords points="1423,1424 1532,1405 1573,1422 1648,1381 1796,1391 1936,1361 2015,1383 2087,1350 2147,1359 2132,1299 2016,1338 1956,1311 1928,1338 1859,1342 1766,1321 1669,1366 1560,1347 1476,1384 1419,1370"/>
                <Baseline points="1427,1407 1462,1402 1498,1397 1534,1393 1569,1389 1605,1386 1641,1382 1676,1378 1712,1375 1748,1372 1784,1368 1819,1366 1855,1362 1891,1361 1926,1358 1962,1355 1998,1352 2033,1350 2069,1347 2105,1343 2141,1341"/>
                <TextEquiv>
                    <Unicode>denn haffen einem Reßler das pfrndt</Unicode>
                </TextEquiv>
            </TextLine>
            <TextLine id="r2l15" custom="readingOrder {index:14;}">
                <Coords points="1429,1471 1499,1449 1619,1463 1655,1435 1794,1454 1844,1424 1993,1411 2101,1427 2178,1412 2174,1367 2082,1355 1859,1390 1792,1365 1749,1392 1626,1395 1596,1422 1425,1427"/>
                <Baseline points="1433,1455 1469,1450 1506,1447 1543,1443 1580,1439 1617,1436 1654,1431 1691,1428 1728,1425 1765,1422 1802,1419 1838,1417 1875,1413 1912,1411 1949,1408 1986,1405 2023,1403 2060,1400 2097,1397 2134,1395 2171,1391"/>
                <TextEquiv>
                    <Unicode>per 10 arntzr verkoufft unnd das ubrig vere</Unicode>
                </TextEquiv>
            </TextLine>
            <TextLine id="r2l16" custom="readingOrder {index:15;}">
                <Coords points="1442,1509 1463,1507 1484,1513 1512,1531 1533,1517 1545,1521 1541,1452 1528,1449 1521,1455 1513,1451 1497,1460 1473,1457 1460,1466 1439,1466"/>
                <Baseline points="1446,1500 1476,1497 1507,1496 1538,1493"/>
                <TextEquiv>
                    <Unicode>brucht.</Unicode>
                </TextEquiv>
            </TextLine>
            <TextLine id="r2l17" custom="readingOrder {index:16;} person {offset:33; length:6; continued:true;}">
                <Coords points="1416,1588 2165,1536 2154,1475 2006,1516 1967,1491 1861,1519 1737,1487 1613,1540 1413,1521"/>
                <Baseline points="1421,1571 1457,1569 1494,1566 1531,1564 1568,1560 1605,1559 1642,1556 1679,1554 1716,1552 1753,1549 1790,1548 1826,1545 1863,1544 1900,1542 1937,1540 1974,1538 2011,1537 2048,1535 2085,1534 2122,1533 2159,1532"/>
                <TextEquiv>
                    <Unicode>Übermalen er unnd syn bruder der Ursula</Unicode>
                </TextEquiv>
            </TextLine>
            <TextLine id="r2l18" custom="readingOrder {index:17;} person {offset:0; length:8; continued:true;} place {offset:12; length:15;}">
                <Coords points="1438,1635 1490,1649 1555,1615 1650,1636 1787,1598 2198,1596 2195,1545 2146,1543 1700,1588 1641,1567 1590,1591 1436,1584"/>
                <Baseline points="1443,1620 1480,1618 1517,1616 1555,1613 1592,1610 1630,1608 1667,1604 1705,1602 1742,1600 1780,1598 1817,1595 1854,1592 1892,1590 1929,1589 1967,1587 2004,1586 2042,1584 2079,1583 2117,1583 2154,1581 2192,1581"/>
                <TextEquiv>
                    <Unicode>Schnyder by frouwen brunnen unnder zweyen</Unicode>
                </TextEquiv>
            </TextLine>
            <TextLine id="r2l19" custom="readingOrder {index:18;}">
                <Coords points="1443,1684 1543,1694 1574,1669 1937,1642 1982,1659 2061,1640 2090,1661 2197,1639 2195,1601 2034,1624 1972,1596 1890,1620 1850,1598 1815,1624 1609,1643 1562,1626 1441,1653"/>
                <Baseline points="1448,1674 1485,1671 1522,1668 1559,1665 1596,1662 1634,1660 1671,1656 1708,1654 1745,1651 1782,1649 1820,1647 1857,1645 1894,1644 1931,1641 1968,1640 2006,1638 2043,1638 2080,1637 2117,1637 2154,1637 2192,1637"/>
                <TextEquiv>
                    <Unicode>Nalen zwenn Rübel vol anken unnd ein Hardt-</Unicode>
                </TextEquiv>
            </TextLine>
            <TextLine id="r2l20" custom="readingOrder {index:19;}">
                <Coords points="1436,1751 1596,1717 1849,1707 1916,1731 2039,1692 2084,1712 2170,1691 2169,1668 2110,1654 2012,1677 1942,1655 1915,1673 1814,1650 1618,1694 1433,1696"/>
                <Baseline points="1440,1731 1476,1728 1512,1724 1548,1721 1585,1718 1621,1714 1657,1713 1693,1710 1730,1708 1766,1706 1802,1703 1838,1701 1875,1700 1911,1698 1947,1696 1983,1695 2020,1693 2056,1691 2092,1689 2128,1688 2165,1685"/>
                <TextEquiv>
                    <Unicode>Haffennvol anken ein kintzi pfarren zwenn</Unicode>
                </TextEquiv>
            </TextLine>
            <TextLine id="r2l21" custom="readingOrder {index:20;}">
                <Coords points="1440,1790 1479,1811 1551,1772 1660,1770 1695,1793 1760,1761 1849,1787 1889,1757 2060,1744 2109,1766 2152,1733 2198,1743 2197,1718 1649,1718 1438,1757"/>
                <Baseline points="1445,1778 1482,1774 1519,1772 1557,1769 1594,1766 1631,1764 1669,1762 1706,1760 1743,1758 1781,1757 1818,1754 1855,1753 1893,1751 1930,1749 1967,1748 2005,1745 2042,1744 2079,1742 2117,1740 2154,1738 2192,1736"/>
                <TextEquiv>
                    <Unicode>wyberräk 44 Haspletten garn unnd einhochen</Unicode>
                </TextEquiv>
            </TextLine>
            <TextLine id="r2l22" custom="readingOrder {index:21;}">
                <Coords points="1450,1845 1570,1824 1632,1848 1803,1808 1955,1835 2012,1801 2057,1833 2212,1828 2240,1815 2238,1757 2146,1736 2102,1769 1448,1796"/>
                <Baseline points="1454,1829 1493,1826 1532,1823 1571,1819 1610,1817 1649,1815 1688,1812 1727,1811 1766,1809 1805,1808 1844,1806 1883,1805 1922,1803 1961,1802 2000,1801 2039,1800 2078,1799 2117,1798 2156,1797 2195,1796 2234,1796"/>
                <TextEquiv>
                    <Unicode>gutt enndtfrämbdett, die asbige spyss getheylt</Unicode>
                </TextEquiv>
            </TextLine>
            <TextLine id="r2l23" custom="readingOrder {index:22;}">
                <Coords points="1419,1896 1768,1887 1813,1908 1938,1862 2194,1878 2220,1831 1986,1817 1945,1844 1888,1822 1836,1844 1733,1816 1650,1849 1417,1848"/>
                <Baseline points="1424,1886 1463,1882 1503,1878 1542,1875 1582,1872 1622,1869 1661,1867 1701,1865 1740,1863 1780,1861 1820,1860 1859,1859 1899,1857 1938,1857 1978,1857 2018,1857 2057,1857 2097,1857 2136,1859 2176,1859 2216,1860"/>
                <TextEquiv>
                    <Unicode>Das übrig aber sye der frouwen wider wordenn</Unicode>
                </TextEquiv>
            </TextLine>
            <TextLine id="r2l24" custom="readingOrder {index:23;} place {offset:13; length:4;} place {offset:21; length:8;}">
                <Coords points="1418,1989 1719,1976 1846,2000 1906,1975 2189,1976 2164,1920 2052,1959 1939,1921 1867,1937 1767,1909 1626,1955 1535,1948 1474,1897 1418,1918"/>
                <Baseline points="1424,1980 1463,1978 1503,1977 1543,1974 1583,1974 1623,1973 1663,1973 1703,1971 1743,1971 1783,1971 1823,1971 1863,1973 1903,1973 1943,1973 1983,1974 2023,1974 2063,1974 2103,1976 2143,1976 2183,1976"/>
                <TextEquiv>
                    <Unicode>ochmalenn zu Hoff by Büskrenn mitt</Unicode>
                </TextEquiv>
            </TextLine>
            <TextLine id="r2l25" custom="readingOrder {index:24;}">
                <Coords points="1461,2051 1767,2025 1978,2058 2053,2020 2123,2054 2201,2028 2200,1998 2155,1986 2010,2004 1888,1985 1847,2007 1721,1976 1678,1999 1461,1992"/>
                <Baseline points="1466,2028 1502,2027 1538,2025 1575,2025 1611,2024 1648,2024 1684,2024 1721,2024 1757,2022 1794,2022 1830,2022 1866,2022 1903,2022 1939,2022 1976,2022 2012,2022 2049,2022 2085,2021 2122,2019 2158,2018 2195,2016"/>
                <TextEquiv>
                    <Unicode>Hilff synnes bruders nachts uß einem gaden</Unicode>
                </TextEquiv>
            </TextLine>
            <TextLine id="r2l26" custom="readingOrder {index:25;}">
                <Coords points="1462,2108 1591,2081 1689,2102 1767,2065 2164,2080 2170,2048 2111,2055 2052,2027 1968,2061 1767,2026 1462,2051"/>
                <Baseline points="1467,2078 1501,2074 1536,2072 1571,2071 1606,2070 1641,2069 1676,2069 1711,2069 1746,2069 1781,2069 1816,2070 1850,2070 1885,2070 1920,2071 1955,2072 1990,2072 2025,2072 2060,2070 2095,2069 2130,2067 2165,2066"/>
                <TextEquiv>
                    <Unicode>zwey Kynlachen 16 ellen tuchen 25 allenn</Unicode>
                </TextEquiv>
            </TextLine>
            <TextLine id="r2l27" custom="readingOrder {index:26;}">
                <Coords points="1473,2134 1569,2156 1695,2118 1736,2149 1905,2115 1968,2142 2108,2118 2217,2134 2229,2093 2140,2069 2066,2107 1931,2075 1800,2104 1731,2079 1651,2101 1473,2078"/>
                <Baseline points="1478,2115 1515,2117 1552,2117 1589,2117 1627,2118 1664,2118 1701,2118 1738,2117 1776,2117 1813,2117 1850,2117 1887,2117 1925,2117 1962,2117 1999,2118 2036,2118 2074,2119 2111,2120 2148,2121 2185,2123 2223,2124"/>
                <TextEquiv>
                    <Unicode>Lüchli fuch 8 ußgemachte Lüntzli ein erinln</Unicode>
                </TextEquiv>
            </TextLine>
            <TextLine id="r2l28" custom="readingOrder {index:27;}">
                <Coords points="1456,2201 1644,2172 1708,2204 1781,2184 1865,2201 1918,2167 2219,2186 2219,2150 2156,2134 2060,2159 1869,2129 1820,2155 1670,2128 1570,2155 1456,2134"/>
                <Baseline points="1461,2177 1498,2175 1536,2173 1573,2172 1611,2171 1649,2169 1686,2168 1724,2168 1762,2168 1799,2168 1837,2168 1875,2168 1912,2169 1950,2169 1988,2170 2025,2171 2063,2172 2101,2174 2138,2175 2176,2177 2214,2178"/>
                <TextEquiv>
                    <Unicode>Haffenn 2 Resbeli 1 pfannen, 2 mässmal</Unicode>
                </TextEquiv>
            </TextLine>
            <TextLine id="r2l29" custom="readingOrder {index:28;}">
                <Coords points="1461,2232 1842,2225 1951,2255 2069,2231 2121,2267 2169,2237 2231,2245 2232,2207 2183,2212 2121,2173 2049,2197 1994,2173 1740,2205 1645,2172 1462,2202"/>
                <Baseline points="1466,2223 1504,2221 1542,2219 1580,2218 1618,2217 1656,2217 1694,2217 1732,2217 1770,2217 1808,2219 1846,2219 1884,2220 1922,2222 1960,2223 1998,2225 2036,2226 2074,2228 2112,2229 2150,2231 2188,2232 2226,2234"/>
                <TextEquiv>
                    <Unicode>2. Mass anken 2 brodt i pfundt käss ein</Unicode>
                </TextEquiv>
            </TextLine>
            <TextLine id="r2l30" custom="readingOrder {index:29;}">
                <Coords points="1461,2273 2192,2291 2192,2266 2096,2266 2064,2243 1462,2231"/>
                <Baseline points="1466,2267 1502,2265 1538,2263 1574,2262 1610,2262 1646,2262 1682,2264 1718,2264 1754,2265 1790,2267 1826,2268 1862,2270 1898,2272 1934,2274 1970,2275 2006,2276 2042,2277 2078,2279 2114,2280 2150,2280 2187,2282"/>
                <TextEquiv>
                    <Unicode>Stückli Riundtfleysch unnd 16 batzen ann</Unicode>
                </TextEquiv>
            </TextLine>
            <TextLine id="r2l31" custom="readingOrder {index:30;}">
                <Coords points="1465,2345 1548,2317 1589,2337 1711,2319 1792,2347 1827,2329 2188,2340 2196,2318 2078,2290 2013,2307 1948,2283 1890,2304 1848,2278 1713,2276 1673,2297 1468,2275"/>
                <Baseline points="1472,2312 1507,2310 1543,2309 1579,2309 1615,2309 1651,2309 1687,2310 1723,2312 1759,2313 1795,2315 1831,2316 1866,2319 1902,2320 1938,2322 1974,2325 2010,2327 2046,2328 2082,2330 2118,2331 2154,2331 2190,2333"/>
                <TextEquiv>
                    <Unicode>gëlt gestolenn, welches sy mit einanderenn</Unicode>
                </TextEquiv>
            </TextLine>
            <TextLine id="r2l32" custom="readingOrder {index:31;}">
                <Coords points="1477,2391 1492,2396 1512,2378 1542,2386 1567,2363 1598,2370 1620,2359 1657,2380 1797,2368 1830,2391 1873,2382 1874,2348 1836,2330 1798,2347 1750,2329 1728,2340 1660,2315 1613,2316 1584,2340 1548,2317 1513,2329 1478,2307"/>
                <Baseline points="1482,2360 1507,2360 1533,2359 1559,2358 1584,2358 1610,2358 1636,2358 1662,2358 1687,2358 1713,2360 1739,2361 1765,2361 1790,2363 1816,2365 1842,2368 1868,2370"/>
                <TextEquiv>
                    <Unicode>geteylt unnd verbrucht,</Unicode>
                </TextEquiv>
            </TextLine>
            <TextLine id="r2l33" custom="readingOrder {index:32;} person {offset:4; length:18;} place {offset:26; length:9;}">
                <Coords points="1389,2470 1571,2444 1864,2490 1942,2464 2090,2513 2148,2479 2243,2487 2223,2426 2104,2458 1963,2415 1869,2438 1663,2399 1452,2423 1392,2402"/>
                <Baseline points="1395,2454 1437,2450 1479,2448 1521,2445 1563,2445 1605,2445 1647,2446 1690,2448 1732,2450 1774,2453 1816,2456 1858,2460 1900,2463 1942,2467 1985,2470 2027,2474 2069,2477 2111,2478 2153,2480 2195,2481 2238,2481"/>
                <TextEquiv>
                    <Unicode>Dem schnyder schläffli zu Kilchberg er und</Unicode>
                </TextEquiv>
            </TextLine>
            <TextLine id="r2l34" custom="readingOrder {index:33;}">
                <Coords points="1487,2499 1758,2504 1837,2537 1910,2511 1989,2555 2045,2523 2264,2546 2266,2514 2195,2518 2143,2485 2092,2513 1662,2470 1641,2449 1489,2468"/>
                <Baseline points="1494,2486 1532,2486 1570,2488 1608,2490 1647,2491 1685,2493 1723,2496 1761,2498 1800,2501 1838,2505 1876,2507 1914,2510 1953,2513 1991,2517 2029,2519 2067,2522 2106,2525 2144,2527 2182,2531 2220,2532 2259,2534"/>
                <TextEquiv>
                    <Unicode>iyn Bruder, nachts einem gaden, Oss einem</Unicode>
                </TextEquiv>
            </TextLine>
            <TextLine id="r2l35" custom="readingOrder {index:34;}">
                <Coords points="1481,2547 1623,2539 1652,2566 1738,2558 1755,2578 1827,2559 1970,2599 2104,2576 2135,2610 2167,2585 2218,2599 2222,2551 2043,2525 1989,2553 1964,2527 1824,2539 1758,2504 1716,2529 1607,2495 1540,2514 1485,2496"/>
                <Baseline points="1488,2529 1524,2531 1560,2533 1596,2535 1633,2538 1669,2540 1705,2543 1742,2546 1778,2550 1814,2552 1851,2556 1887,2559 1923,2563 1959,2567 1996,2569 2032,2572 2068,2576 2105,2578 2141,2581 2177,2583 2214,2585"/>
                <TextEquiv>
                    <Unicode>trag, so löffenn gsin 172 pfundt rystigs</Unicode>
                </TextEquiv>
            </TextLine>
            <TextLine id="r2l36" custom="readingOrder {index:35;} place {offset:18; length:10;}">
                <Coords points="1475,2582 1893,2635 2014,2619 2212,2645 2215,2617 2163,2590 2136,2610 2105,2576 1981,2599 1827,2561 1673,2569 1529,2533 1478,2549"/>
                <Baseline points="1481,2580 1517,2579 1553,2579 1590,2580 1626,2582 1662,2583 1699,2586 1735,2590 1771,2592 1808,2597 1844,2600 1880,2604 1917,2608 1953,2611 1989,2616 2026,2619 2062,2623 2098,2626 2135,2629 2171,2631 2208,2633"/>
                <TextEquiv>
                    <Unicode>Wërck, wie auh zu Hapstetten vier ballen</Unicode>
                </TextEquiv>
            </TextLine>
            <TextLine id="r2l37" custom="readingOrder {index:36;}">
                <Coords points="1487,2626 1643,2631 1680,2666 1726,2640 1893,2656 1964,2692 2135,2711 2285,2693 2287,2670 2146,2662 2106,2634 2019,2649 1942,2618 1899,2636 1490,2595"/>
                <Baseline points="1493,2619 1532,2621 1571,2623 1611,2626 1650,2630 1689,2633 1729,2637 1768,2641 1807,2645 1847,2650 1886,2654 1925,2658 1965,2662 2004,2667 2043,2670 2083,2675 2122,2679 2161,2681 2201,2684 2240,2687 2280,2688"/>
                <TextEquiv>
                    <Unicode>annkein gestolen,e syinen teylhalar</Unicode>
                </TextEquiv>
            </TextLine>
            <TextLine id="r2l38" custom="readingOrder {index:37;}">
                <Coords points="1488,2675 1638,2679 1679,2710 1695,2697 1739,2709 1784,2696 1840,2735 1947,2730 1951,2692 1904,2689 1806,2645 1757,2667 1729,2650 1680,2666 1643,2631 1527,2651 1493,2625"/>
                <Baseline points="1494,2666 1519,2668 1544,2671 1569,2675 1594,2677 1619,2679 1644,2681 1669,2682 1694,2685 1719,2687 1744,2689 1769,2691 1794,2693 1819,2695 1844,2699 1869,2701 1894,2705 1919,2709 1944,2714"/>
                <TextEquiv>
                    <Unicode>umb 24 bz verkoufft</Unicode>
                </TextEquiv>
            </TextLine>
            <TextEquiv>
                <Unicode>73
Zu Rudlingen aber mit hilff synes bruders
ein Ehrinen haffen genomen, vnnd denselben
dem kleynendürßen zu heymenhüßen umb
4 t verkouff.
Dem Kleyn Jaggi zu afflingen, aber er unnd
syn bruder zwey brodt ein schurlitz unnd
ein gippen enndtfrömbdet unnd verbrucht
Dem müller zu Schnottwyl er und syn bruder
unnder dersetzwellenn inn ein gaden gegrabenn e
Darufs ein Zineli Hirhs einhalbs Jmeli Mali
ein arien haffenn, acht pfundt
Schmar ein brodt unnd 15 eyer gestolenn,
denn haffen einem Reßler das pfrndt
per 10 arntzr verkoufft unnd das ubrig vere
brucht.
Übermalen er unnd syn bruder der Ursula
Schnyder by frouwen brunnen unnder zweyen
Nalen zwenn Rübel vol anken unnd ein Hardt-
Haffennvol anken ein kintzi pfarren zwenn
wyberräk 44 Haspletten garn unnd einhochen
gutt enndtfrämbdett, die asbige spyss getheylt
Das übrig aber sye der frouwen wider wordenn
ochmalenn zu Hoff by Büskrenn mitt
Hilff synnes bruders nachts uß einem gaden
zwey Kynlachen 16 ellen tuchen 25 allenn
Lüchli fuch 8 ußgemachte Lüntzli ein erinln
Haffenn 2 Resbeli 1 pfannen, 2 mässmal
2. Mass anken 2 brodt i pfundt käss ein
Stückli Riundtfleysch unnd 16 batzen ann
gëlt gestolenn, welches sy mit einanderenn
geteylt unnd verbrucht,
Dem schnyder schläffli zu Kilchberg er und
iyn Bruder, nachts einem gaden, Oss einem
trag, so löffenn gsin 172 pfundt rystigs
Wërck, wie auh zu Hapstetten vier ballen
annkein gestolen,e syinen teylhalar
umb 24 bz verkoufft</Unicode>
            </TextEquiv>
        </TextRegion>
    </Page>
</PcGts>
