2448 3264
461 543 1233 702 were gsin, sin gehepte krancke frau
488 597 1261 751 und by derselben ersilete eheliche kinhen
456 652 1254 815 Weerners vermeldet er als vor etwase
493 722 1250 852 Christen Stutzman und Christen wider
493 769 1248 884 mar, welcher widmer, sines vermeines
491 814 1243 904 alhie mit dem strangen hingerichtet
498 841 1263 944 worden, zu ime kommen, habe ermelter
492 891 1251 995 Widmer ine angesprochen, imme ein pah
489 932 1248 1013 porten von des gesagten Stutzmans
525 969 1218 1039 gehapten pasporten, umb den lon
521 1009 1254 1082 bzuschryben, wellches er, mit bewill
504 1043 1264 1122 ung dey Stutzmans geehan und dem
509 1088 1258 1184 lon daruon von dem Wadmerempfan
505 1153 1275 1255 Item als er zu Elschlischwandt truncken
446 1220 1262 1287 Wuff einem spychergelegen, habe da-
541 1252 1247 1319 selbsten ein gwüste persond ein dri
540 1287 1262 1352 hundige anckenballen us einem kell
541 1324 1256 1394 entragen und ime gelangenen zuge
516 1362 1262 1431 bracht, wellche er hernach verkaufft
526 1428 1274 1510 Veerners zu Buegdorf in einem
552 1488 1274 1559 Schüeli und er dem gön unwien
540 1530 1273 1597 das etwas da were, In einem sack
558 1564 1274 1629 ein kas, ein bar ermalund ein man
549 1599 1273 1662 gefunden, die ermel wider geben, vnd
546 1631 1263 1713 den mantel umb drysig batzen
546 1681 818 1752 verkonfft,
528 1730 1264 1831 Zu Gdschlach einer frouwen eine
558 1786 1272 1870 Bibels abentlenet, welche er umbein
571 1832 1271 1908 käs versetzt, deren man aber herna
556 1869 1016 1947 dieselbe wider gelöst
555 1910 1267 2001 Was dann die ime fürgehaltenem
560 1951 1275 2033 mard und ander virhaten, deren
566 1970 1269 2067 von dem unlangest alhie eingerichte
568 2016 1269 2121 Isteter Löüwenberger mit jone und
569 2049 1275 2145 dem auch hingerichten Satler Bentze
569 2091 1268 2189 begangen zuhaben, gnaccusiert wor
573 2125 1274 2220 anbelanget, hat er derselbigen in
563 2157 1265 2263 einichen weg nit gichtig seyn wollen.
585 2192 1282 2320 onders forgberfiret, ime in diger
574 2226 1274 2347 tal gentzlichen unrecht gescheche, de
569 2267 1273 2395 gr siee vier jaren dahar ermelten
554 2301 1280 2415 Böffirenberger mie gesachen nocha
565 2344 1254 2459 weder mit dem halben uggenome
561 2369 1282 2508 hienor, da sy uff einer ellxmiteman
549 2404 1283 2548 ren umb den lon geschwendtet no
562 2448 1261 2563 mit anderen bösen gstllen eiiche
552 2485 1267 2616 oder gmeinsamme yhans Ergabe
561 2510 1281 2663 dan ermalten Sattlerbentzen, sie
566 2556 1247 2691 verzechen imr nie gesachen und v
575 2577 1283 2745 in seyen jaron meintlen füred
572 2625 1271 2773 zinft, alda er sin habendes aetznn
590 2658 1272 2826 schriben laßen, komen sunderss
540 2693 1260 2885 ufndenthalb verbliben, item w
1301 654 1346 703 155
2118 527 2194 586 55
1411 595 2071 736 ber man inne seinner 5e
1688 656 2140 774 he von deßentwegen
1568 717 1664 769 50f
1417 720 1563 784 namse
1500 696 2107 828 sy Muter s kugner ursel
1423 765 1486 819 aß
1491 766 1941 876 genambset grorßen,
1411 815 1472 882 34
1476 807 2168 944 stliche vnfeldet er, sye sy läben
1504 887 2150 977 ss keiner gfanghenschafft, nach
1412 928 2169 1030 outh weder worf dem geist nach
1408 976 2126 1086 beltliches gerichtsghin und wan
1410 1010 2210 1132 man ime schon ein glib, uß dem and
1419 1078 2059 1161 ige, wiese er doch wysers
1397 1139 1591 1229 huteken
1427 1187 2109 1296 2 mal Lär, 2 mal mit der
1607 1257 2219 1347 ein und 2 mal nüt zweyl
1423 1275 1602 1342 leinen
1376 1300 2132 1384 osteines ufzogen, der drite auch
1401 1349 1949 1431 hin zugefounden worden,
1381 1498 2201 1592 sanibslac dem 27. jugusti
1407 1557 2183 1642 auch deß 25 31. janr habenst ab und
1422 1606 2175 1683 volehrmalter h. Aielatskilch
1402 1649 2184 1748 bergehr, des kleinen rats dem h
1369 1688 2181 1800 Navonart zechender der junger
1404 1742 2206 1863 der kürgero und h Hans Mnthan
1338 1799 2191 1898 Fellier Großirewel aberzalet
1371 1838 2159 1936 Den shaffte3. Hans Strach sonsther
1413 1897 2200 1996 nank Limerbentz, übershiation ge¬
1406 1941 2219 2072 melte vffue gezigten vnthutten alhie
1410 1991 2193 2125 umarztli examimert wie alls
1409 2034 2204 2160 noch verdiers nach volgende mart
1401 2088 2179 2209 aninne wendefalbts, hat er
1409 2136 2201 2278 nützit anders verpachen wellen,
1400 2184 2155 2319 weder das er by ariger syner
1403 2233 2166 2389 bekantnuß standtsatttis außtr
1391 2279 1940 2405 des tadt beharren welle,
1398 2376 2131 2531 etrasent syne vermeinten baser
1410 2437 2168 2585 mitgespauhnet, at er abermalen
1413 2463 2181 2641 Jeob Hß gestendig syh welden
1417 2524 2184 2716 andere vmeldet begehre daruf
1417 2561 2178 2760 usterbehen, das er sich hebentag ege¬
1409 2607 2145 2814 tales kein b�lh gselschafft ghohn
1423 2668 1802 2795 rmer e
1423 2723 2180 2867 angerhaben 1 f monthath
