2448 3264
515 556 1228 728 Ehr habe ouch verschinen Herpstes
557 630 1235 769 an see geholtffen läfen und al
572 657 1250 834 ich oauch die Byth merech eherlich
559 690 867 801 fürgebracht,
559 740 1251 917 Bitter also vn ge nantz demüen
563 832 1212 948 umb genot und verzyhung
568 883 1221 987 ein vermelden, er sich in das
567 922 1228 1027 krünfftig eherlichen verhalten
528 949 711 1018 wolle.
554 1023 1251 1147 Ist einmal lär und einmal
514 1081 1235 1182 mie dem kleinen stein uffgebe
614 1126 1131 1210 hernach Būm schreeck
1158 1172 1264 1228 du
550 1161 1186 1251 der ander stein ouch herbe
567 1199 961 1268 gebunden werden.
651 1342 1254 1458 mit rüchen ußgeschmeitzt
612 1394 1230 1492 und dem wydtvor stat
624 1449 1174 1558 und land verwigen
2061 528 2133 596 38.
1531 645 2120 778 Carya Gerer Purttig
1525 738 2074 844 vor dem Wald, in der
1547 781 2046 879 Amptliūng Arbūeg
1447 907 2123 1030 zestwrigen tags alß den 5. mayi
1370 1001 1462 1076 D
1435 986 2208 1132 diß 1632 jahrs habende uß vgd benelch,
1419 1058 2205 1176 die Ehrenuesten, F. F. f. wysen Herrn
1437 1113 2186 1244 S. Niclaus Luchberg, deß kleinen Raths
1440 1191 2196 1308 h Petter freüttig großweibell, sampt
1452 1261 2125 1378 etlichen weiblen vn gch diennenen
1453 1322 2185 1429 iu droben in der kefi enthaltne
1401 1394 2087 1490 Marga Glur purttig vore den
1431 1432 2185 1553 Ward, in der amptlgung arbeg jetz
1467 1518 2189 1622 midt aber seßhafft uff dem Berg zu
1472 1590 2173 1675 Corppellen, welche So thmer tagen
1443 1644 2146 1753 Ob mnes gogehrenden Zeieren, s
1487 1712 2180 1808 Anner freischhentzl, Bun alhie in de
1472 1779 2183 1891 statt, sy etliche zimme blätte uß dem
1485 1850 2208 1961 ehien geflüchet und alda in daß Jank
1489 1924 2189 2027 dersteicht ghan, solche hernach zu ent
1489 1994 2215 2111 �mben erdappet und alß gefangk
1495 2075 2249 2177 nomen worden etc. Alhie zu Martzili
1488 2097 2232 2231 ber solchen diebstall vnd andere Ihre
1490 2193 2235 2295 begangenschafften, alles vffers vndt
1490 2267 2227 2391 eienstes, grenamimert vnd befragt
1481 2314 2178 2441 daselbsten sy bekhendt und vezälzen
1514 2366 2175 2510 daßvolget, Acs erstliche
1433 2426 2258 2621 Bar syn, daß sy weie genargemelt
1454 2535 2263 2687 somynes Zothehrenden Herren S Anner
1474 2593 2204 2743 Frischhertzen huch etliche zimnen
2002 2750 2192 2837 blatten.
