2448 3264
882 533 978 610 as
465 535 1235 692 Jacob auch den 6. februarii gesagten
507 601 1157 718 1623 jars abermalen alhie
492 640 1212 754 fencklich angenomen, in derb
515 684 1213 788 mmir dem zuweysen geherbt, alda
521 729 1260 858 ee das obstehenge, wyters verzächen,
462 753 1255 906 Erstlichen habe obenthalb zelp, ei
522 832 1242 938 guren 3 pfanrer entfraubdet
531 880 1241 984 und dieselben einem ketzer verkaufft
508 950 1231 1039 Item unwer von diser stat, un
531 1004 1249 1093 einem dörffli vor eines Buren
506 1045 1255 1135 hug eo einem Stock, 2 mäs dinck
537 1079 1267 1174 mewendt, vnd die, sampt dem fack
543 1134 1257 1217 in alhargan uff der stras eine
526 1168 1251 1256 Miller, vmb ein gulden vkaufft
516 1230 1227 1331 Wey in einem Döpffli, einem
546 1297 1260 1378 Buren von dem Hue ene pfamr
541 1341 1272 1419 und ein stuek fleisch vernnteüwet
564 1408 1247 1486 senne abe er gegangene, vnnd
538 1456 1254 1526 Der vorgemalt sin gehrankue
540 1492 1262 1548 im scaenthaal einem Landtman
546 1527 1264 1583 ein bas un der stuben entwandt
545 1570 1269 1636 und denselben mit einanderen quoßl
522 1615 1219 1665 wie auch dem alten h. Geeber
540 1650 1268 1714 alhie uß der schüren, daryn sy beocht
557 1687 1162 1759 by sachs mahen geunes opfs
495 1760 1261 1855 Rudi Sichen, dem Müller, ein käd
542 1811 1268 1878 vnd. 2. Schmarleiben das Schmät
543 1857 1265 1914 einem Schuchmacher vmb ein guld
527 1887 1246 1953 verkonkft und den bäs mit ein
515 1944 907 2012 anderen genogen.
544 1993 1265 2081 Jannergin zu wäberen, msens
542 2034 1244 2119 urentng, sachs pfarren lnt¬
547 2067 1209 2155 frömbdet, vnd dieselben nihi
520 2091 1267 2208 futhan guders s schneer bersterkt
531 2141 1206 2240 welche aber daselbsten wider
541 2180 1250 2289 hinwegg baren, vnd Inen nit
519 2263 744 2323 worden,
505 2278 1235 2400 Im Buggisperg, noch mit einem
539 2325 1215 2416 anderen Irem gespanen, einen
525 2356 1196 2470 Zuren, ein dpf Rucken
538 2386 1249 2504 genommen und ein ziger welchen
520 2428 1174 2545 llucken sy zu Cun das pf
527 2494 992 2589 an 3 tg verkaufft
500 2533 1245 2660 Ferstlich habe er allem h Ruthon
533 2569 1238 2716 tinder zu holligen, etliche lön
524 2606 1249 2763 us sinem wegen unntruwer
2084 513 2156 563 48
1994 577 2116 665 gicht
1425 617 1955 709 ber welliche sin anderes
1427 623 2181 744 were er gefangene mit enttan¬
1435 669 2145 796 eygeschmeitzt und uff ein gutgen
1413 708 2168 835 ensur abermalen in sin gennat
1447 740 2190 873 ewihen ungeacht degen abr uff
1419 793 2174 922 Dem 22. fugusti den lerstner
1426 833 2159 958 flognen 1630 jars abermalen
1428 855 2187 1005 alhie in der stat gefangen und
1432 909 2193 1037 volgendes zu Wartil eynlich
1458 984 1928 1083 erpammmert worden
1405 1011 2231 1142 daselbsten hat er über hienorbekente
1420 1059 2197 1169 diebstal wylers bekent, das er mit
1439 1100 2188 1196 hilff eines anderen sines gesanen
1460 1139 2120 1229 osich isteter hächlter nambte
1457 1151 2148 1270 im Guggisprag uff einer elle
1451 1211 2226 1308 2 läsen ve einem gaden genomen
1450 1244 2208 1343 en einen mit einanderen genoßen,
1431 1287 2158 1388 den anderen aber vmb ein gult
1435 1359 1629 1424 verkonftt
1450 1393 2149 1469 weer mir hilff obstad ouch in
1451 1391 2224 1509 Buggisperg ein him entfrombdet.
1628 1520 2168 1602 habe er h rasten wiet
1542 1553 1604 1614 ach
1430 1566 2242 1642 zum Tyüwen zu thun, by welchem
1447 1609 2198 1677 e hieuor gedienet eineckt stuk
1448 1640 2203 1710 leeendiget hiuer, vnd rekonnen
1462 1681 2249 1749 n einem stall genommen, dieselbe
1439 1720 2206 1786 zusamen in ein zurren gethann
1450 1776 2246 1824 und alß by gan winsigen getragen
1446 1790 2183 1862 inder welchen etliche verdorbenn
1441 1822 2210 1904 die lebendigen abe er daselbsteme
1449 1882 2187 1937 zurlinsigen der wirtin zu
1446 1913 2144 1980 Ochten vmb. 20 h. verkaufft
1447 1957 2208 2018 vnd alls hauff angezognen herr
1440 1989 2219 2055 hast, Ime gefangenen durch sien
1447 2027 2201 2090 krecht nachylen laßen und der
1446 2069 2187 2133 selbige inne alhie in de Stare
1452 2099 2238 2170 ergriffen, habe er gefangen die er¬
1456 2141 2178 2213 costen 20 f. Ime dem Knechten
1455 2176 2278 2267 zusampt einem zwilchinen wambsel
1452 2199 2271 2304 wellcheser ouch genomen vnd de bracht
1474 2242 1805 2309 sin wider geben.
1447 2256 1480 2307 9
1904 2262 2039 2333 en
1449 2314 2222 2435 Werners sye er auch im vergangenen
1457 2374 2151 2475 lersten ihredmontosischen lugharr
1458 2408 2262 2528 hotptwan michel seine erlaptne
1478 2446 2270 2581 un vrmle ungerißen und hinwegg
1482 2485 1641 2561 gezogen,
1476 2540 2243 2670 jedoch sich, ußere obgeschribnem jeder¬
1476 2589 2266 2710 zyth uffgecht, eherlich und redlich mit
1469 2628 2249 2754 dienen fürgebracht, wie er sich dame
1482 2671 2273 2784 gezen uff siner gehapten eeren.
