2448 3264
566 605 1249 808 den ve
554 685 1262 877 Dieselben alda im dns pöüw, sollche
578 773 1251 927 ernach hinwegg zunemmen verstecht,
559 798 1257 993 deere aber Hanob ergappet umdt
588 898 1259 1073 abereit In die gfangenschafft gelgt
557 961 806 1055 worden
555 1120 1252 1270 gennach alß sy vor etlichen jahren zu
521 1178 1268 1342 Coffingen gedenet, habe dieselbe
581 1268 1252 1393 wegen ihr man liederlich ghm by
510 1328 1269 1468 Bngefalr 15 g In ein anner vbog
543 1409 1276 1514 und syn gefangne hernach dieselben Jan
572 1476 1262 1605 zn nemen geheißen, welliches sy geho
558 1523 1266 1652 und solliche gere frauwen geben
684 1637 1256 1734 elben man aber vermeint, sy
574 1695 1268 1786 augne sölliches gelt entwendt, garm
571 1726 1268 1857 Feere sy gefangen und aber glych
564 1836 1217 1924 hernach wider lang gelaßen.
1123 1934 1166 2007 2
545 1950 1271 2074 Znlang hernach habe sy zu smnitiete
585 2047 1273 2145 wenig anckens und soltzes genomen
360 2042 536 2153 hend.
1103 2116 1208 2165 mar
383 2142 473 2181 j a
360 2105 1097 2214 in aber nach ußgestandner
572 2144 1272 2265 deß inmysens alhie in der gsagt
356 2179 570 2257 schatt gulgt.
585 2212 1275 2343 holfft, volgendts vff ein gutte C
550 2309 1186 2431 weider leng gelaten
544 2384 1252 2552 Welches sy aber nit gergstalten
559 2453 1278 2589 befartziget, weder daß sy haruff
573 2526 1267 2658 sich alhie in h Jacob Frchers hus
553 2571 1306 2718 ß erschlagen. in dem Teller btott
553 2620 1291 2767 acken undt sehbiß entwent
2058 519 2138 591 39.
1437 628 2209 797 Darnach hunff in die stuben gegangen.
1449 702 2190 852 mit einem mäßer ein gäntterli gelt oder
1454 784 2193 907 anderes zusuchen ufbrechen wellen, were
1453 840 2169 964 aber harob vehagt, abermolen alhie
1467 898 2166 1047 gefangen genommen und volgendts zu
1466 954 2194 1105 arzili mit anwendung zere Cortur
1474 1017 2224 1140 eaminert worden, Aldo sy vern
1460 1104 2218 1221 ners besechendt, daß sy einem Buren
1468 1156 2234 1273 zu Wäberen ein eynlachen entfr�mbdet
1443 1245 2225 1371 Item sidt daß sy sich deß dienes entzogen
1458 1302 2247 1410 sond dem gätter nach gangen, etwan brott
1474 1358 2248 1486 so sy kh�nnen gen Buren uß den k�rkh
1468 1445 1956 1559 off dem veldt entzuihet,
1435 1556 2244 1674 Item by einem Steinhauwer ein seüehelichs,
1356 1634 2027 1728 kinde ewilet, welches hat wi
1470 1692 2238 1802 daran Sy aber sehen schmit trage,
1451 1771 2244 1898 samb welliche gebrechen vnd vbrachte
1491 1838 2195 1952 siebställ, wäre sy gamalen mit
1494 1903 2229 1995 rüthen deßgeschmeit und mit gem
1500 1963 2205 2059 eit von Wyr stetten und landen
1486 2030 1882 2107 verwißen worden.
1441 2089 2240 2269 Hhugeacht aber sollicher verwysung habe
1507 2203 2248 2322 y sich wideruumb In daß Landt ge¬
1491 2241 2258 2387 laßen, dann sy gantz nit gewüßt, was
1509 2314 2238 2494 ein eide eigendelich sye und in sich
1494 2384 2230 2537 halte, die dersach aber deßen syed
1500 2412 2204 2592 daß sr ihr man, den sy hernach
1512 2520 2250 2674 geehlichet, ein syn von der vordrige
1524 2568 2227 2729 frouwen geheptes schinde rath en
1500 2632 2132 2760 schaffen anstellen wellen
2165 2699 2242 2750 0
