2448 3264
609 548 695 656 ß
764 592 1183 718 D ber ertig ds
689 604 764 694 un
786 643 1050 739 eibgraben
525 768 1229 929 ihn bysgnd end gegen meündtigeheit der
536 834 1230 976 Elwrünesten From Frenem Fenrs Wolgers
581 903 1236 1029 wysen zeiegen, higaniel vor Weieckt, I
565 954 1264 1093 heeinen recths alß geordnten  Ceamisis
553 998 1250 1138 Den h. erstlanen krchers und herren
582 1078 1258 1192 Groß weibell Tpilliers hatt der eshnen
581 1127 1260 1233 Zinstags acht tag gsin durch die froße
596 1192 1261 1301 gefangene vndt syngelegte Seli Kulter
580 1255 1242 1350 Haß den Eritzgraben, allie zu Marzil
588 1316 1257 1425 Andere wondt er besehrnn und srbachen,
738 1392 1033 1515 ambich
589 1514 1263 1630 ab er mit eiff Zeller patters by
576 1582 1268 1660 guttwyl, sß einem kellen ein lib
594 1647 1250 1717 bwott undt ein halben kaß genommen.
554 1751 1271 1866 Abermalen mit hilff einsie iuger
612 1828 1282 1927 Hans genampt uff Rigenen uß einem
606 1878 1232 1980 Offen zwey brott entfrömbdet
700 1985 803 2056 holtzanen
646 1997 1285 2101 ehr ein spöffer welchen erzich habe.
622 2098 1269 2237 zu Ätzigkhoffen gereystuck eynigs lich
627 2173 1269 2278 abe das einte grey undt geysig elle
613 2211 1278 2370 gehalten, welches er, die ell p3f
612 2268 1300 2428 verkhaufft undt 3 ander 48 ellen welh
628 2345 1220 2477 nr, die ell pe 2 k erohauffen,
564 2408 1287 2579 Dannothin alß ei s schmen herrftes ein
610 2488 1297 2623 gr spitnen an arnaipt vierhen
604 2541 1292 2692 tagslang, mit sich geführe und khanen
625 2584 1303 2751 sye gan Furern fwere er von geße
605 2630 1314 2803 befangen, undt aber glych hernach wider
606 2759 1024 2883 agglasen worden
2034 496 2120 558 72
1452 576 2163 761 ennach hatt er Wyters in der sett
1621 650 2199 779 manter bekhendtwelchebee
1385 766 1677 845 ss
1408 724 2159 886 gefanghene, hienah nit sole besehrnen
1543 834 1648 875 vosanhen.
1318 773 2158 953 ganglih sueff einer genampffill edieß
1421 835 2186 989 etwas vogende diebfält hhie gefell, ihme
1427 899 2198 1032 getränwt, wan ei gefangen und erwaln
1409 957 2122 1087 von ime beschenmen werde, so welle ein
1396 991 2176 1139 Ime ein aem von dei hyb lauwen
1403 1072 2189 1205 Namlichen das sy all dry zu Eggeswyl,
1416 1132 2188 1258 eß einem schaffe einehalben khuße genommen
1418 1203 2148 1319 wie auch aueth der nüttenbrag zu einem
1424 1250 2202 1386 Enster vuß ein shönen silbernen geschlecher
1437 1313 2028 1451 welchen sy einem weiechtworf
1433 1396 1855 1500 vmb 46 fl . Ghauff,
1462 1467 2197 1570 bermalen sy aldry zu Schafhußen am
1435 1533 2238 1624 Bigelberg genamft ußeien spycher heren
1447 1579 2216 1662 dann röche, der eine mit einer blauwen, dan
1452 1633 2217 1711 mit einer greunnen fhei Item nochein stork
1461 1675 2200 1760 ich er 2 leib brott, 4t par schuhsampf einer
1467 1715 2248 1809 wantzen gippen und 5 lb styste entfrombdet.
1448 1780 2258 1865 weliche ryster sy zu signauw verscheufft, das übrich
1466 1820 2235 1915 aber sy e innen zu Wollekeringen uß einem
1467 1884 2261 1969 hhand höltzen( Da sy es verborgen widerumb
1476 1921 1749 2026 genommen worden.
1500 1969 2280 2073 zernners habe er mit silff noch zwey anderer
1476 2040 2276 2126 an einem gerüßen orth ein bachen fleisch entfrömbet
1421 2081 2296 2218 Wythers er allein, aeß egte seines sumers by dem
1478 2144 2292 2272 . Pierdironen zu Wogb gedienet, habe er daselbsten
1495 2215 2291 2316 men pereit zum pfenster heeuß schandmen
1479 2241 2261 2375 ipar loßen 1 or schuch undt eine hembdt
1436 2314 2264 2449 Ab er selbs uf einem Berg zum pfenster geru
1485 2360 2273 2509 entwutt 1 decki und die umb 20 ß veschanfft
1415 2410 2289 2573 Wythers und vermerspatt eie nit besehenen welle
1500 2487 2308 2607 suders vermeldet, ein auch fäftig gewercet, wosein
1504 2531 2302 2672 zu Werchs fundene gott umd jann
1491 2569 2127 2727 Wigdn umb gwad undt verzychung,
1465 2621 2300 2815 Ist i wr1 mat mit kleinen sein und einmal
1467 2694 2037 2842 mit 2 seinen ufzogen worden.
