2448 3264
453 593 1249 758 emnach bekhendt er, daß er noch eine
497 663 1261 827 anderen weidling zu Marzili auch
508 729 1226 854 nacht genommen, mit demselben an de
570 795 1243 916 atten gefahren, aeda er w len
495 846 1237 967 schärt, wellicher zwey cloßschif eing
519 906 1263 1031 und ein keltins, daselbsten i ger au
518 968 1255 1096 gbndt fisch darinnen ghan uß dem kleinen
529 1031 1257 1129 Floßschuff die fisch nemen wellen, wäre
532 1096 1254 1199 abere ime dike aren ab entrunen
522 1153 1262 1248 darumb er dann daß ander großen,
544 1206 1263 1311 iß zir sagen geführet geoffnet ein
537 1279 1262 1372 zuben vol fisch, wie er schon hienor an
540 1330 1261 1425 orkhendt, aber nit all genommen, welch
538 1395 1252 1491 eie dem wirdt zu Capellen umb
555 1446 1278 1545 45 g er sehanfft, die anderen müht
556 1506 1264 1600 n hernach uß dem Floßschiff, welch
1196 1566 1242 1624 u
557 1660 1193 1754 san wellichen sryen Weidlmar
563 1720 1246 1824 zeiten im Gäbelbach temdnt ge
638 1772 1170 1867 de aber Ime entwuntn
475 1871 1258 2004 Zu sellicher entschür und sonbmg
552 1949 1273 2066 gesagter Weidangen und fiehen inne
563 2001 1279 2098 der gitter junger getreben, sonsten
535 2055 1266 2182 warte ime dißers niemalen in Sun
755 2119 1267 2226 gittet deßwegen sochgen
559 2186 779 2235 homen
560 2179 1270 2300 Ugdn umb ganemhertzigkheide gen
557 2269 899 2349 und verzychung,
582 2290 1259 2452 l. mall lär und einmall mit
551 2374 1254 2504 dem kleinen stein uffzogen worden
547 2436 1226 2560 Ist den 27. julii 1631 erkent, das er
958 2488 1244 2597 hr Bih
511 2501 1107 2618 für vorgericht mit gebogenen
651 2560 848 2628 suta gen s
583 2546 1151 2661 nal umb verbycheung bätten.
670 2569 1241 2685 ach uff ai gute censior ledig ge
532 2631 635 2711 n
507 2665 850 2761 werden sölle
1327 663 1387 723 53.
2170 517 2225 574 33.
1553 541 2155 669 Nichans Meyer Hienor,
1639 631 1781 703 gedacht
1523 635 2221 751 abende auch hochgenampt  gh an
1470 685 1521 769 6
1461 689 2227 825 Eißewer des gefangnen Sieli Meylers
1463 734 2225 865 ausch von Oltüngln gethane bekhandtnus
1443 791 2224 916 welche auch uf hienor gemeltem tag zu
1435 862 2215 976 monezili beschechen, sich vernugen wellen
1398 911 2239 1033 dero weigen ebenmeßigen beuelchwol¬
1451 955 2216 1090 gemeltem s Buberatoren koch uff
1452 1016 2212 1125 erlegt zne glychermaßen, vernners
1455 1080 2221 1189 uber den synenthalben auch ingelangeten
1444 1151 2134 1238 bricht von Lauppen mit zimlicher
1461 1188 2165 1280 antter erforshen zlaßen, dißen
1439 1246 2203 1339 benelch hatt vor und woler melter
1431 1300 2181 1396 myn hochehrender s kuch in gegen,
1443 1362 2240 1437 mettigkel endt der vorberünten, h Jolanß
1433 1405 2242 1505 Spürelers und h Großweibell Früngli
1444 1467 2153 1560 auch gestreigen Joos gebürender
1444 1522 2238 1603 maßen erstattet und der gefangne
1445 1570 2238 1667 hatuff seber daß abgeleßne wyters
1446 1630 1683 1715 esachen
1394 1719 2211 1872 Erstlich, daß er dem weibell von Hofen
1430 1826 2170 1918 mit elff Hanß Maritzen auch von
1437 1875 2207 1979 oltingen uff dem waßer und nit zu
1428 1911 2180 2036 land oder in geßelben güttern siben
1438 1966 2204 2110 geu�t genommen, daruon ei ime etlich
1434 2016 2105 2138 wider geben und die anderen
1428 2061 1753 2167 behalen mussen
1442 2162 2206 2316 einach habe er auch in der zytt alß
1409 2213 2161 2368 Lomalen ein maßkernen 40 hl.
1427 2273 2208 2443 golten uß sio syner frauw und seches
1434 2320 2250 2514 nach habend er shinderen großen herber
1429 2375 2161 2529 und Buberer hungers noth Hans
1424 2428 2226 2608 güttigk zu Oberküntigen ein Jarengs
1424 2480 2166 2658 Stierli entfrombdet, daselbige
1422 2539 2214 2740 gemetzget und mit einanderen geßen
1419 2601 2214 2814 sie hatt aber gan murtten getragen
