2448 3264
487 679 1244 843 Wie auch by einem steinhauwer ein
552 754 1054 869 rueheliches Kindterhilet
540 824 1216 954 vmb welche gebrehen, vnd vbrachte
686 911 737 956 al
740 905 1191 992 (:were sy davalen mit
648 941 1214 1038 tes ußgeschmkitzt, vnd mit dem
635 997 688 1051 dr
689 991 1225 1102 von Hochgedacht Ir gl. Stetten
587 1035 1159 1136 nd landen verwißen worden
555 1141 1214 1252 Vngeacht aber solicher vwysnng
603 1204 677 1263 abe
682 1207 1221 1302 sy sich lernach wideruubh
581 1247 1218 1343 In das sandtgelaßen, und also den
584 1311 1077 1404 gethanen eid vbprsechen,
556 1399 1217 1506 Haruf habe sy uf einem kychen
611 1466 1232 1554 uffes geinhetwas käß und brot
611 1530 791 1588 enomen,
569 1592 1270 1684 Item etliche mahl wruchstag vn
611 1642 1215 1736 nacht ein wenis ab besabden
577 1693 1249 1779 Gommen, vnd ruben eß den Gund
586 1753 1229 1886 Dannethin tetlichen Schuren
614 1815 1272 1912 den gsin etlichs alts isen unßlah
671 1874 1266 1951 den 20tb zuamen geleßen, vnd
693 1921 1260 2004 elbige einem gwuhsen meister
631 1967 1264 2070 Ihre, das fundt zu 2. fl. verkaufft
609 2038 1278 2152 derners habe sy auch der vergangen
600 2101 1244 2197 winter nit wytt vom Gurtes
666 2129 1272 2239 an er spuger ein kleins haus
701 2203 1072 2323 die entfrabdet.
497 2283 1259 2417 Vbermalen alsie and Matter
617 2360 1253 2470 einem undern stübli ein ander
591 2405 1262 2544 gonotkud genamen und daselbige
604 2470 1022 2615 hernach dekaufft,
540 2526 1263 2701 Alhie zum Metzgern lß der Obereo
602 2567 1274 2759 ginderet Stuben, ein kleins latt
2019 534 2114 623 4
1369 691 2205 823 ntfrömbdet, welches sy umb 4 lbz ver-
1363 744 2193 897 kauft, das selt aber noch nit empfangen,
1390 816 2228 979 ein alhie an d Beineshaßen, ein kleins
1356 888 2182 1026 und ein digs ehrin Häfels entwendt.
1336 942 2174 1055 nd das ei umb ein gulden und das ander
1355 1008 1773 1111 umb 2l verkaufft.
1332 1044 2177 1186 aber an vermeltem orth ein geunkeß
1379 1124 2196 1227 und dasselbige verkauft, sye ira nch
1373 1189 1839 1302 bußhars nützt worden,
1333 1249 2221 1391 Demnach habe sy ufeinzeit, als sy zu Tohtig
1387 1316 2200 1416 ssin einer zwüßen eeranss sohn der
1381 1364 2207 1472 dan die Nacht herbei gegeben, vß einem
1379 1426 2144 1500 affnen trag by den 100. guld gestolen
1386 1480 2219 1564 welches gelt aber alles, ußgesetzt 4 lb
1386 1534 2202 1622 Jrakeider abzesezt gehagt vnd delt
1379 1585 2026 1687 manspsohn zugestelt worden,
1335 1667 2245 1811 Nochmalen alhie vf der Hoßstatt genamp
1403 1754 2208 1842 ein wasberkesel, samptensein zunseh
1406 1807 2194 1890 nachsschwe und deß Baserkefel
1436 1849 1798 1938 b 46 bz verkaufft
1389 1921 2205 2023 Alsie an der Metzzergaßen vßeiem
1410 1977 2223 2072 uß ein darvbeth, vnd daßelbsten
1404 2016 1569 2084 erkaufft
1413 2068 2185 2216 uuer von daunen uß einem huß ent-
1424 2144 2202 2280 ragen ein hauptkhüß aue ziechen, 4
1419 2192 2212 2312 sein ein äschentuch, so wenigwerts
1432 2238 2235 2371 gen ein eaderreiti s12t elles rannes
1432 2291 2235 2456 ytigslach, 5 ellen anstrames thuch
1414 2347 2257 2515 e elles grauws hußstuch ein gynlachen
1417 2383 2197 2547 ud angelt 33 bz 3 ktelches alles
1415 2445 2232 2599 sy nach daheimen habe, ußgenomen, das
1441 2504 2052 2659 elt so sy umb korn erbheucht.
