2448 3264
582 616 1240 752 nitzet gewest untzie die jeigen
573 653 1240 783 zween erlarmen denen sy genomm
570 699 1254 822 worden und ihme kon und sollchen
611 741 1235 842 haaffen nachgefragt habendt.
617 796 1249 895 ann wanner gewüst, das die
572 825 1239 920 selben werend gestrlen fgsin herre
581 855 1253 959 er sy nit acht ttag lang uffgehalten
587 890 1260 987 vnd hernach erst verkoufft, wie
595 943 1261 1036 aber er gefangene dezere enttroib
595 975 1221 1059 ung, wie vorgehört vernommenn
591 1018 1215 1089 habe er das gelt von dem jenigen
575 1060 1246 1141 dem er dißere Schaaff verkaufft
588 1095 1216 1179 weder empfachen, noch auch sich
595 1132 1241 1213 Digers gschaffts wylers beladen.
589 1178 1082 1237 und annemen wollen
588 1236 1215 1314 Sinsten sye der obnermelte
603 1281 1249 1353 gefangene, nie, alls Zweymal
594 1322 894 1389 sy inen gsin
535 1514 967 1631 Dennuch
593 1577 1265 1637 ekent die frauw Madle Ballmndt
531 1629 1249 1702 ie das sy zwar lediger wyß, sic
600 1664 1275 1728 ie einem Khuyer mir vnkuschheit
575 1706 1232 1764 vertratt habe aber umb sollchet
592 1733 1264 1814 haler auch, wie gebruchlich abgebuh¬
603 1767 1247 1848 kich auch, siee das sy digen wlan Ie
604 1819 1271 1890 habe allszyth eherlich und wol gehal
600 1847 1271 1924 wie sy dann auch von keinem ergen
600 1884 1271 1955 lichen yuzug gantz mit wuge sonde
605 1919 1267 2003 ange vill meer mit irem mlan
588 1944 1277 2044 sihner tärig gan worchen, sich hier
548 1993 1259 2088 duech furzubringen, wol war
622 2026 1246 2122 ge es das zum hythen luth bri
630 2070 1259 2154 enry und yngangindt, das sy
569 2095 1272 2208 sich aber mit den alhen mneherlich
596 2152 1196 2253 verhalten werde sich nin
856 2214 954 2268 gen
609 2221 718 2278 r
607 2227 1245 2331 Bittend alho beide ainen hochge¬
635 2272 1240 2376 g gantz demutig umb ge
580 2341 1053 2419 vnd verzychung
647 2399 1177 2505 iste zwey shements
551 2444 1260 2549 Aos mit dem gydt führ der
577 2499 1270 2620 Bürgern sill hinns verwizen
1282 1193 1377 1236 benelt
2053 546 2131 611 35
1463 631 1994 768 Ladle Reyer
2125 784 2156 819 3
1449 780 2053 892 iewy r g fürgut anget
1447 816 2174 943 n befulchen, das die verhaffte dernen
1405 872 2147 1000 Radle Meyer gezensch hautmas
1436 902 2167 1055 hrischtng Confrontiert, vnd sy beide
1445 932 2221 1094 grund und embstlich gegenemandern
1423 1004 2165 1138 verhort werdnit, Als ist vorgesterig
1450 1046 2222 1182 ags den 25 aprilis 1631 wolermell
1474 1098 2180 1221 g durch wolermelte myie hoch-
1478 1117 2225 1251 eende Herrn H Johans Hallern deß
1418 1167 1466 1236 2.
1411 1195 2182 1307 Latb h Sammel Huzerder Bhurd
1433 1227 2195 1344 und hr großweibelhrutig statt
2134 1294 2189 1340 s
1453 1284 2118 1398 erhochen, da das erstlich mehr
1444 1323 2205 1450 agte dirnen vrnamen wrorden, welche
1451 1372 2189 1470 Abermalen, wie hieuor zu Marzil
1451 1425 2182 1531 töff uf irer gethanen bekantnus
1450 1480 2193 1570 bharret, mit erlutterung vnd
1458 1538 2191 1621 kenen umbstenden, das die thathals h.
1480 1586 2217 1684 ehing sich mit waßgangen, ires
1417 1633 2189 1718 ueineseshinen herpsts den par
1434 1686 2249 1779 Als deßsen ehefrauw ein kindtbettern
1476 1736 2252 1831 ewesen, zur fandern, In syn h. Eriches
1426 1787 2234 1876 Schuren bytag zeit geschechen, wie mun
1518 1843 2233 1934 sich schwanger befunden, habe sy
1479 1890 2203 1987 olsiches durch ein ggrüsen mahn
1468 1933 2227 2040 nde Hhrisching zu wißen gethan
1455 1971 2252 2087 daruf er nebent h inscob Dishaurg
1472 2028 2252 2142 lis sahn Buchse zu shra kamen stend
1476 2077 2186 2167 agehalten, wan d schwanger
1469 2111 2230 2232 ge, so sölle sy iut doc das kindt nit
1458 2162 2245 2300 überschrcken und zustellen, er wolle
1461 2220 2260 2365 wa solle Jar 15 1so lang erlebe,
1469 2286 2246 2417 abschon das kindt gestorben, ußrachten
1454 2345 2210 2454 euh bezalen, vnd also Ira damalen
1469 2384 2240 2507 albereit dei duraten, daruf ent
1497 2440 2260 2584 ichtet und wo vonnothet, sy sine
1482 2491 2273 2631 nach des blatz und orth zum wrarte
1489 2537 2260 2685 enten, zeigen wolte, daß ubers
1467 2572 2244 2735 habe sy hernach durchein fwüse
