2448 3264
518 585 1185 721 Christana Pfader verübte
538 649 1224 775 reuerenter zrelden) flerschliche
545 688 1207 798 gerlheitten, suryen vnd Vn¬
518 731 1251 841 enterkeiten, habendt hoch unnd
544 781 1240 875 wolgemelt nin a s schuldtheis
541 802 1245 920 Rhät und Burger diger loblich
546 842 1229 941 stat Bern uff iren synt zu
552 872 1214 984 recht erkendt und gesprochen
546 921 1233 1025 das sya mit rnthen uggaschmeitzt
555 966 1220 1061 demnach mit dem eydt
559 1001 1243 1108 von ir genaden stett unnd
540 1038 1179 1137 Landen verwißen worden.
1200 1105 1263 1162 solle
584 1084 1264 1238 Digere vrtheill ist den 8 nenen
560 1183 1219 1254 1bris 1631 tos tan Graer
512 1214 939 1292 statet worden.
695 1335 1186 1454 Isten Solchlißor
719 1407 1091 1518 Nydon
437 1516 1271 1669 sff Zinstag den 1. Novembris
535 1605 1261 1711 Anno 163 Ward Ester Solgli von
573 1666 1263 1778 hli Rydauw purchig von ihrer
573 1736 1278 1839 villfaltigen faleren und begangner
566 1799 1269 1910 reuerenter zurey wegen, ßß
574 1840 1265 1982 gnaden mit rutzen ußgehauren undt
551 1909 1273 2032 Dem eydt von ihr gd stetten undt
563 1972 1177 2095 banden verwißen worden.
728 2199 1205 2336 artinus Gorecki vnd
624 2280 1192 2401 Johannts Prackonsti wilig
648 2339 1230 2486 I  dolle gestend pnt
483 2434 1294 2636 Ih erschinen sambtags den 8. novembr
522 2501 1292 2675 Abzi habende uß ugdin benelchn, die ere
540 2567 1291 2746 mesten, frauen fürnemmen fürsichligen
508 2623 1310 2788 volgeacht Wysen herren  Johans
524 2683 1285 2886 Hyß deß kleinen rathss geter
1271 844 1397 895 vgeturten.
2069 460 2135 530 63.
1349 533 2172 802 pater
1354 605 2205 833 Portten der zuschiner tagen von Brachsel
1405 674 2183 885 Waldt alhar gefangenen mantieen
1391 705 2227 952 geten eaet b
1389 818 2157 994 poß Bobolin deß landts Bolorna.
1413 885 2145 1073 Iseliche wegen der Ihrigl, von den
1417 958 2213 1101 Turcket gefenglich enthalten, und dahan zu deren
1410 990 2219 1143 endtledigung erlegten sümen gelts, ain, vndt
1416 1069 2215 1199 wider umb stür anhaltendt, alhie zu Marzel
1422 1125 2228 1249 ernstworttig, wie auch by traüwung der
1408 1170 2216 1289 artter, Examniert, Ob Namlich sy be,
1393 1224 2240 1348 shennen wellindt, Alß herr Einammel Loüber
1406 1293 2172 1401 preedrant zu Guttwyl und hr jost an der
1418 1348 2243 1454 99 Bredicant zu Rohrbach wegen gwüßen
1421 1405 2240 1528 gschefften In Wirdtsai zu Hattwyl khome,
1418 1455 2236 1562 und angeegter s toüber sy beid dahelbsten
1410 1534 2223 1624 Alda syschon by den sier tagen gsin geessen.
1428 1587 2258 1655 und truncken und ein enweßen veriebt garnen
1433 1644 2225 1728 abzustan germandt, sy beid ime sr Taubern
1434 1691 2195 1785 ur antwortt geben, sy fragendt ime
1428 1731 2162 1843 nützit nach, Item sy syende anowurgesehen
1431 1803 2256 1901 onfession, Item alß gedachter Herr Louber
1444 1864 2246 1960 geredt, er sye dargegen gnoschich bide,
1429 1912 2245 2012 gnoßischer, vnd Saney zerischer Conffession
1448 1965 2273 2073 erspanter Martenns haruff geredt, was
1410 2023 2211 2114 das für ein confession sye, iß sye ein
1436 2074 2278 2191 fülle, faltsche, kattzeriche und tüfflische confes,
1436 2130 2264 2252 sion, wie auch vechinners gesagter Johannes
1461 2191 2271 2313 zu zuen gesprochen, Creuetenter vor hochgeacht
1434 2239 2163 2343 . Ich zumeiden) Ihre habendt vundts etc
1428 2300 1660 2367 Bberen etc.
1456 2387 2279 2500 haruff nun angewegter Martinus arandt
1460 2428 2272 2557 worttet, nach dem ihr mays Käng in folen
1466 2479 2215 2593 her vatterland Jurg krewg ingenommen
1461 2529 2249 2648 veenhergt und alles verbrantt, were er
1476 2572 2248 2699 sampf synem vatter und brruder von Wein
