<?xml version="1.0" encoding="UTF-8" standalone="yes"?>
<PcGts xmlns="http://schema.primaresearch.org/PAGE/gts/pagecontent/2013-07-15" xmlns:xsi="http://www.w3.org/2001/XMLSchema-instance" xsi:schemaLocation="http://schema.primaresearch.org/PAGE/gts/pagecontent/2013-07-15 http://schema.primaresearch.org/PAGE/gts/pagecontent/2013-07-15/pagecontent.xsd">
    <Metadata>
        <Creator>prov=University of Rostock/Institute of Mathematics/CITlab|PLANET AI GmbH/Gundram Leifert/gundram.leifert@planet-ai.de:name=German_Kurrent_XVI-XVIII_M1(htr_id=19584)::::v=2.6.7
prov=University of Rostock/Institute of Mathematics/CITlab|PLANET AI GmbH/Tobias Gruening/tobias.gruening@planet-ai.de:name=de.uros.citlab.module.baseline2polygon.B2PSeamMultiOriented:v=2.6.7
prov=University of Rostock/Institute of Mathematics/CITlab|PLANET AI GmbH/Gundram Leifert/gundram.leifert@planet-ai.de:name=German_Kurrent_XIX_M1(htr_id=19829)::::v=2.6.6
prov=University of Rostock/Institute of Mathematics/CITlab|PLANET AI GmbH/Tobias Gruening/tobias.gruening@planet-ai.de:name=de.uros.citlab.module.baseline2polygon.B2PSeamMultiOriented:v=2.6.6
prov=University of Rostock/Institute of Mathematics/CITlab|PLANET AI GmbH/Tobias Gruening/tobias.gruening@planet-ai.de:name=/net_tf/LA73_249_0mod360.pb:de.uros.citlab.segmentation.CITlab_LA_ML:v=2.6.6
Transkribus</Creator>
        <Created>2020-10-09T14:48:49.366+02:00</Created>
        <LastChange>2022-09-09T15:27:35.907+02:00</LastChange>
        <TranskribusMetadata docId="1334817" pageId="52359595" pageNr="19" tsid="114641345" status="IN_PROGRESS" userId="9570" imgUrl="https://files.transkribus.eu/Get?id=QMMEEYEXRETNWJKDIENGUGIH&amp;fileType=view" xmlUrl="https://files.transkribus.eu/Get?id=RWUVCWXFDAWTXBTUJZSIGACU" imageId="16363536"/>
    </Metadata>
    <Page imageFilename="Untitled document_00231-20200923_103912.jpg" imageWidth="2448" imageHeight="3264">
        <ReadingOrder>
            <OrderedGroup id="ro_1687513781054" caption="Regions reading order">
                <RegionRefIndexed index="0" regionRef="r1"/>
                <RegionRefIndexed index="1" regionRef="r2"/>
                <RegionRefIndexed index="2" regionRef="r3"/>
            </OrderedGroup>
        </ReadingOrder>
        <TextRegion orientation="0.0" id="r1" custom="readingOrder {index:0;}">
            <Coords points="522,633 522,2916 1292,2916 1292,633"/>
            <TextLine id="r1l1" custom="readingOrder {index:0;}">
                <Coords points="515,666 871,685 975,731 1021,703 1066,747 1163,732 1236,770 1243,709 1198,692 1145,703 1072,665 931,662 824,622 675,643 526,580"/>
                <Baseline points="522,654 557,656 593,657 628,660 664,662 699,665 735,668 770,670 806,673 841,677 877,682 913,686 948,692 984,696 1019,701 1055,709 1090,715 1126,722 1161,730 1197,739 1233,747"/>
                <TextEquiv>
                    <Unicode>Baß nun anbelange ihr ehman, byder</Unicode>
                </TextEquiv>
            </TextLine>
            <TextLine id="r1l2" custom="readingOrder {index:1;}">
                <Coords points="562,723 568,722 579,727 584,721 588,723 594,720 598,723 609,713 615,716 617,713 635,713 630,667 622,671 614,666 605,671 585,659 575,664 569,672 557,673"/>
                <Baseline points="567,720 598,719 630,714"/>
                <TextEquiv>
                    <Unicode>15</Unicode>
                </TextEquiv>
            </TextLine>
            <TextLine id="r1l3" custom="readingOrder {index:2;}">
                <Coords points="643,706 765,727 839,770 910,746 938,766 1024,756 1052,781 1155,776 1195,803 1252,803 1255,780 1225,764 1103,733 1005,715 972,731 936,710 896,723 805,678 690,697 646,684"/>
                <Baseline points="647,711 677,714 707,717 737,721 767,724 797,728 827,730 857,734 887,737 917,740 947,743 977,748 1007,752 1037,756 1067,760 1097,765 1127,770 1157,775 1187,781 1217,787 1248,794"/>
                <TextEquiv>
                    <Unicode>war anfangs by ettlichen wuchen</Unicode>
                </TextEquiv>
            </TextLine>
            <TextLine id="r1l4" custom="readingOrder {index:3;}">
                <Coords points="564,802 641,774 895,792 998,836 1037,809 1241,854 1249,829 1029,766 951,780 901,751 838,770 744,736 709,753 640,702 573,726"/>
                <Baseline points="573,770 606,771 639,773 673,775 706,777 740,780 773,782 807,784 840,788 874,791 907,793 940,798 974,803 1007,806 1041,812 1074,817 1108,823 1141,828 1175,833 1208,840 1242,846"/>
                <TextEquiv>
                    <Unicode>in etwas unwillen gestanden, aber</Unicode>
                </TextEquiv>
            </TextLine>
            <TextLine id="r1l5" custom="readingOrder {index:4;}">
                <Coords points="577,861 728,835 800,878 1117,873 1162,916 1187,895 1261,906 1264,877 1140,858 1085,821 1037,849 785,805 689,813 585,780"/>
                <Baseline points="585,834 618,834 652,836 685,836 719,837 753,840 786,842 820,844 853,847 887,851 921,853 954,857 988,861 1021,865 1055,869 1089,875 1122,879 1156,885 1189,890 1223,895 1257,902"/>
                <TextEquiv>
                    <Unicode>glychwol hernach gern oc ime gewont</Unicode>
                </TextEquiv>
            </TextLine>
            <TextLine id="r1l6" custom="readingOrder {index:5;}">
                <Coords points="599,900 642,893 673,915 745,890 866,947 895,929 1026,942 1057,965 1240,955 1243,929 1062,908 917,864 842,883 604,848"/>
                <Baseline points="606,887 637,888 669,891 700,894 732,896 763,897 795,901 826,904 858,906 889,909 921,913 952,916 984,918 1015,921 1047,925 1078,929 1110,933 1141,936 1173,941 1204,945 1236,950"/>
                <TextEquiv>
                    <Unicode>se derselbig schon im hoüwett, wie</Unicode>
                </TextEquiv>
            </TextLine>
            <TextLine id="r1l7" custom="readingOrder {index:6;}">
                <Coords points="591,949 664,987 718,959 773,965 813,1003 1058,1014 1093,989 1245,1031 1249,990 1211,969 958,959 896,929 871,949 842,925 784,934 746,891 651,929 594,924"/>
                <Baseline points="597,944 629,946 661,949 693,952 726,955 758,958 790,960 822,963 855,967 887,970 919,974 951,977 984,981 1016,984 1048,987 1080,991 1113,994 1145,998 1177,1000 1209,1004 1242,1007"/>
                <TextEquiv>
                    <Unicode>olliches im stiepst hernach geschechenn</Unicode>
                </TextEquiv>
            </TextLine>
            <TextLine id="r1l8" custom="readingOrder {index:7;}">
                <Coords points="584,1018 772,1018 875,1054 974,1039 1019,1062 1047,1050 1094,1091 1126,1073 1155,1093 1238,1059 1241,1027 1206,1040 1092,989 1006,1027 975,1005 750,996 713,966 670,988 640,968 588,976"/>
                <Baseline points="591,1007 623,1008 655,1010 687,1012 719,1014 751,1017 783,1019 815,1022 847,1025 879,1028 912,1031 944,1035 976,1038 1008,1041 1040,1044 1072,1047 1104,1050 1136,1052 1168,1055 1200,1058 1233,1059"/>
                <TextEquiv>
                    <Unicode>also ereurte geweßen, also daß er</Unicode>
                </TextEquiv>
            </TextLine>
            <TextLine id="r1l9" custom="readingOrder {index:8;}">
                <Coords points="575,1092 710,1076 878,1113 950,1092 1051,1108 1106,1147 1187,1125 1242,1144 1247,1094 1127,1074 1090,1090 984,1048 926,1063 791,1051 753,1025 706,1039 674,1013 579,1036"/>
                <Baseline points="582,1071 614,1071 647,1073 680,1074 713,1075 746,1077 779,1078 811,1081 844,1083 877,1086 910,1089 943,1091 976,1095 1009,1098 1041,1101 1074,1105 1107,1109 1140,1113 1173,1117 1206,1121 1239,1125"/>
                <TextEquiv>
                    <Unicode>gantz nit von diser materen, die sy och</Unicode>
                </TextEquiv>
            </TextLine>
            <TextLine id="r1l10" custom="readingOrder {index:9;}">
                <Coords points="596,1145 628,1128 841,1139 1247,1193 1234,1143 1107,1147 1024,1112 942,1129 889,1104 712,1110 683,1087 601,1086"/>
                <Baseline points="603,1131 636,1131 670,1131 703,1133 737,1134 771,1135 804,1137 838,1140 872,1142 905,1145 939,1148 972,1151 1006,1155 1040,1158 1073,1162 1107,1166 1141,1170 1174,1173 1208,1178 1242,1181"/>
                <TextEquiv>
                    <Unicode>saß unbesutte, wo eß ußlangen werde.</Unicode>
                </TextEquiv>
            </TextLine>
            <TextLine id="r1l11" custom="readingOrder {index:10;}">
                <Coords points="609,1191 758,1235 890,1202 1002,1258 1173,1228 1257,1264 1261,1214 1124,1173 1056,1190 996,1162 905,1173 854,1147 818,1163 776,1139 614,1134"/>
                <Baseline points="615,1179 648,1182 682,1185 715,1188 749,1189 783,1191 816,1194 850,1197 884,1199 917,1201 951,1204 984,1206 1018,1210 1052,1214 1085,1218 1119,1222 1153,1226 1186,1231 1220,1237 1254,1244"/>
                <TextEquiv>
                    <Unicode>elbs geesen hatt, prästshrfftig worden,</Unicode>
                </TextEquiv>
            </TextLine>
            <TextLine id="r1l12" custom="readingOrder {index:11;}">
                <Coords points="609,1367 743,1388 971,1366 1053,1400 1118,1392 1146,1417 1268,1405 1270,1364 1195,1344 1110,1338 1055,1360 980,1323 866,1345 760,1313 611,1337"/>
                <Baseline points="615,1358 647,1358 679,1359 712,1360 744,1361 777,1362 809,1364 841,1366 874,1367 906,1370 939,1372 971,1373 1003,1376 1036,1377 1068,1380 1101,1383 1133,1384 1165,1387 1198,1389 1230,1392 1263,1394"/>
                <TextEquiv>
                    <Unicode>iDem vermeldet sy auch, sy habe ihr</Unicode>
                </TextEquiv>
            </TextLine>
            <TextLine id="r1l13" custom="readingOrder {index:12;}">
                <Coords points="598,1423 1121,1433 1225,1474 1265,1457 1266,1428 1233,1409 1076,1415 1032,1388 1009,1404 830,1376 688,1398 600,1366"/>
                <Baseline points="603,1413 635,1413 668,1414 701,1415 734,1415 767,1416 800,1416 832,1417 865,1418 898,1419 931,1421 964,1422 997,1424 1030,1425 1062,1428 1095,1430 1128,1433 1161,1436 1194,1438 1227,1442 1260,1446"/>
                <TextEquiv>
                    <Unicode>leben lang sölcher matern nie gesehen</Unicode>
                </TextEquiv>
            </TextLine>
            <TextLine id="r1l14" custom="readingOrder {index:13;}">
                <Coords points="598,1469 880,1479 903,1499 1023,1473 1265,1504 1266,1458 1226,1475 1112,1436 599,1429"/>
                <Baseline points="603,1467 635,1467 668,1467 701,1467 734,1467 767,1467 800,1467 832,1467 865,1467 898,1467 931,1467 964,1469 997,1469 1030,1471 1062,1472 1095,1474 1128,1477 1161,1480 1194,1485 1227,1490 1260,1496"/>
                <TextEquiv>
                    <Unicode>und wann ihters ehemans brnders f</Unicode>
                </TextEquiv>
            </TextLine>
            <TextLine id="r1l15" custom="readingOrder {index:14;}">
                <Coords points="612,1519 651,1533 723,1517 770,1544 836,1527 880,1558 999,1520 1079,1557 1118,1523 1185,1552 1229,1535 1230,1493 1126,1501 1094,1481 1037,1479 1005,1503 787,1472 728,1498 613,1485"/>
                <Baseline points="618,1518 648,1517 678,1515 708,1515 739,1515 769,1514 799,1514 830,1514 860,1515 890,1515 921,1516 951,1517 981,1518 1011,1520 1042,1520 1072,1521 1102,1523 1133,1524 1163,1526 1193,1527 1224,1527"/>
                <TextEquiv>
                    <Unicode>wa die jenigen drey bäten solliches</Unicode>
                </TextEquiv>
            </TextLine>
            <TextLine id="r1l16" custom="readingOrder {index:15;}">
                <Coords points="601,1572 695,1608 808,1560 892,1608 1017,1572 1067,1598 1160,1578 1211,1611 1258,1597 1259,1549 1136,1554 1109,1529 1046,1558 970,1536 863,1550 836,1527 625,1554 601,1537"/>
                <Baseline points="606,1569 638,1569 670,1569 703,1568 735,1568 767,1568 800,1568 832,1568 864,1568 897,1569 929,1569 961,1570 994,1571 1026,1572 1058,1573 1091,1574 1123,1575 1155,1577 1188,1578 1220,1580 1253,1581"/>
                <TextEquiv>
                    <Unicode>derselben zusehauffen nit geben, pette</Unicode>
                </TextEquiv>
            </TextLine>
            <TextLine id="r1l17" custom="readingOrder {index:16;}">
                <Coords points="607,1632 676,1653 756,1625 834,1653 904,1653 980,1618 1247,1635 1246,1605 1158,1589 882,1606 851,1581 800,1603 751,1581 695,1608 656,1579 607,1601"/>
                <Baseline points="612,1634 643,1631 674,1627 706,1624 737,1622 769,1620 800,1619 832,1619 863,1617 895,1617 926,1617 957,1617 989,1617 1020,1619 1052,1619 1083,1620 1115,1620 1146,1622 1178,1623 1209,1623 1241,1625"/>
                <TextEquiv>
                    <Unicode>un ihr Labenlang meinalen Jaran</Unicode>
                </TextEquiv>
            </TextLine>
            <TextLine id="r1l18" custom="readingOrder {index:17;}">
                <Coords points="517,1705 552,1693 583,1702 600,1692 622,1704 667,1688 773,1703 805,1697 801,1644 780,1651 749,1631 676,1653 566,1605 510,1611"/>
                <Baseline points="522,1695 547,1690 572,1684 597,1680 622,1677 647,1673 672,1671 697,1670 722,1670 747,1671 772,1674 798,1677"/>
                <TextEquiv>
                    <Unicode>ordacht,</Unicode>
                </TextEquiv>
            </TextLine>
            <TextLine id="r1l19" custom="readingOrder {index:18;}">
                <Coords points="546,1809 700,1806 734,1783 907,1816 1001,1791 1089,1818 1154,1790 1258,1794 1258,1746 1226,1734 1184,1759 1128,1738 967,1767 815,1747 750,1713 675,1721 592,1770 545,1734"/>
                <Baseline points="551,1793 586,1791 621,1790 656,1788 691,1788 726,1787 761,1787 796,1787 831,1787 866,1787 902,1787 937,1787 972,1787 1007,1787 1042,1787 1077,1787 1112,1785 1147,1785 1182,1784 1217,1783 1253,1781"/>
                <TextEquiv>
                    <Unicode>unsten im Vberigen habe sy sich den Jag</Unicode>
                </TextEquiv>
            </TextLine>
            <TextLine id="r1l20" custom="readingOrder {index:19;}">
                <Coords points="600,1882 665,1855 781,1861 875,1836 1058,1857 1164,1830 1264,1838 1263,1791 1060,1819 998,1790 936,1821 733,1783 648,1822 599,1811"/>
                <Baseline points="605,1844 637,1842 670,1840 703,1839 735,1836 768,1836 801,1835 833,1835 866,1833 899,1833 932,1833 964,1833 997,1832 1030,1832 1062,1832 1095,1832 1128,1832 1160,1830 1193,1830 1226,1830 1259,1829"/>
                <TextEquiv>
                    <Unicode>lites läbens niemollen weder mit</Unicode>
                </TextEquiv>
            </TextLine>
            <TextLine id="r1l21" custom="readingOrder {index:20;}">
                <Coords points="564,1903 675,1888 798,1910 952,1884 1140,1916 1252,1891 1250,1830 1164,1830 1118,1866 919,1843 563,1875"/>
                <Baseline points="569,1896 602,1895 636,1894 670,1892 704,1890 738,1889 772,1887 806,1886 840,1886 874,1884 908,1884 941,1883 975,1883 1009,1883 1043,1881 1077,1881 1111,1880 1145,1880 1179,1878 1213,1878 1247,1877"/>
                <TextEquiv>
                    <Unicode>Diebstalen noch anderer mppigsheidt</Unicode>
                </TextEquiv>
            </TextLine>
            <TextLine id="r1l22" custom="readingOrder {index:21;}">
                <Coords points="555,1972 885,1940 1049,1961 1141,1929 1179,1956 1253,1936 1251,1892 1142,1916 823,1903 685,1930 608,1910 553,1933"/>
                <Baseline points="560,1962 594,1959 628,1954 663,1950 697,1947 731,1946 766,1943 800,1941 834,1940 869,1938 903,1937 937,1936 972,1935 1006,1934 1040,1934 1075,1933 1109,1932 1143,1931 1178,1931 1212,1929 1247,1928"/>
                <TextEquiv>
                    <Unicode>Hersgeßen, sonders allezytt ehrlich</Unicode>
                </TextEquiv>
            </TextLine>
            <TextLine id="r1l23" custom="readingOrder {index:22;}">
                <Coords points="602,2022 866,1992 1095,2020 1137,1993 1241,1985 1240,1948 1042,1969 993,1940 918,1973 733,1954 690,1983 599,1959"/>
                <Baseline points="606,2009 637,2004 669,2003 700,1999 732,1998 763,1996 795,1994 826,1994 858,1992 889,1991 921,1991 952,1989 984,1989 1015,1988 1047,1988 1078,1987 1110,1986 1141,1985 1173,1982 1204,1980 1236,1979"/>
                <TextEquiv>
                    <Unicode>erdlich und frombklich gehalten und</Unicode>
                </TextEquiv>
            </TextLine>
            <TextLine id="r1l24" custom="readingOrder {index:23;}">
                <Coords points="594,2063 832,2053 890,2077 1070,2044 1201,2051 1249,2039 1247,1987 1171,2009 1136,1994 1092,2020 973,2003 837,2030 748,2005 710,2033 642,2014 592,2032"/>
                <Baseline points="599,2058 631,2057 663,2055 695,2054 728,2054 760,2052 792,2052 824,2051 857,2051 889,2050 921,2049 953,2048 986,2046 1018,2045 1050,2043 1082,2042 1115,2039 1147,2037 1179,2034 1211,2030 1244,2027"/>
                <TextEquiv>
                    <Unicode>getragen, wie sy dann sölliches sin daß</Unicode>
                </TextEquiv>
            </TextLine>
            <TextLine id="r1l25" custom="readingOrder {index:24;} person {offset:24; length:6;}">
                <Coords points="589,2120 629,2141 671,2109 723,2130 753,2111 867,2120 935,2089 1061,2118 1137,2086 1181,2105 1256,2078 1254,2039 1098,2069 1062,2050 889,2077 834,2056 787,2086 707,2073 588,2093"/>
                <Baseline points="594,2115 626,2112 659,2108 692,2106 725,2103 758,2102 790,2101 823,2100 856,2100 889,2099 922,2099 954,2098 987,2097 1020,2096 1053,2093 1085,2091 1118,2088 1151,2085 1184,2079 1217,2074 1250,2066"/>
                <TextEquiv>
                    <Unicode>ehünfftig mit der hilff gottes noch</Unicode>
                </TextEquiv>
            </TextLine>
            <TextLine id="r1l26" custom="readingOrder {index:25;}">
                <Coords points="613,2203 675,2201 759,2163 797,2185 853,2145 894,2163 965,2147 1016,2166 1014,2132 975,2122 935,2089 893,2130 754,2110 726,2131 666,2114 639,2136 611,2136"/>
                <Baseline points="617,2160 643,2160 669,2159 695,2157 721,2157 748,2155 774,2153 800,2151 826,2150 852,2149 879,2147 905,2147 931,2147 957,2147 983,2147 1010,2148"/>
                <TextEquiv>
                    <Unicode>eythers thun welle,</Unicode>
                </TextEquiv>
            </TextLine>
            <TextLine id="r1l27" custom="readingOrder {index:26;}">
                <Coords points="573,2267 689,2238 813,2257 847,2234 1095,2205 1155,2236 1270,2185 1267,2139 1227,2130 1174,2170 1095,2141 1056,2170 936,2163 862,2191 569,2219"/>
                <Baseline points="576,2240 610,2240 644,2239 679,2238 713,2238 748,2237 782,2235 817,2233 851,2231 886,2229 920,2226 954,2223 989,2219 1023,2216 1058,2211 1092,2208 1127,2203 1161,2198 1196,2193 1230,2187 1265,2181"/>
                <TextEquiv>
                    <Unicode>itt er also zu gd seher flechenlich un</Unicode>
                </TextEquiv>
            </TextLine>
            <TextLine id="r1l28" custom="readingOrder {index:27;}">
                <Coords points="530,2317 663,2283 705,2306 830,2275 878,2302 910,2273 1090,2279 1141,2256 1173,2276 1286,2248 1283,2201 1155,2236 1101,2213 814,2257 756,2239 730,2265 682,2242 620,2264 525,2224"/>
                <Baseline points="534,2282 571,2282 608,2282 645,2280 683,2280 720,2279 757,2278 795,2276 832,2275 869,2273 907,2271 944,2268 981,2265 1018,2262 1056,2258 1093,2255 1130,2253 1168,2249 1205,2246 1242,2242 1280,2237"/>
                <TextEquiv>
                    <Unicode>gemüttig umb genad und verzychung.</Unicode>
                </TextEquiv>
            </TextLine>
            <TextLine id="r1l29" custom="readingOrder {index:28;}">
                <Coords points="577,2346 663,2333 751,2357 809,2334 905,2360 1005,2317 1260,2296 1257,2257 1160,2281 939,2271 883,2306 575,2312"/>
                <Baseline points="582,2339 615,2337 649,2336 682,2333 716,2332 750,2330 783,2329 817,2327 850,2325 884,2322 918,2320 951,2318 985,2314 1018,2312 1052,2309 1086,2306 1119,2302 1153,2299 1186,2295 1220,2290 1254,2286"/>
                <TextEquiv>
                    <Unicode>mit anzeigung sölliches alles an der</Unicode>
                </TextEquiv>
            </TextLine>
            <TextLine id="r1l30" custom="readingOrder {index:29;}">
                <Coords points="562,2405 700,2390 823,2422 869,2383 916,2407 1120,2358 1222,2377 1263,2359 1258,2298 1020,2352 968,2331 898,2361 822,2344 560,2378"/>
                <Baseline points="566,2397 600,2394 635,2393 669,2390 704,2388 738,2387 773,2384 807,2383 842,2381 876,2379 911,2376 945,2375 980,2373 1014,2370 1049,2366 1083,2363 1118,2359 1152,2355 1187,2349 1221,2344 1256,2337"/>
                <TextEquiv>
                    <Unicode>martter zu erhalten, daß namliche</Unicode>
                </TextEquiv>
            </TextLine>
            <TextLine id="r1l31" custom="readingOrder {index:30;}">
                <Coords points="586,2457 927,2421 1002,2449 1105,2421 1140,2448 1226,2418 1223,2375 1202,2368 1117,2390 1072,2371 997,2403 952,2388 800,2416 724,2397 669,2422 583,2413"/>
                <Baseline points="590,2447 621,2444 653,2442 684,2441 716,2438 747,2436 779,2434 810,2433 842,2430 873,2429 905,2426 936,2424 968,2422 999,2420 1031,2417 1062,2414 1094,2412 1125,2410 1157,2408 1188,2405 1220,2402"/>
                <TextEquiv>
                    <Unicode>dem nit anders sye gann wiese</Unicode>
                </TextEquiv>
            </TextLine>
            <TextLine id="r1l32" custom="readingOrder {index:31;}">
                <Coords points="576,2509 638,2537 693,2498 746,2506 775,2528 808,2508 897,2510 891,2438 866,2454 822,2449 798,2465 764,2461 735,2441 695,2459 623,2446 573,2463"/>
                <Baseline points="581,2504 606,2501 632,2499 658,2496 684,2493 709,2490 735,2489 761,2487 787,2485 812,2483 838,2482 864,2481 890,2481"/>
                <TextEquiv>
                    <Unicode>beschendt habe,</Unicode>
                </TextEquiv>
            </TextLine>
            <TextLine id="r1l33" custom="readingOrder {index:32;}">
                <Coords points="572,2599 860,2557 922,2576 1013,2543 1050,2561 1098,2535 1127,2551 1252,2512 1249,2473 1129,2504 1044,2478 967,2530 884,2508 788,2549 725,2513 639,2537 562,2499"/>
                <Baseline points="576,2586 609,2582 643,2577 676,2573 710,2570 743,2567 777,2564 810,2561 844,2559 877,2556 911,2554 945,2551 978,2548 1012,2545 1045,2541 1079,2538 1112,2535 1146,2529 1179,2524 1213,2518 1247,2511"/>
                <TextEquiv>
                    <Unicode>Ist 2 lär 1 mit dem kleinen stein</Unicode>
                </TextEquiv>
            </TextLine>
            <TextLine id="r1l34" custom="readingOrder {index:33;}">
                <Coords points="551,2656 709,2655 777,2617 842,2648 896,2604 1000,2635 1035,2599 1229,2579 1271,2553 1269,2528 1072,2568 992,2548 863,2589 724,2578 603,2608 544,2589"/>
                <Baseline points="555,2643 590,2638 626,2633 661,2628 697,2624 732,2620 768,2617 803,2614 839,2610 874,2607 910,2604 946,2601 981,2598 1017,2594 1052,2591 1088,2586 1123,2581 1159,2577 1194,2570 1230,2563 1266,2556"/>
                <TextEquiv>
                    <Unicode>uffJogen und hernach ihra der ander</Unicode>
                </TextEquiv>
            </TextLine>
            <TextLine id="r1l35" custom="readingOrder {index:34;} person {offset:0; length:5;}">
                <Coords points="555,2700 689,2688 742,2708 782,2675 858,2703 906,2668 1026,2689 1112,2650 1164,2669 1246,2616 1243,2580 1200,2571 1110,2628 986,2637 938,2612 860,2651 731,2638 552,2669"/>
                <Baseline points="560,2696 594,2691 628,2688 662,2684 696,2681 730,2678 764,2676 798,2673 832,2671 866,2668 900,2666 934,2662 968,2659 1002,2656 1036,2652 1070,2648 1104,2642 1138,2636 1172,2630 1206,2623 1241,2613"/>
                <TextEquiv>
                    <Unicode>Stein zum schrecken herzu gebund</Unicode>
                </TextEquiv>
            </TextLine>
            <TextLine id="r1l36" custom="readingOrder {index:35;}">
                <Coords points="610,2742 651,2746 677,2737 693,2745 718,2726 739,2731 758,2721 767,2727 809,2725 807,2702 791,2703 778,2694 744,2709 721,2691 679,2706 629,2703 608,2715"/>
                <Baseline points="615,2736 642,2735 669,2732 696,2730 723,2729 750,2727 777,2727 804,2727"/>
                <TextEquiv>
                    <Unicode>worden</Unicode>
                </TextEquiv>
            </TextLine>
            <TextLine id="r1l37" custom="readingOrder {index:36;}">
                <Coords points="551,2810 588,2781 659,2797 794,2787 846,2759 1095,2752 1243,2719 1238,2665 1184,2695 1100,2672 1002,2684 900,2741 851,2714 802,2749 687,2766 599,2741 545,2759"/>
                <Baseline points="554,2787 588,2787 622,2786 656,2784 690,2781 725,2779 759,2777 793,2774 827,2771 861,2768 896,2764 930,2761 964,2757 998,2751 1032,2747 1067,2742 1101,2737 1135,2731 1169,2725 1203,2719 1238,2712"/>
                <TextEquiv>
                    <Unicode>It am 26. emeilis 163t zwosten</Unicode>
                </TextEquiv>
            </TextLine>
            <TextLine id="r1l38" custom="readingOrder {index:37;}">
                <Coords points="587,2832 674,2840 815,2812 836,2829 887,2806 938,2821 1119,2770 1192,2781 1239,2751 1236,2726 1073,2744 1023,2773 845,2760 786,2791 583,2806"/>
                <Baseline points="591,2829 623,2825 655,2821 687,2818 719,2815 751,2811 783,2810 815,2806 847,2805 879,2802 912,2798 944,2795 976,2792 1008,2788 1040,2783 1072,2778 1104,2772 1136,2766 1168,2759 1200,2751 1233,2742"/>
                <TextEquiv>
                    <Unicode>lang anchaber holgysen erkent und</Unicode>
                </TextEquiv>
            </TextLine>
            <TextLine id="r1l39" custom="readingOrder {index:38;}">
                <Coords points="575,2881 663,2856 805,2866 885,2841 907,2858 926,2836 1298,2779 1286,2739 949,2818 570,2840"/>
                <Baseline points="578,2864 613,2862 649,2859 685,2856 720,2853 756,2851 792,2847 827,2844 863,2840 899,2837 935,2833 970,2829 1006,2824 1042,2819 1077,2814 1113,2807 1149,2802 1184,2794 1220,2787 1256,2780 1292,2771"/>
                <TextEquiv>
                    <Unicode>demnach vff ein gute Consu, auch alter</Unicode>
                </TextEquiv>
            </TextLine>
            <TextLine id="r1l40" custom="readingOrder {index:39;}">
                <Coords points="565,2924 602,2941 667,2903 723,2894 784,2908 824,2898 853,2918 871,2897 931,2892 959,2872 1013,2878 1010,2840 939,2837 908,2858 891,2846 792,2869 759,2850 723,2866 693,2854 562,2880"/>
                <Baseline points="569,2906 594,2902 620,2899 646,2897 672,2894 697,2893 723,2891 749,2889 775,2887 800,2886 826,2883 852,2881 878,2879 903,2876 929,2874 955,2871 981,2867 1007,2864"/>
                <TextEquiv>
                    <Unicode>costens ledig gelagen</Unicode>
                </TextEquiv>
            </TextLine>
            <TextEquiv>
                <Unicode>Baß nun anbelange ihr ehman, byder
15
war anfangs by ettlichen wuchen
in etwas unwillen gestanden, aber
glychwol hernach gern oc ime gewont
se derselbig schon im hoüwett, wie
olliches im stiepst hernach geschechenn
also ereurte geweßen, also daß er
gantz nit von diser materen, die sy och
saß unbesutte, wo eß ußlangen werde.
elbs geesen hatt, prästshrfftig worden,
iDem vermeldet sy auch, sy habe ihr
leben lang sölcher matern nie gesehen
und wann ihters ehemans brnders f
wa die jenigen drey bäten solliches
derselben zusehauffen nit geben, pette
un ihr Labenlang meinalen Jaran
ordacht,
unsten im Vberigen habe sy sich den Jag
lites läbens niemollen weder mit
Diebstalen noch anderer mppigsheidt
Hersgeßen, sonders allezytt ehrlich
erdlich und frombklich gehalten und
getragen, wie sy dann sölliches sin daß
ehünfftig mit der hilff gottes noch
eythers thun welle,
itt er also zu gd seher flechenlich un
gemüttig umb genad und verzychung.
mit anzeigung sölliches alles an der
martter zu erhalten, daß namliche
dem nit anders sye gann wiese
beschendt habe,
Ist 2 lär 1 mit dem kleinen stein
uffJogen und hernach ihra der ander
Stein zum schrecken herzu gebund
worden
It am 26. emeilis 163t zwosten
lang anchaber holgysen erkent und
demnach vff ein gute Consu, auch alter
costens ledig gelagen</Unicode>
            </TextEquiv>
        </TextRegion>
        <TextRegion orientation="0.0" id="r2" custom="readingOrder {index:1;}">
            <Coords points="1443,2404 1443,2557 1473,2557 1473,2404"/>
            <TextLine id="r2l1" custom="readingOrder {index:0;}">
                <Coords points="1437,2514 1442,2514 1445,2511 1448,2515 1453,2514 1462,2522 1468,2521 1471,2523 1477,2523 1480,2490 1473,2489 1467,2483 1460,2489 1455,2486 1447,2491 1439,2491"/>
                <Baseline points="1443,2504 1473,2507"/>
                <TextEquiv>
                    <Unicode></Unicode>
                </TextEquiv>
            </TextLine>
            <TextEquiv>
                <Unicode></Unicode>
            </TextEquiv>
        </TextRegion>
        <TextRegion orientation="0.0" id="r3" custom="readingOrder {index:2;}">
            <Coords points="1397,548 1397,2821 2289,2821 2289,548"/>
            <TextLine id="r3l1" custom="readingOrder {index:0;}">
                <Coords points="2051,591 2064,592 2068,589 2071,591 2077,589 2081,592 2085,587 2094,586 2105,596 2112,595 2107,536 2095,535 2085,543 2072,537 2047,541"/>
                <Baseline points="2055,576 2080,573 2105,572"/>
                <TextEquiv>
                    <Unicode>13.</Unicode>
                </TextEquiv>
            </TextLine>
            <TextLine id="r3l2" custom="readingOrder {index:1;}">
                <Coords points="1599,736 1696,735 1750,717 1786,736 1849,700 2038,684 2029,623 1948,621 1927,640 1850,625 1752,670 1689,656 1617,696 1592,691"/>
                <Baseline points="1602,726 1627,726 1652,725 1677,723 1702,720 1728,717 1753,714 1778,710 1803,706 1829,702 1854,698 1879,694 1904,690 1930,686 1955,682 1980,680 2005,678 2031,675"/>
                <TextEquiv>
                    <Unicode>endick kalb Lin</Unicode>
                </TextEquiv>
            </TextLine>
            <TextLine id="r3l3" custom="readingOrder {index:2;} place {offset:17; length:4; continued:true;}">
                <Coords points="1599,797 1623,778 1668,790 1744,751 1775,764 1826,746 1856,758 2001,741 2043,728 2038,684 1943,694 1922,711 1841,706 1788,735 1751,715 1651,748 1591,734"/>
                <Baseline points="1601,767 1626,763 1652,760 1677,757 1703,754 1728,750 1754,748 1780,745 1805,742 1831,738 1856,735 1882,734 1908,730 1933,727 1959,724 1984,721 2010,719 2036,714"/>
                <TextEquiv>
                    <Unicode>jungen snab, von Rüg¬</Unicode>
                </TextEquiv>
            </TextLine>
            <TextLine id="r3l4" custom="readingOrder {index:3;}">
                <Coords points="1558,770 1569,771 1577,777 1583,777 1583,733 1575,733 1566,739 1558,738"/>
                <Baseline points="1563,767 1578,767"/>
                <TextEquiv>
                    <Unicode></Unicode>
                </TextEquiv>
            </TextLine>
            <TextLine id="r3l5" custom="readingOrder {index:4;} place {offset:0; length:4; continued:true;}">
                <Coords points="1720,810 1736,803 1748,807 1772,782 1777,785 1790,779 1804,784 1818,777 1829,781 1839,778 1834,746 1815,749 1802,761 1792,757 1788,763 1765,762 1740,768 1724,760 1712,766"/>
                <Baseline points="1722,792 1749,785 1777,778 1805,773 1833,774"/>
                <TextEquiv>
                    <Unicode>sont</Unicode>
                </TextEquiv>
            </TextLine>
            <TextLine id="r3l6" custom="readingOrder {index:5;}">
                <Coords points="1401,933 1655,868 1718,887 1820,844 2055,830 2104,861 2243,814 2238,769 2186,765 2066,790 1979,772 1903,817 1626,809 1498,857 1390,833"/>
                <Baseline points="1403,906 1444,898 1486,890 1528,884 1569,878 1611,871 1653,864 1694,859 1736,853 1778,848 1820,844 1861,840 1903,835 1945,831 1986,826 2028,824 2070,819 2111,816 2153,814 2195,811 2237,809"/>
                <TextEquiv>
                    <Unicode>Sytzers ist uff gester, verlüth rath Zedels</Unicode>
                </TextEquiv>
            </TextLine>
            <TextLine id="r3l7" custom="readingOrder {index:6;} person {offset:26; length:8;}">
                <Coords points="1465,939 1740,904 1836,920 1885,887 1992,919 2153,864 2246,876 2241,823 2113,856 1983,831 1846,871 1771,850 1716,889 1655,868 1616,898 1463,922"/>
                <Baseline points="1470,936 1508,931 1547,926 1585,921 1624,916 1662,911 1701,906 1739,901 1778,897 1816,893 1855,889 1893,885 1932,881 1970,879 2009,875 2047,873 2086,870 2124,868 2163,866 2201,864 2240,863"/>
                <TextEquiv>
                    <Unicode>nach der ehrenutsten sec. Hu Jacob Noch deß</Unicode>
                </TextEquiv>
            </TextLine>
            <TextLine id="r3l8" custom="readingOrder {index:7;} person {offset:16; length:17;}">
                <Coords points="1456,995 1596,968 1698,983 1738,959 1859,985 1995,937 2178,935 2235,896 2070,883 1992,919 1871,900 1739,932 1666,912 1453,968"/>
                <Baseline points="1460,981 1498,976 1537,973 1575,969 1614,965 1652,961 1691,958 1729,955 1768,952 1806,948 1845,946 1884,942 1922,939 1961,937 1999,933 2038,930 2076,927 2115,923 2153,920 2192,916 2231,912"/>
                <TextEquiv>
                    <Unicode>leinen mitsb st Castlan Thribolet und</Unicode>
                </TextEquiv>
            </TextLine>
            <TextLine id="r3l9" custom="readingOrder {index:8;}">
                <Coords points="1461,1058 1564,1029 1597,1050 1706,1008 1917,1019 2025,983 2092,1016 2178,969 2237,989 2248,913 2166,948 1966,947 1859,985 1735,963 1693,994 1614,974 1456,997"/>
                <Baseline points="1464,1032 1503,1027 1542,1021 1581,1018 1620,1013 1659,1011 1698,1008 1737,1004 1776,1001 1815,999 1855,997 1894,994 1933,992 1972,989 2011,986 2050,983 2089,979 2128,976 2167,972 2206,967 2246,962"/>
                <TextEquiv>
                    <Unicode>hr grostweibell freüttig ist by syn etlicher</Unicode>
                </TextEquiv>
            </TextLine>
            <TextLine id="r3l10" custom="readingOrder {index:9;} person {offset:19; length:5;} person {offset:26; length:13;}">
                <Coords points="1436,1097 1657,1060 1755,1075 1818,1047 2115,1052 2225,1028 2222,984 2093,1015 1879,999 1840,1028 1693,1011 1595,1051 1547,1031 1433,1059"/>
                <Baseline points="1440,1079 1481,1074 1522,1070 1563,1065 1604,1062 1645,1058 1686,1055 1727,1052 1768,1050 1809,1047 1850,1045 1891,1043 1932,1040 1973,1037 2014,1036 2055,1032 2096,1031 2137,1028 2178,1023 2219,1020"/>
                <TextEquiv>
                    <Unicode>weiblen bin junger kenab, bendicht halb,</Unicode>
                </TextEquiv>
            </TextLine>
            <TextLine id="r3l11" custom="readingOrder {index:10;} place {offset:20; length:7;}">
                <Coords points="1455,1139 1895,1088 2184,1098 2242,1084 2240,1036 1453,1104"/>
                <Baseline points="1460,1121 1498,1118 1537,1115 1576,1111 1615,1108 1654,1106 1693,1102 1731,1101 1770,1098 1809,1095 1848,1094 1887,1092 1926,1089 1965,1088 2003,1086 2042,1085 2081,1083 2120,1082 2159,1080 2198,1078 2237,1076"/>
                <TextEquiv>
                    <Unicode>genampt pürttig von Rügsauk wegen</Unicode>
                </TextEquiv>
            </TextLine>
            <TextLine id="r3l12" custom="readingOrder {index:11;} place {offset:13; length:15;}">
                <Coords points="1476,1176 1529,1202 1640,1157 1936,1155 2057,1125 2240,1144 2238,1104 2067,1115 1896,1088 1837,1125 1623,1117 1475,1146"/>
                <Baseline points="1481,1164 1518,1161 1556,1160 1593,1157 1631,1154 1669,1152 1706,1150 1744,1148 1782,1145 1819,1144 1857,1142 1895,1139 1932,1137 1970,1136 2008,1135 2045,1133 2083,1133 2121,1131 2158,1130 2196,1130 2234,1130"/>
                <TextEquiv>
                    <Unicode>erselbige im ostren spittall in nem</Unicode>
                </TextEquiv>
            </TextLine>
            <TextLine id="r3l13" custom="readingOrder {index:12;}">
                <Coords points="1459,1223 1638,1233 1657,1213 1703,1235 1890,1195 1933,1226 2007,1187 2098,1212 2165,1187 2230,1221 2226,1145 2100,1166 1895,1142 1458,1205"/>
                <Baseline points="1464,1218 1503,1215 1543,1212 1583,1208 1623,1206 1663,1203 1703,1200 1743,1198 1783,1196 1823,1194 1863,1191 1903,1190 1943,1188 1983,1187 2023,1186 2063,1185 2103,1184 2143,1184 2183,1182 2223,1182"/>
                <TextEquiv>
                    <Unicode>ung etlichen habers und pöüws ergriffen</Unicode>
                </TextEquiv>
            </TextLine>
            <TextLine id="r3l14" custom="readingOrder {index:13;} place {offset:17; length:7;}">
                <Coords points="1476,1272 1536,1292 1734,1261 1757,1280 1787,1254 1915,1262 1965,1235 2062,1256 2096,1234 2183,1267 2234,1218 2069,1195 1978,1224 1775,1204 1712,1233 1475,1227"/>
                <Baseline points="1481,1265 1518,1261 1555,1259 1593,1256 1630,1253 1668,1251 1705,1248 1742,1248 1780,1246 1817,1245 1855,1244 1892,1242 1929,1242 1967,1241 2004,1239 2042,1239 2079,1238 2116,1238 2154,1236 2191,1236 2229,1235"/>
                <TextEquiv>
                    <Unicode>worden, alhie zu Marzili ernstlafftig</Unicode>
                </TextEquiv>
            </TextLine>
            <TextLine id="r3l15" custom="readingOrder {index:14;}">
                <Coords points="1464,1324 1813,1300 1998,1330 2120,1290 2205,1331 2249,1315 2238,1242 2185,1268 2024,1266 1961,1237 1801,1281 1674,1265 1463,1289"/>
                <Baseline points="1469,1313 1507,1313 1546,1311 1585,1310 1623,1308 1662,1307 1701,1305 1739,1303 1778,1301 1817,1299 1856,1298 1894,1296 1933,1295 1972,1293 2010,1292 2049,1292 2088,1290 2126,1290 2165,1290 2204,1292 2243,1292"/>
                <TextEquiv>
                    <Unicode>aruber eeamimert und befragt worden,</Unicode>
                </TextEquiv>
            </TextLine>
            <TextLine id="r3l16" custom="readingOrder {index:15;}">
                <Coords points="1468,1386 1514,1370 1588,1380 1638,1354 1685,1355 1763,1387 1807,1370 1868,1378 1866,1325 1811,1304 1715,1323 1644,1317 1609,1336 1540,1325 1496,1341 1466,1333"/>
                <Baseline points="1472,1364 1498,1362 1524,1360 1550,1358 1576,1357 1602,1355 1628,1353 1654,1353 1680,1352 1706,1352 1732,1352 1758,1352 1784,1352 1810,1353 1836,1354 1862,1355"/>
                <TextEquiv>
                    <Unicode>welcher dan bekhendt,</Unicode>
                </TextEquiv>
            </TextLine>
            <TextLine id="r3l17" custom="readingOrder {index:16;}">
                <Coords points="1392,1509 1503,1496 1561,1527 1619,1505 1694,1535 1872,1492 2035,1512 2147,1483 2230,1506 2237,1458 2172,1464 2083,1423 1963,1471 1842,1475 1784,1435 1491,1469 1391,1433"/>
                <Baseline points="1397,1491 1438,1493 1480,1494 1522,1494 1564,1494 1605,1494 1647,1494 1689,1493 1731,1493 1772,1491 1814,1491 1856,1490 1898,1488 1939,1488 1981,1487 2023,1487 2065,1487 2106,1487 2148,1487 2190,1488 2232,1490"/>
                <TextEquiv>
                    <Unicode>Er habe sich syn läbenlang erlich und wol</Unicode>
                </TextEquiv>
            </TextLine>
            <TextLine id="r3l18" custom="readingOrder {index:17;} place {offset:30; length:8;}">
                <Coords points="1485,1582 1733,1545 1915,1576 1981,1541 2045,1571 2166,1540 2199,1568 2246,1542 2246,1504 2181,1510 2146,1484 2076,1522 1986,1505 1912,1529 1484,1529"/>
                <Baseline points="1490,1553 1527,1551 1565,1550 1602,1550 1640,1548 1677,1547 1715,1547 1752,1545 1790,1545 1827,1544 1865,1544 1903,1542 1940,1542 1978,1541 2015,1541 2053,1541 2090,1540 2128,1539 2165,1539 2203,1539 2241,1539"/>
                <TextEquiv>
                    <Unicode>ehalten, wie er gan hienar zu Tharberg</Unicode>
                </TextEquiv>
            </TextLine>
            <TextLine id="r3l19" custom="readingOrder {index:18;}">
                <Coords points="1473,1622 1562,1635 1620,1599 1673,1638 1717,1607 1903,1631 1986,1599 2245,1604 2244,1547 2191,1570 2146,1545 2029,1576 1473,1579"/>
                <Baseline points="1478,1608 1516,1607 1554,1605 1592,1604 1630,1602 1668,1601 1706,1601 1744,1599 1782,1598 1820,1598 1859,1596 1897,1596 1935,1596 1973,1596 2011,1595 2049,1595 2087,1595 2125,1595 2163,1596 2201,1596 2240,1596"/>
                <TextEquiv>
                    <Unicode>ein gütte zytt gen schwynen frevelenter</Unicode>
                </TextEquiv>
            </TextLine>
            <TextLine id="r3l20" custom="readingOrder {index:19;}">
                <Coords points="1477,1655 1613,1659 1710,1694 1744,1662 1834,1687 1943,1656 1997,1689 2050,1658 2189,1660 2189,1634 2040,1595 1952,1636 1844,1610 1477,1639"/>
                <Baseline points="1482,1655 1517,1655 1552,1655 1587,1655 1622,1655 1657,1655 1692,1655 1727,1653 1762,1653 1797,1653 1833,1652 1868,1652 1903,1652 1938,1652 1973,1652 2008,1652 2043,1652 2078,1652 2113,1653 2148,1653 2184,1655"/>
                <TextEquiv>
                    <Unicode>melden) gehüttet, Ittem alßei von</Unicode>
                </TextEquiv>
            </TextLine>
            <TextLine id="r3l21" custom="readingOrder {index:20;} person {offset:0; length:11;} place {offset:16; length:6;}">
                <Coords points="1489,1723 1561,1714 1601,1742 1655,1702 1785,1747 1895,1712 1973,1750 2089,1722 2255,1729 2255,1686 2177,1671 1867,1694 1753,1674 1678,1691 1620,1661 1563,1691 1489,1667"/>
                <Baseline points="1494,1709 1531,1709 1569,1709 1607,1709 1645,1709 1683,1709 1720,1709 1758,1710 1796,1710 1834,1710 1872,1710 1909,1710 1947,1710 1985,1712 2023,1712 2061,1712 2098,1712 2136,1712 2174,1713 2212,1713 2250,1713"/>
                <TextEquiv>
                    <Unicode>ßwer Johreo von Jannen khomen, Vff der</Unicode>
                </TextEquiv>
            </TextLine>
            <TextLine id="r3l22" custom="readingOrder {index:21;}">
                <Coords points="1481,1771 1683,1793 1784,1771 1862,1801 1940,1769 1990,1805 2078,1778 2264,1794 2265,1740 2196,1735 2139,1756 2023,1731 1963,1752 1926,1725 1826,1751 1482,1750"/>
                <Baseline points="1487,1764 1525,1763 1564,1763 1602,1763 1641,1764 1680,1764 1718,1764 1757,1764 1795,1765 1834,1766 1873,1766 1911,1767 1950,1767 1988,1769 2027,1769 2066,1770 2104,1770 2143,1772 2181,1772 2220,1773 2259,1773"/>
                <TextEquiv>
                    <Unicode>langen agrretten auch ein zyttlang einem</Unicode>
                </TextEquiv>
            </TextLine>
            <TextLine id="r3l23" custom="readingOrder {index:22;}">
                <Coords points="1445,1831 1636,1824 1684,1862 1737,1826 1826,1827 2026,1864 2065,1839 2225,1843 2226,1807 2031,1795 1987,1816 1904,1780 1848,1809 1727,1782 1545,1806 1493,1776 1446,1801"/>
                <Baseline points="1451,1817 1489,1817 1527,1817 1566,1817 1604,1817 1643,1818 1681,1820 1720,1820 1758,1822 1797,1823 1835,1825 1873,1827 1912,1829 1950,1830 1989,1832 2027,1833 2066,1835 2104,1836 2143,1839 2181,1839 2220,1841"/>
                <TextEquiv>
                    <Unicode>w unnerhandtwerches, gezineret</Unicode>
                </TextEquiv>
            </TextLine>
            <TextLine id="r3l24" custom="readingOrder {index:23;}">
                <Coords points="1447,1885 2237,1924 2239,1879 2173,1855 2070,1883 1805,1835 1530,1854 1450,1822"/>
                <Baseline points="1452,1874 1491,1872 1530,1871 1569,1871 1608,1871 1647,1872 1686,1872 1725,1875 1764,1877 1803,1878 1842,1881 1881,1884 1920,1887 1959,1890 1998,1893 2037,1896 2076,1899 2115,1901 2154,1903 2193,1905 2232,1907"/>
                <TextEquiv>
                    <Unicode>sondr gewerchet, Item nach dem er vor</Unicode>
                </TextEquiv>
            </TextLine>
            <TextLine id="r3l25" custom="readingOrder {index:24;}">
                <Coords points="1490,1936 1653,1971 1709,1935 1770,1962 1858,1938 2154,1987 2234,1977 2236,1943 2162,1917 2117,1939 2021,1916 1893,1926 1838,1893 1715,1916 1601,1885 1523,1912 1492,1896"/>
                <Baseline points="1496,1926 1532,1926 1569,1926 1605,1927 1642,1928 1679,1929 1715,1931 1752,1933 1789,1935 1825,1936 1862,1939 1899,1943 1935,1945 1972,1947 2009,1951 2045,1953 2082,1956 2119,1958 2155,1961 2192,1963 2229,1967"/>
                <TextEquiv>
                    <Unicode>eyen jahren alhar komen, habe er in</Unicode>
                </TextEquiv>
            </TextLine>
            <TextLine id="r3l26" custom="readingOrder {index:25;}">
                <Coords points="1488,1986 1575,2019 1754,1990 1893,2034 1953,2005 2013,2052 2074,2024 2116,2041 2231,2022 2232,1996 2127,1974 1864,1980 1748,1938 1661,1973 1489,1965"/>
                <Baseline points="1493,1983 1529,1984 1566,1986 1602,1987 1639,1988 1676,1989 1712,1991 1749,1993 1786,1994 1822,1996 1859,1997 1896,2000 1932,2002 1969,2003 2006,2006 2042,2008 2079,2011 2116,2013 2152,2016 2189,2020 2226,2024"/>
                <TextEquiv>
                    <Unicode>sollicher zytt sich mehren theills im</Unicode>
                </TextEquiv>
            </TextLine>
            <TextLine id="r3l27" custom="readingOrder {index:26;} place {offset:0; length:14;}">
                <Coords points="1482,2059 1852,2064 1909,2107 1952,2070 2023,2071 2179,2087 2261,2128 2266,2036 2153,2056 2085,2025 2020,2050 1953,2019 1629,2029 1486,1983"/>
                <Baseline points="1488,2048 1526,2046 1565,2045 1603,2045 1642,2045 1680,2046 1719,2048 1757,2049 1796,2051 1834,2053 1873,2055 1911,2058 1950,2061 1988,2064 2027,2067 2065,2070 2104,2072 2142,2076 2181,2079 2219,2081 2258,2082"/>
                <TextEquiv>
                    <Unicode>beren spittall enthalten und daselbsten</Unicode>
                </TextEquiv>
            </TextLine>
            <TextLine id="r3l28" custom="readingOrder {index:27;}">
                <Coords points="1478,2109 1786,2113 1812,2137 1840,2117 1956,2162 2025,2129 2250,2153 2269,2118 2179,2087 2023,2105 1971,2080 1909,2108 1703,2089 1652,2057 1481,2058"/>
                <Baseline points="1484,2094 1522,2095 1561,2097 1600,2100 1639,2102 1678,2105 1717,2107 1756,2109 1795,2113 1834,2116 1873,2118 1911,2121 1950,2124 1989,2127 2028,2129 2067,2130 2106,2132 2145,2133 2184,2135 2223,2135 2262,2135"/>
                <TextEquiv>
                    <Unicode>bali dem heiren gewerchet, bald mit</Unicode>
                </TextEquiv>
            </TextLine>
            <TextLine id="r3l29" custom="readingOrder {index:28;}">
                <Coords points="1482,2148 1539,2184 1630,2160 1781,2197 1848,2173 1984,2224 2162,2195 2265,2229 2269,2185 2147,2143 2011,2171 1786,2113 1721,2137 1485,2120"/>
                <Baseline points="1488,2142 1526,2145 1565,2147 1604,2150 1642,2154 1681,2157 1720,2160 1758,2163 1797,2166 1836,2171 1875,2174 1913,2177 1952,2182 1991,2184 2029,2189 2068,2191 2107,2194 2145,2197 2184,2201 2223,2203 2262,2205"/>
                <TextEquiv>
                    <Unicode>e zügen gangen, und bald auch mit anderem</Unicode>
                </TextEquiv>
            </TextLine>
            <TextLine id="r3l30" custom="readingOrder {index:29;}">
                <Coords points="1477,2215 1569,2201 1758,2256 1873,2231 1926,2268 2131,2247 2230,2306 2236,2238 2206,2218 1688,2203 1539,2184 1484,2149"/>
                <Baseline points="1485,2186 1522,2193 1559,2199 1596,2203 1633,2209 1671,2213 1708,2218 1745,2221 1782,2225 1819,2229 1857,2233 1894,2235 1931,2238 1968,2241 2005,2245 2043,2247 2080,2250 2117,2253 2154,2256 2191,2259 2229,2262"/>
                <TextEquiv>
                    <Unicode>hauwnen fürgebracht und erhalten.</Unicode>
                </TextEquiv>
            </TextLine>
            <TextLine id="r3l31" custom="readingOrder {index:30;}">
                <Coords points="1490,2262 1543,2297 1641,2269 1687,2299 1786,2284 2111,2331 2218,2324 2220,2303 2083,2267 2034,2285 1993,2264 1661,2256 1496,2197"/>
                <Baseline points="1497,2252 1532,2255 1568,2259 1604,2263 1640,2267 1676,2272 1711,2276 1747,2279 1783,2283 1819,2286 1855,2289 1890,2293 1926,2297 1962,2299 1998,2303 2034,2306 2069,2309 2105,2311 2141,2314 2177,2316 2213,2319"/>
                <TextEquiv>
                    <Unicode>sie habe auch sich nemalen weder</Unicode>
                </TextEquiv>
            </TextLine>
            <TextLine id="r3l32" custom="readingOrder {index:31;}">
                <Coords points="1470,2339 1544,2317 1691,2359 1821,2340 2003,2412 2145,2393 2203,2424 2225,2357 2151,2318 2047,2346 1988,2312 1931,2334 1889,2301 1842,2320 1786,2284 1680,2310 1476,2281"/>
                <Baseline points="1478,2316 1514,2316 1551,2318 1588,2319 1625,2321 1662,2324 1699,2328 1736,2332 1773,2336 1810,2341 1847,2346 1883,2350 1920,2356 1957,2360 1994,2365 2031,2371 2068,2375 2105,2378 2142,2382 2179,2385 2216,2388"/>
                <TextEquiv>
                    <Unicode>spillens, nach anderer unkehünschheidten</Unicode>
                </TextEquiv>
            </TextLine>
            <TextLine id="r3l33" custom="readingOrder {index:32;}">
                <Coords points="1513,2384 1553,2376 1615,2397 1637,2387 1653,2399 1737,2396 1783,2405 1833,2447 1873,2446 1880,2396 1817,2395 1750,2352 1692,2374 1670,2351 1575,2350 1522,2325"/>
                <Baseline points="1521,2372 1546,2374 1571,2376 1596,2379 1621,2381 1646,2384 1671,2387 1696,2391 1721,2394 1746,2398 1771,2402 1796,2407 1821,2412 1846,2417 1871,2423"/>
                <TextEquiv>
                    <Unicode>sonderwunden</Unicode>
                </TextEquiv>
            </TextLine>
            <TextLine id="r3l34" custom="readingOrder {index:33;}">
                <Coords points="1493,2493 1529,2519 1722,2522 1880,2567 1976,2558 2230,2602 2270,2602 2277,2548 2100,2554 2016,2515 1920,2534 1753,2506 1699,2466 1557,2471 1498,2446"/>
                <Baseline points="1497,2498 1535,2503 1573,2508 1612,2513 1650,2517 1689,2522 1727,2526 1765,2531 1804,2537 1842,2540 1881,2545 1919,2550 1957,2554 1996,2559 2034,2563 2073,2569 2111,2574 2149,2579 2188,2585 2226,2589 2265,2595"/>
                <TextEquiv>
                    <Unicode>Allein uuf anhalten eines tag woners,</Unicode>
                </TextEquiv>
            </TextLine>
            <TextLine id="r3l35" custom="readingOrder {index:34;} person {offset:8; length:11;}">
                <Coords points="1503,2553 1677,2570 1788,2613 1834,2590 2198,2655 2255,2630 1980,2559 1868,2578 1722,2521 1691,2540 1671,2518 1630,2539 1507,2523"/>
                <Baseline points="1509,2546 1545,2550 1582,2556 1619,2561 1656,2566 1693,2572 1730,2577 1767,2583 1804,2588 1841,2594 1878,2599 1914,2605 1951,2609 1988,2614 2025,2619 2062,2623 2099,2628 2136,2633 2173,2637 2210,2640 2247,2645"/>
                <TextEquiv>
                    <Unicode>so sich Hanß Kölhli namset und unner</Unicode>
                </TextEquiv>
            </TextLine>
            <TextLine id="r3l36" custom="readingOrder {index:35;}">
                <Coords points="1503,2604 1755,2627 1844,2679 2022,2668 2068,2705 2150,2696 2191,2738 2281,2719 2285,2689 2209,2656 2129,2664 2080,2632 1933,2647 1677,2571 1509,2567"/>
                <Baseline points="1509,2597 1547,2601 1585,2605 1624,2610 1662,2615 1701,2620 1739,2626 1777,2632 1816,2639 1854,2645 1893,2651 1931,2658 1969,2664 2008,2671 2046,2678 2085,2683 2123,2688 2161,2694 2200,2699 2238,2704 2277,2708"/>
                <TextEquiv>
                    <Unicode>en der stue alhie woneth, welcher</Unicode>
                </TextEquiv>
            </TextLine>
            <TextLine id="r3l37" custom="readingOrder {index:36;}">
                <Coords points="1487,2673 1535,2645 1621,2690 1745,2672 1995,2739 2293,2767 2282,2729 2209,2734 2134,2692 2056,2716 2002,2675 1844,2678 1729,2627 1650,2644 1498,2602"/>
                <Baseline points="1497,2640 1536,2644 1576,2651 1615,2657 1655,2662 1695,2668 1734,2676 1774,2682 1813,2689 1853,2695 1893,2703 1932,2709 1972,2715 2011,2722 2051,2728 2091,2734 2130,2740 2170,2746 2209,2751 2249,2756 2289,2760"/>
                <TextEquiv>
                    <Unicode>ime vermeldet, wann er ime kantte</Unicode>
                </TextEquiv>
            </TextLine>
            <TextLine id="r3l38" custom="readingOrder {index:37;}">
                <Coords points="1488,2726 1585,2707 1715,2761 1766,2735 1835,2744 1888,2795 1960,2777 1997,2813 2041,2790 2151,2803 2202,2842 2262,2824 2270,2774 2230,2759 1955,2749 1856,2703 1826,2718 1711,2676 1622,2691 1499,2661"/>
                <Baseline points="1499,2690 1537,2695 1575,2700 1613,2705 1651,2712 1689,2718 1727,2725 1765,2731 1803,2737 1841,2745 1879,2752 1917,2758 1955,2765 1993,2771 2031,2779 2069,2784 2107,2791 2145,2796 2183,2802 2221,2805 2259,2810"/>
                <TextEquiv>
                    <Unicode>haben zu schommen laßen, habe wei sich</Unicode>
                </TextEquiv>
            </TextLine>
            <TextEquiv>
                <Unicode>13.
endick kalb Lin
jungen snab, von Rüg¬

sont
Sytzers ist uff gester, verlüth rath Zedels
nach der ehrenutsten sec. Hu Jacob Noch deß
leinen mitsb st Castlan Thribolet und
hr grostweibell freüttig ist by syn etlicher
weiblen bin junger kenab, bendicht halb,
genampt pürttig von Rügsauk wegen
erselbige im ostren spittall in nem
ung etlichen habers und pöüws ergriffen
worden, alhie zu Marzili ernstlafftig
aruber eeamimert und befragt worden,
welcher dan bekhendt,
Er habe sich syn läbenlang erlich und wol
ehalten, wie er gan hienar zu Tharberg
ein gütte zytt gen schwynen frevelenter
melden) gehüttet, Ittem alßei von
ßwer Johreo von Jannen khomen, Vff der
langen agrretten auch ein zyttlang einem
w unnerhandtwerches, gezineret
sondr gewerchet, Item nach dem er vor
eyen jahren alhar komen, habe er in
sollicher zytt sich mehren theills im
beren spittall enthalten und daselbsten
bali dem heiren gewerchet, bald mit
e zügen gangen, und bald auch mit anderem
hauwnen fürgebracht und erhalten.
sie habe auch sich nemalen weder
spillens, nach anderer unkehünschheidten
sonderwunden
Allein uuf anhalten eines tag woners,
so sich Hanß Kölhli namset und unner
en der stue alhie woneth, welcher
ime vermeldet, wann er ime kantte
haben zu schommen laßen, habe wei sich</Unicode>
            </TextEquiv>
        </TextRegion>
    </Page>
</PcGts>
