2448 3264
586 623 1190 773 Hans Rudolph Groß
680 714 1187 837 der herber und burger alhie
585 767 1238 935 Der alhie enthaltme gefangne
623 852 1208 980 ind verschiner tagen ußvn g
620 901 1232 1014 bekilch von Rötschmuindt alhar o
618 937 1241 1080 ihrte Hanß Rudolph Großbur
625 993 1231 1116 und herb er alhie hat gesperigen
627 1050 1233 1149 tags zu Marzili ald wer durch
617 1091 1233 1204 den ehrennisten f f f wolgeacht
627 1133 1232 1237 wie es herren h Hanß Rudalph
617 1181 1237 1271 Dubsi dess kleinen rhats und von
599 1231 1242 1333 ed. gl geordneten craminatoren
618 1275 1240 1378 by syh h Großweibel Tilliers
610 1330 1237 1416 was namlich er fürsenthatten,
618 1380 1245 1470 machte verbracht haben, mitgant
615 1435 1230 1520 ernsthafften worten Examiniget
615 1483 1200 1575 worden. Bekent, vnd besachen,
584 1572 1228 1680 Samlichen, als er vor etwas
611 1649 1237 1727 daren, mit noch einem anderet
571 1683 1229 1779 alhie Zunaäbern alh ein taunk
636 1736 1229 1828 ethan, helte damalen die wirt
576 1772 1250 1872 Rustien sich eines Bechers ge
623 1832 1247 1916 lsagt und als bald den argwos
616 1878 1216 1968 ffue gefangnen geworffen.
610 1887 1269 2028 ouch deßfregen stettig Ine gefenkln
615 1974 1258 2079 annemet laßen wellen, welcher
560 2031 1260 2142 Becher aber frahernach wider
620 2073 1280 2164 worden und erlmit destomunder
622 2118 1283 2223 so forcht der gefangenschafft wychen
613 2161 1283 2279 unß sich des landtsvseren müßen
605 2217 1266 2346 Jedasch were en, von deß Bechehrs
609 2255 1271 2392 wegen, zum anders mal nin
601 2302 1269 2453 eiffel bschwerer ganzen und als
613 2350 1283 2499 oliches seinem ersmnes corgricht,
600 2393 1299 2557 alhie kundt warden, er Jedesmals
598 2455 1299 2592 umb fünfpfandt gebüst worden.
2061 502 2118 597 69
1563 689 1944 788 abe er sich auch o
1522 709 2150 836 wyb unß kindes mitelner
1534 748 2171 879 ohr von Akonw Ann genamet
1639 784 2170 927 ganses und daranbnach
1429 840 1534 907 168
1632 894 2163 1021 vitalmeister Reinhardts
1470 973 2141 1103 ites räblmansfrauwen ein
1411 1011 1475 1068 ein
1381 1001 2204 1183 füestlich kindt erzüget und umbselbige
1399 1111 1696 1232 halber abbust
1399 1121 2167 1291 is ursach aber synes letsten ushrits
1402 1193 2201 1340 were gsin, syne schulden und insonderheit
1387 1238 2210 1386 die schuldt eines zkeltschenmand umb
1395 1309 2163 1432 yn, ds welchem ußtrit, habe er ein
1401 1360 2222 1479 zwüße Lirwen Cathrina genampt mit
1418 1402 2185 1507 einem seher jungen kinde angetroffen
1427 1446 2242 1565 nit dero umbher gezogen, und als sy mit
1434 1500 2219 1605 ananderen in die stalt hryburg kamen
1420 1555 2175 1661 und er sich laselbsten für iren eheman
1469 1598 2196 1720 geben, sollihes sich aber nit erkinden
1433 1651 2240 1743 kchannen, ihrere ercarnt, in die gfangen
1444 1706 2231 1812 hafft gelegt, und vollgents umbzot ge¬
1443 1749 2257 1840 trafft worden, welche 30l ein hryburg
1440 1807 2222 1898 beeirts kindtsvatter gut gemacht,
1442 1860 2255 1931 jedoch mit dem geding, das er zelangne
1429 1902 2257 1996 das kindt io synem kamen zu 8 Maritz
1443 1950 2256 2019 auffen laßen solle, und sich fur ein vatter
1434 2008 2259 2082 deßselben flagstelle, weliches er hethan
1431 2048 2256 2126 ach mit disen Wyhern vorbehalt, das
1446 2095 2252 2198 dise kirnen, das kindt behalten, sundt
1455 2151 2264 2238 alle dar acht eronen, darumb an diser
1460 2210 2254 2304 um der 30 t abgahr und bezalt
1473 2237 2295 2355 allnit, mit welcher linnen, er sich auch
1473 2282 2247 2413 underschikenlichen malen vergangt
1415 2324 2301 2467 Betressecht die haltschen ufgerichten behrn
1455 2378 2314 2517 und handschrifft berentser, das der schyneg
1443 2415 2260 2576 zwes und der andtharfft dreyen syent
