2448 3264
657 463 1235 642 mte
499 513 584 608 ie
706 532 1218 692 er nenge
782 586 1053 668 dürlachetc.
501 588 1251 765 zushiner tbigen, Bß Wigden benelch
541 642 1260 823 Ist den Jaoben in dem pfangenthaff
521 704 1237 870 der khefi enthaltne und durch In
513 756 1237 930 abrecht steiger heiri zu Unnesigen
530 828 1235 960 alhar geschiete umbher zuchende
532 870 1247 1034 zueche, hauß Inser, van Linggmen
537 934 1241 1089 wegen senes daselbsten zu uetige
518 999 1231 1125 In halt hochgenampt vngden über
567 1040 1243 1198 erichten Gneßyfff deß gegoßne
533 1105 1239 1224 Eester und schmächwore mn
506 1156 1223 1285 die ehermüesten ec . Wolgeacht
508 1214 1239 1330 Wysen heieren s Bath ludwigker
533 1281 1232 1381 eß kleinen Raths, S Petter frutti
535 1343 1222 1442 roßweibell gantz Flyß und
535 1393 1231 1477 ernstwordtig, getrammert
551 1437 1220 1539 end befragt worden, welcher
546 1497 1220 1580 aber uungeacht erster manung
525 1564 1225 1650 Gott im himel die ehr zu geben
535 1622 1224 1705 und hochgeacht sg die wahrhent
524 1669 1220 1755 zu beschennen, anders nit perzachen.
536 1721 1198 1795 seellen wederwaß volget
479 1812 1222 1907 Alß er vor etwas wuchen zu Colmar
529 1882 1225 1955 fürgezogen, were er daselbsten durch
544 1907 1220 2002 i soldaten alles geßen wan erghan
514 1961 1184 2062 spociert und geblünderet, wie auh
527 2000 1221 2089 noch über das mit einer sehr gefahren
492 2044 1238 2153 wund in das saupt und einem stig
495 2088 1232 2205 urch den lingsten soneng grwündet worden.
495 2142 1223 2265 Da sar mun entstande, gaßwaner
913 2174 1232 2287 eyns trncken nit
897 2233 1170 2317 s er macht
521 2235 608 2300 au
488 2289 783 2379 wüßen geg
439 2324 1203 2471 Nach dißem sye er zschmer wuchen
489 2372 1214 2502 dinech dißere statt, in welcheren
504 2414 1209 2543 erdrast alle Pfister umb Kor
499 2467 1187 2609 angehntogen, jedach aber kheine
517 2526 1171 2650 sochen khomen mögen, gezogen
530 2533 1198 2696 villens von ganngn nächer s
502 2585 1232 2752 und demmag ganmnerwg sich umb
1106 2651 1192 2703 ach
477 2663 1163 2811 erworne zu beschaüwen zu
2169 487 2213 537 1
1405 553 2209 715 Alß man ime daruff mun die jänigen
1456 608 2219 789 Im sobanzogner hochgeacht un g ueber
1488 662 2174 828 hichern leißyfft begrffnen end
1467 695 2257 872 fünsigen ußgegoßner grnsamen lester
1457 768 2158 930 snd schonach wortt fürgehalten
1467 817 2207 978 samlichen daß er gantz geeusamlich
1470 869 2185 1028 Gott den 8 jnn zimell gelesten
1470 919 2223 1071 mit fluchen und schweren gelesteret
1464 974 2212 1120 und der wirhi h pfischlachen sampt
1458 1014 2263 1175 einen schanen fürstluch entfrombdet
1466 1100 2254 1222 und daruff hur sie haß ihme hanßaam
1449 1125 2263 1269 end gesprachen, die erfedwanten iu bih
1450 1202 2240 1317 landen (reuerentismelden schräßen
1456 1266 2234 1376 er kilchengutter, syende esegen
1436 1303 2221 1424 dan der shappisten und sy all in
1451 1350 2242 1490 iein schellenesend dieben genamset
1433 1425 2204 1520 Fern nach dem er wegen der kelbe
1443 1499 2204 1585 Ist der gfangenschafft zu münsigen gelaßen
1444 1548 2208 1633 und an das fußsysen zum Bäntes daselbste
1449 1606 2214 1681 gelegt worden, Eie aber moleie
1434 1656 2230 1765 nitt solchen schwachernlich wartte ueßge
1440 1700 2192 1818 wroh er wolte d, daß sellische
1443 1752 2193 1862 lühe uff unß fielle und uenß mit eine
1452 1790 2224 1909 nderen verfronte, Item 1600 sacra
1452 1856 2230 1959 ent geschworen, der tägell undt
1454 1909 2188 2039 woll solle alles erschlachen, e
1455 1955 2155 2066 solle sich in dißer nacht selbs
1449 2003 2221 2150 ummb bringen mit höchster vermannnn
1433 2060 2221 2210 die ure wartendt zubesehenen
1427 2093 2238 2270 Namlich ettsolche waitt nit
1455 2160 2221 2314 ußgoßen habe, sie rüber hatt er
1445 2210 2227 2376 bekhendt und zum 2 mal gesprracht
1387 2249 2239 2461 Wan er es gottsagen solte, wücte
1441 2341 2236 2512 er es nit eigendelich zu vermeld.
1455 2375 2223 2558 ann sidthar, er die vermelte wund
1447 2426 2245 2624 In sym haupt empfangen und gezundt
1449 2471 2201 2671 ein wenig trmehre wüßen wegen
1433 2515 2239 2738 I lodenlichsinde synes haupts nit wat
1457 2584 2221 2777 er rede und wace, zudem sie ei
1434 2634 2250 2845 damalen sehr trunckh gewessen und haben
1468 2682 2141 2888 sontee agen
