4000 3000
2116 153 2347 213 trüber.
2347 162 2445 222 Ist
2457 166 2494 226 er
2567 183 2945 243 verwartung

2125 233 2354 293 Schönes
2374 240 2437 300 mit
2489 244 2624 304 abfin,
2655 251 2728 311 dem
2769 258 2821 318 das
2842 269 2967 329 ein¬

2128 307 2187 367 den
2229 312 2339 372 Eyd
2397 316 2456 376 wir
2499 323 2709 383 verlach,
2734 337 2903 397 verwisse

2110 386 2221 446 doch
2239 390 2313 450 Sie
2368 394 2461 454 nach
2507 399 2664 459 geschau
2793 414 2858 474 ei¬

2117 462 2480 522 vormals,
2524 474 2591 534 noch
2613 481 2690 541 bis
2734 499 2976 559 Mich¬

2130 528 2203 588 Tag
2231 537 2451 597 oblige,
2524 548 2561 608 die
2625 554 2681 614 Ihre
2708 567 2947 627 ge¬

2130 601 2147 661 se
2225 612 2665 672 nommen
2785 642 2940 702 vollen

2126 676 2137 736 es
2148 687 2846 747 aber,
2868 711 2932 771 mir

2138 771 2913 831 Genann¬

2132 840 2448 900 gesprochenen
2496 847 2678 907 Remont
2707 854 2832 914 mit
2889 861 2966 921 dem

2136 919 2180 979 aber
2234 917 2321 977 doch
2343 919 2441 979 der
2452 923 2571 983 Kilchen
2680 931 2788 991 noch
2799 938 2919 998 bishe¬

2658 1033 2974 1093 mich

2098 1064 2307 1124 log
2340 1066 2833 1126 von
2867 1079 2950 1139 Hin¬

2110 1142 2305 1202 Hinüber
2338 1145 2427 1205 den
2460 1147 2615 1207 Wallis
2664 1150 2737 1210 den
2761 1151 2810 1211 er
2835 1155 2916 1215 heine

2118 1220 2270 1280 gezogen
2368 1220 2476 1280 habe
2484 1222 2627 1282 sich
2663 1222 2842 1282 begaben,
2904 1223 2940 1283 das

2124 1301 2331 1361 Butter
2374 1301 2417 1361 Dr
2474 1299 2574 1359 dem
2738 1295 2946 1355 mütterlich

2127 1378 2383 1438 indessen
2452 1374 2684 1434 zuwerden
2770 1372 2901 1432 worden

2115 1457 2176 1517 als
2226 1457 2298 1517 das
2358 1456 2511 1516 desselb
2521 1454 2572 1514 zu
2623 1451 2704 1511 mann
2816 1447 2907 1507 da,

2112 1531 2422 1591 unerhört,
2454 1530 2503 1590 ob
2511 1528 2593 1588 den
2617 1525 2666 1585 1te
2715 1522 2781 1582 und
2805 1517 2944 1577 vor¬

2117 1610 2404 1670 erschlagen.
2434 1607 2611 1667 Deshalb
2631 1603 2671 1663 er
2671 1599 2829 1659 hier
2858 1593 2928 1653 zu

2120 1696 2367 1756 spenden
2412 1696 2580 1756 festen,
2614 1690 2637 1750 es
2682 1680 2839 1740 walles

2113 1772 2273 1832 gezogen
2322 1768 2439 1828 und
2481 1766 2641 1826 sicher
2661 1763 2731 1823 mit
2786 1758 2869 1818 eine
2890 1753 2939 1813 ge¬

2124 1920 2230 1980 weder
2337 1915 2487 1975 aber,
2551 1913 2615 1973 dass
2615 1912 2665 1972 er
2715 1910 2772 1970 zu
2807 1905 2921 1965 tra¬

2130 2001 2180 2061 zur
2209 1998 2328 2058 Beff
2377 1993 2535 2053 komme
2554 1987 2752 2047 und
2781 1981 2831 2041 sie
2850 1978 2939 2038 we¬

2117 2075 2216 2135 mann
2314 2071 2398 2131 mit
2466 2069 2542 2129 den
2572 2068 2663 2128 leich
2716 2065 2785 2125 also
2838 2062 2974 2122 gemach¬

2112 2150 2170 2210 es
2170 2146 2521 2206 bezalen,
2579 2144 2638 2204 das
2663 2143 2696 2203 er
2730 2143 2788 2203 von
2805 2140 2930 2200 Gat¬

2126 2231 2169 2291 war
2265 2224 2383 2284 kein
2437 2220 2544 2280 schweiz
2629 2218 2725 2278 haben
2768 2215 2875 2275 muß

2104 2324 2203 2384 Nun
2239 2319 2276 2379 sie
2429 2310 2475 2370 so
2511 2305 2629 2365 einen
2656 2298 2792 2358 wegen
2837 2292 2927 2352 Lot¬

2124 2394 2173 2454 ein
2212 2387 2467 2447 mischoff
2516 2380 2613 2440 den
2643 2377 2692 2437 Er
2858 2366 2946 2426 ver¬

2123 2476 2217 2536 sie,
2248 2469 2331 2529 der
2373 2462 2425 2522 die
2477 2455 2582 2515 alle
2603 2452 2634 2512 die
2780 2450 2936 2510 sitzu¬

2123 2542 2312 2602 landisch
2328 2533 2516 2593 gewesen
2595 2527 2642 2587 ein
2681 2524 2760 2584 des
2799 2521 2964 2581 höchlich

2131 2614 2451 2674 gefallen
2534 2600 2937 2660 das

2104 2705 2165 2765 In
2183 2699 2270 2759 zog,
2313 2691 2391 2751 und
2409 2686 2487 2746 das
2513 2680 2609 2740 thur
2705 2675 2775 2735 mit
2809 2672 2888 2732 In¬

2117 2767 2325 2827 Zug,
2358 2762 2391 2822 zu
2466 2753 2657 2813 Eigene
2707 2744 2781 2804 viel
2823 2740 2973 2800 hie¬
