4000 3000
2269 132 2409 192 einem
2479 126 2500 186 so
2540 120 2630 180 sich
2660 107 2921 167 leichart
2952 98 3052 158 von

2262 209 2603 269 Affisburg
2654 195 2825 255 neme,
2910 187 3182 247 fürnemlich

2288 293 2476 353 anhängig
2549 284 2737 344 macht,
2810 271 2998 331 welche
3061 261 3155 321 offt

2288 379 2487 439 einmal
2561 374 2676 434 mit
2739 369 2875 429 einen
2948 361 3106 421 Rost,
3137 355 3179 415 zu

2264 457 2489 517 Minister
2511 455 2596 515 zu
2618 455 2693 515 der
2757 452 2886 512 Ohr,
2929 446 2993 506 da
3068 438 3132 498 das

2258 546 2368 606 Poss
2418 539 2705 599 nochen,
2722 534 2832 594 und
2883 529 2916 589 er
2959 522 3161 582 hinweg¬

2257 631 2521 691 gresser,
2555 619 2905 679 vergebend,
2930 611 3016 671 er
3041 606 3152 666 wolt

2280 714 2379 774 sich
2393 710 2520 770 den
2563 707 2733 767 Die
2789 703 2931 763 Frist
2987 695 3143 755 wider

2287 804 2338 864 zu
2379 798 2471 858 der
2501 794 2726 854 künden,
2798 793 2869 853 da
2879 793 2961 853 aber
2982 792 3145 852 desselb

2282 880 2373 940 mit
2383 883 2504 943 mer
2565 884 2625 944 zu
2646 886 2717 946 de
2777 884 2858 944 von
2888 882 2990 942 noch
3000 877 3131 937 un¬

2277 958 2313 1018 ere
2501 965 2713 1025 Sonden,
2784 970 3008 1030 deßhalb

2284 1048 2476 1108 desselbe
2488 1055 2620 1115 wo
2728 1061 2776 1121 er
2848 1064 3100 1124 hofftigen

2269 1133 2397 1193 einen
2457 1136 2479 1196 nur
2899 1154 3072 1214 un¬

2263 1214 2287 1274 nen
2495 1230 2808 1290 verschafft,
2840 1236 2912 1296 aber
2960 1234 3088 1294 allein

2277 1301 2317 1361 vier
2367 1304 2397 1364 ein
2547 1316 2877 1376 empfang,
2897 1321 2967 1381 der
3057 1315 3127 1375 zwo

2276 1384 2339 1444 dem
2391 1392 2496 1452 wir
2548 1399 2600 1459 des
2684 1408 2778 1468 die
2820 1414 3019 1474 hoffe

2261 1466 2447 1526 haben,
2478 1478 2587 1538 und
2633 1483 2718 1543 die
2749 1486 2927 1546 Kinder
3013 1487 3106 1547 zwo

2278 1552 2345 1612 den
2402 1565 2627 1625 höre,
2661 1575 2729 1635 der
2751 1577 2797 1637 so
2830 1580 2876 1640 an
2921 1582 2988 1642 der

2263 1639 2380 1699 dem
2442 1644 2442 1704 gar
2442 1658 2872 1718 gart
2961 1670 3051 1730 gabe

2264 1724 2535 1784 spricht.
2558 1737 2641 1797 Die
2641 1743 2758 1803 sich
2805 1749 2864 1809 aber
2923 1754 3052 1814 hieb

2262 1804 2350 1864 gar
2360 1811 2458 1871 mit
2516 1820 2604 1880 In
2643 1828 2927 1888 müssen,
2966 1839 3113 1899 woher

2259 1893 2333 1953 von
2637 1919 2926 1979 Lienhart
2992 1929 3111 1989 mich

2264 1975 2395 2035 dessen
2421 1991 2605 2051 es
2684 2007 2842 2067 könne
2973 2015 3039 2075 Er

2202 2091 2370 2151 Denn
2466 2109 2585 2169 habe
2609 2115 2741 2175 die
2765 2124 3052 2184 immer

2242 2153 2285 2213 zu
2319 2168 2481 2228 Wesen
2541 2179 2635 2239 den
2686 2186 2831 2246 Lage
2857 2194 3028 2254 ver¬

2253 2234 2476 2294 einem
2534 2247 2569 2307 so
2616 2254 2698 2314 sich
2721 2267 2979 2327 Mepell,
3002 2281 3143 2341 Kemp¬

2228 2309 2327 2369 Khorn
2382 2324 2677 2384 scheiten,
2732 2344 2983 2404 demselben
3016 2356 3104 2416 si¬

2232 2387 2435 2447 zwischen
2483 2399 2550 2459 Tag
2589 2408 2714 2468 und
2753 2421 2878 2481 nach,
2946 2432 2994 2492 ein

2240 2461 2425 2521 Murten,
2456 2473 2487 2533 so
2518 2479 2662 2539 neben
2744 2491 2816 2551 dem
2868 2505 3012 2565 Huf¬

2239 2537 2542 2597 gewesen,
2585 2567 2876 2627 einfurt,
2909 2583 3017 2643 und

2212 2610 2293 2670 zu
2350 2625 2592 2685 Oelmen
2615 2645 2776 2705 einen
2810 2664 3006 2724 Keiner
