4000 3000
2088 272 2168 332 gen
2208 271 2298 331 zu
2298 269 2399 329 hus
2459 267 2569 327 gen,
2599 265 2840 325 dardurch
2860 263 2890 323 er
2910 263 3000 323 über

2094 370 2171 430 sie
2171 362 2440 422 ehren,
2478 362 2567 422 und
2619 360 2657 420 so
2695 353 2913 413 schlachen

2082 548 2151 608 Im
2186 547 2267 607 selbe
2336 548 2429 608 Gut
2509 550 2556 610 zu
2706 550 2833 610 es,
2833 547 2971 607 darzu¬

2086 637 2259 697 könen,
2295 637 2387 697 und
2405 638 2487 698 hin
2551 641 2779 701 gens
2815 640 3016 700 bescholte¬

2102 724 2420 784 ren,
2469 724 2482 784 er
2482 726 2861 786 für
2910 721 3021 781 eine

2086 820 2185 880 oder
2196 815 2372 875 Kosten
2416 814 2570 874 treibt,
2592 815 2625 875 er
2658 814 2966 874 behan¬

2105 907 2206 967 über
2236 902 2360 962 uns
2406 899 2599 959 erzürnt
2676 898 2769 958 und
2815 898 2900 958 dem

2088 999 2143 1059 sie
2231 994 2397 1054 schwört
2475 991 2530 1051 zu
2530 991 2685 1051 handen
2740 988 2939 1048 gefas¬

2106 1091 2216 1151 und
2266 1091 2397 1151 Inns
2397 1094 2899 1154 verdan¬

2099 1194 2308 1254 rschlach
2370 1183 2776 1243 anderstanden,
2813 1179 2900 1239 off
2924 1175 3011 1235 das

2108 1288 2195 1348 habe
2243 1279 2493 1339 gedaches
2541 1274 2675 1334 eins
2704 1270 2887 1330 veren

2091 1380 2287 1440 fromer
2328 1376 2390 1436 die
2431 1375 2647 1435 einliebe,
2668 1373 2771 1433 die
2802 1372 2884 1432 Thür
2925 1368 2997 1428 zu

2122 1469 2291 1529 zogen,
2338 1465 2432 1525 Inn
2498 1462 2592 1522 für
2630 1462 2687 1522 der
2715 1462 2903 1522 suben
2922 1467 3016 1527 ver¬

2117 1562 2355 1622 schlossen,
2397 1549 2495 1609 und
2523 1547 2621 1607 also
2663 1547 2733 1607 der
2789 1551 2901 1611 Thur
2929 1558 3013 1618 er¬

2117 1658 2248 1718 ges,
2319 1652 2402 1712 off
2414 1649 2687 1709 seinliches
2710 1649 2746 1709 er
2794 1649 2983 1709 Schan¬

2142 1753 2175 1813 die
2196 1747 2294 1807 er
2369 1740 2466 1800 mit
2510 1737 2682 1797 wolle
2693 1738 2985 1798 ergriffen

2143 1831 2199 1891 nun
2282 1834 2421 1894 ich
2486 1831 2700 1891 stochen,
2728 1826 2969 1886 ermeinem

2141 1918 2207 1978 ein
2240 1919 2393 1979 veren
2437 1921 2711 1981 Gewaffen,
2755 1921 2821 1981 da
2832 1919 2864 1979 er
2864 1918 3051 1978 leich¬

2138 2007 2357 2067 desselbig
2408 1999 2498 2059 und
2524 1997 2703 2057 werten
2716 1997 3012 2057 Fa¬

2143 2100 2200 2160 der
2247 2091 2332 2151 zur
2389 2083 2645 2143 Feuerheben
2701 2083 2900 2143 sende

2148 2174 2288 2234 welche
2311 2168 2323 2228 den
2323 2164 2602 2224 den
2648 2164 2753 2224 mit
2846 2164 2927 2224 Zer¬

2140 2260 2283 2320 schen
2349 2254 2872 2314 lege
2349 2257 2349 2317 und

2156 2344 2277 2404 habe,
2307 2340 2408 2400 und
2448 2337 2519 2397 als
2559 2335 2782 2395 dieselbig
2822 2338 3054 2398 einbrech¬

2145 2439 2244 2499 und
2288 2434 2454 2494 blos
2531 2431 2719 2491 sechen,
2741 2434 2862 2494 doch
2873 2437 2961 2497 als

2134 2524 2223 2584 mit
2289 2525 2435 2585 gewiss
2550 2527 2639 2587 das
2680 2528 2892 2588 deine

2098 2615 2238 2675 sen,
2275 2612 2462 2672 sonders
