4000 3000
1989 109 2070 169 rch
2151 109 2417 169 ergeben,
2463 109 2521 169 bei
2544 118 2821 178 mi¬

1988 189 2063 249 ger
2138 193 2352 253 Schulches
2437 193 2619 253 geli
2683 201 2779 261 ein,
2811 210 2875 270 habe

1984 277 2073 337 mit
2162 281 2222 341 der
2251 276 2459 336 Rechte
2533 283 2874 343 offensich¬

1965 380 2116 440 und
2186 380 2268 440 das
2338 382 2431 442 auch
2466 386 2687 446 sprache
2745 397 2850 457 er¬

2010 466 2172 526 wurde
2279 472 2414 532 noch
2441 475 2589 535 den
2683 477 2899 537 das

1988 551 2074 611 zen
2149 550 2235 610 den
2310 551 2439 611 Kopf
2493 553 2568 613 von
2611 557 2696 617 den
2729 564 2911 624 Achse¬

2001 637 2123 697 dann
2143 637 2408 697 anwesen
2439 640 2551 700 wird
2601 649 2775 709 solle
2785 660 2897 720 deß¬

2001 731 2151 791 halb
2181 728 2241 788 an
2271 727 2526 787 seien,
2571 730 2601 790 es
2661 736 2796 796 was
2841 747 2931 807 und

2022 836 2067 896 wie
2134 829 2606 889 es,
2134 832 2134 892 er
2628 835 2808 895 solliche

2027 929 2106 989 war
2132 931 2540 991 stoffen.

1965 1170 2095 1230 ff
2121 1163 2304 1223 seinliche
2356 1164 2525 1224 Garten
2525 1169 2799 1229 angezöge,
2825 1174 2916 1234 da¬

2003 1237 2098 1297 nach
2130 1237 2162 1297 er
2193 1237 2299 1297 also
2331 1238 2521 1298 daselbst
2574 1241 2637 1301 zu
2648 1246 2933 1306 legenhei¬

2010 1315 2060 1375 ein
2110 1313 2170 1373 per
2260 1312 2490 1372 dies
2490 1313 2790 1373 hus

2005 1398 2206 1458 gessen
2276 1390 2377 1450 und
2437 1388 2518 1448 mit
2578 1389 2629 1449 zu
2739 1391 2900 1451 le¬

2031 1482 2077 1542 es
2123 1479 2295 1539 bracht
2353 1477 2559 1537 worden,
2594 1478 2824 1538 Inmasse

2022 1564 2101 1624 das
2156 1561 2243 1621 zur
2298 1561 2566 1621 derglichen
2645 1567 2826 1627 wyl
2874 1570 2921 1630 sie

2018 1634 2212 1694 Lebens
2232 1636 2294 1696 mir
2355 1640 2580 1700 begegnen
2641 1648 2754 1708 sie,
2774 1651 2836 1711 da
2846 1654 2917 1714 habe

2034 1718 2195 1778 erlich
2207 1721 2288 1781 von
2311 1724 2391 1784 den
2426 1731 2714 1791 kirchlich
2726 1736 2875 1796 aufhe¬

2045 1810 2238 1870 werden,
2272 1809 2534 1869 sonderlich
2557 1815 2636 1875 eine
2693 1819 2750 1879 von
2796 1822 2932 1882 Ohr¬

2037 1900 2339 1960 obgedacht
2349 1909 2692 1969 her
2755 1915 2890 1975 Schalch

2034 1982 2207 2042 Nägelis
2248 1984 2397 2044 Du,
2397 1988 2495 2048 was
2553 1993 2710 2053 dieses
2743 1994 2924 2054 zuzu¬

2036 2071 2176 2131 biger
2285 2073 2355 2133 Zeit
2445 2078 2753 2138 auffen.
2783 2087 2853 2147 Da

2099 2157 2154 2217 che
2165 2159 2242 2219 er
2286 2162 2441 2222 villiche
2518 2167 2695 2227 Fall
2739 2165 2905 2225 von

2013 2236 2082 2296 In
2163 2246 2417 2306 einfuhr,
2452 2254 2579 2314 rede
2613 2255 2740 2315 habe,
2844 2250 2902 2310 aber

2041 2332 2071 2392 es
2101 2333 2180 2393 sehr
2229 2335 2289 2395 zu
2368 2338 2467 2398 gar
2496 2339 2704 2399 unbeweise
2833 2338 2882 2398 dann

2035 2488 2241 2548 gehangen
2316 2497 2456 2557 hab,
2475 2504 2569 2564 also
2597 2512 2775 2572 sicher
2812 2515 2878 2575 als

2036 2656 2310 2716 wißen,
2357 2663 2464 2723 woll
2536 2680 2761 2740 deshalb,
2773 2690 2892 2750 deren

2043 2741 2417 2801 sonal
2473 2761 2790 2821 im
