4000 3000
1677 86 1695 146 er
1713 99 1926 159 mit
1962 121 2246 181 demselben
2246 146 2424 206 erlich
2442 177 2549 237 ei¬

1684 180 1750 240 zur
1828 196 2016 256 Linnen
2071 213 2315 273 gangen,
2337 229 2381 289 ein
2381 240 2481 300 mit

1678 267 1806 327 wies
1875 280 2142 340 gewirken,
2188 299 2455 359 dannenhin
2490 329 2536 389 für

1685 348 1754 408 die
1781 363 2137 423 Parthien,
2178 381 2260 441 den
2287 395 2438 455 nächsten
2479 417 2575 477 Feier¬

1675 453 1732 513 zu
1799 449 1866 509 der
1981 451 2038 511 gen
2124 463 2363 523 höchsteren
2411 476 2487 536 Po¬

1695 539 1765 599 sich
1820 538 2001 598 Michel
2001 542 2293 602 Forthur
2334 556 2404 616 er¬

1711 628 1754 688 da
1797 630 1875 690 sie
1953 632 2056 692 vnnd
2117 634 2186 694 Im
2238 637 2290 697 ein
2324 642 2419 702 halb
2428 647 2540 707 maß¬

1719 712 1822 772 eins
1879 713 2085 773 alle,
2119 716 2176 776 die
2199 718 2222 778 er
2268 721 2439 781 geholfen

1714 797 1876 857 weise.
1957 794 2020 854 Denn
2173 802 2353 862 von
2362 809 2569 869 Orga¬

1718 883 2564 943 deshalb

1717 961 1960 1021 übernacht
2052 970 2236 1030 lag,
2261 976 2446 1036 mendes
2479 978 2521 1038 zu

1719 1127 1923 1187 harre,
1959 1127 2091 1187 dann
2100 1127 2145 1187 er
2180 1129 2260 1189 war
2331 1130 2463 1190 kennt

1733 1216 1875 1276 Fischer
1936 1213 1987 1273 von
2027 1213 2292 1273 Langnau
2363 1214 2424 1274 zu
2444 1216 2505 1276 sein

1736 1302 1875 1362 recten
1996 1298 2091 1358 dem
2126 1300 2221 1360 neu
2316 1304 2359 1364 zu
2385 1309 2541 1369 schachen

1707 1474 1812 1534 Ost
1865 1471 2097 1531 gesund,
2118 1466 2286 1526 deshalb
2297 1463 2328 1523 er
2370 1462 2413 1522 ein
2444 1463 2528 1523 Zür¬

1725 1566 1787 1626 es
1808 1558 1870 1618 im
1911 1549 2129 1609 bliben,
2150 1547 2285 1607 vnd
2326 1547 2399 1607 von
2430 1545 2575 1605 Bemer¬

1726 1648 1825 1708 gen
1874 1646 2010 1706 Trub
2047 1643 2270 1703 angen,
2307 1640 2480 1700 daselbst
2492 1639 2554 1699 ei¬

1737 1738 1950 1798 wir,
1970 1736 2067 1796 und
2073 1735 2170 1795 den
2170 1733 2273 1793 er
2428 1728 2474 1788 im

1744 1823 1905 1883 Floßer
1930 1826 2078 1886 Trub
2103 1825 2288 1885 Christen
2326 1820 2536 1880 Erneue¬

1743 1918 2021 1978 erwachte
2128 1918 2208 1978 sich
2226 1913 2432 1973 enthal,
2503 1901 2575 1961 dem

1734 2011 1781 2071 er
1827 2011 2033 2071 gedorfft
2089 2009 2155 2069 mit
2211 2007 2249 2067 so
2267 2002 2483 2062 aufendes
2511 1995 2567 2055 zu

1756 2089 1786 2149 ten
1940 2089 2073 2149 verer
2104 2086 2299 2146 Commen
2391 2079 2534 2139 erheit

1861 2173 1896 2233 ein
1975 2176 2061 2236 der
2146 2173 2225 2233 man
2275 2170 2325 2230 an
2368 2164 2518 2224 ver¬

1733 2265 1910 2325 schieht
1973 2257 2036 2317 in
2137 2258 2376 2318 zeichisch,
2414 2250 2477 2310 da
2515 2238 2566 2298 der¬

1752 2355 1945 2415 selben
1999 2347 2019 2407 im
2058 2344 2345 2404 zu
2365 2333 2585 2393 ver¬

1748 2441 2021 2501 gebreche,
2080 2422 2574 2482 wird

1753 2531 1834 2591 Das
1880 2526 1949 2586 ist
2007 2522 2053 2582 ihn
2099 2515 2307 2575 doch
2330 2507 2434 2567 solle
2446 2502 2504 2562 er
2527 2497 2561 2557 zu

1768 2615 1838 2675 mit
1889 2607 2112 2667 angedes
2163 2599 2265 2659 oder
2322 2594 2373 2654 die
2405 2590 2494 2650 auch

1766 2773 1933 2833 wird.
