4000 3000
2188 197 2296 257 und
2344 181 2404 241 ich
2404 173 2488 233 bin
2536 160 2632 220 als
2656 151 2740 211 seit
2812 141 2896 201 als
2920 135 2992 195 de
3052 127 3196 187 Gren¬

2164 391 2403 451 Genuss
2507 367 2641 427 zur
2671 350 2984 410 verhafft
3058 324 3148 384 und

2198 505 2198 565 er
2251 485 2478 545 Fristen
2513 451 2951 511 schwerentrebe,
3004 417 3179 477 dassel¬

2273 575 2460 635 zwei
2518 559 2762 619 Haupt
2791 544 2920 604 noch
2978 523 3136 583 unter

2192 763 2378 823 Dachels
2412 753 2463 813 der
2505 748 2666 808 vater
2716 741 2843 801 uns
2885 733 2961 793 dans

2207 859 2506 919 gestrafft,
2530 845 2673 905 vnnd
2697 836 2900 896 vermann
3008 827 3043 887 er
3067 822 3199 882 solle¬

2218 952 2360 1012 sinnen
2408 941 2645 1001 verheissen
2680 935 2763 995 sei
2798 931 2941 991 zum
3000 922 3094 982 Ge¬

2222 1051 2444 1111 wider
2472 1043 2555 1103 der
2625 1035 2805 1095 Vater
2847 1021 3056 1081 täglich
3056 1008 3153 1068 eine

2208 1142 2446 1202 schimpfte,
2460 1139 2614 1199 wisse,
2614 1135 2880 1195 stossen,
2922 1127 3006 1187 als
3048 1120 3160 1180 hie¬

2230 1246 2290 1306 sen
2433 1240 2683 1300 verhüten,
2719 1232 2802 1292 wol
2862 1228 2921 1288 als
2957 1225 3112 1285 Zu¬

2229 1352 2288 1412 als
2318 1348 2386 1408 der
2416 1344 2593 1404 Vatter
2652 1339 2730 1399 dem
2779 1335 2956 1395 sinen.
2986 1329 3094 1389 Das

2230 1447 2280 1507 der
2280 1444 2487 1504 vater
2517 1442 2971 1502 erworden
3050 1434 3168 1494 und

2261 1536 2404 1596 me
2470 1534 2569 1594 und
2624 1535 2734 1595 wer
2789 1536 2811 1596 und
2965 1540 3130 1600 Josef

2247 1636 2485 1696 erlich
2507 1637 2575 1697 zu

2242 1738 2854 1798 teressen
2969 1735 3145 1795 das

2245 1839 2401 1899 wärter,
2430 1843 2663 1903 innig,
2663 1840 2935 1900 er
2955 1834 3100 1894 würde

2230 1930 2296 1990 In
2407 1936 2573 1996 villiche
2628 1934 2728 1994 mit
2772 1934 2860 1994 dem
2883 1934 3060 1994 müsse
3093 1938 3159 1998 er¬

2259 2032 2484 2092 sachen,
2517 2032 2618 2092 und
2675 2031 2742 2091 den
2933 2030 3034 2090 zur
3068 2029 3180 2089 Thur¬

2238 2126 2552 2186 gangen,
2584 2125 2668 2185 den
2762 2126 2867 2186 ein
2909 2128 3097 2188 müsse

2293 2220 2320 2280 hie
2538 2216 2647 2276 und
2715 2219 2864 2279 sollich
2946 2225 3204 2285 heimlich

2247 2309 2333 2369 mit
2419 2312 2670 2372 werde
2756 2312 2912 2372 eigen
2935 2316 3131 2376 gelas¬

2307 2533 2368 2593 Ist
2398 2536 2429 2596 er
2520 2534 2703 2594 solliche
2734 2530 3039 2590 Erhaltung

2282 2624 2282 2684 zu
2505 2633 2807 2693 kämlich
2859 2633 2990 2693 dann
3043 2635 3174 2695 allen

2265 2720 2348 2780 das
2373 2720 2448 2780 hin
2498 2722 2589 2782 ein
2614 2726 2830 2786 teuer
2872 2732 2939 2792 in
2964 2739 3113 2799 zeig¬

2290 2813 2358 2873 der
2412 2812 2466 2872 seite
2711 2820 2887 2880 etlich
2914 2826 3009 2886 Tag
3050 2833 3254 2893 gerech¬
