4000 3000
2154 146 2486 206 Montag
2500 137 2540 197 dem
2606 136 2832 196 besten
2845 136 2925 196 tag
2965 136 3072 196 Gul¬

2161 238 2239 298 Am
2290 228 2359 288 15.
2540 214 2661 274 Der
2730 208 2816 268 den
2859 201 3048 261 gegen¬

2180 306 2488 366 wirigkeit
2588 296 2815 356 gegen
2879 284 3060 344 der

2180 400 2240 460 des
2283 398 2455 458 Rat,
2489 395 2575 455 es
2643 390 2721 450 willen
2926 375 2987 435 von

2173 487 2324 547 ein
2359 477 2718 537 Groll,
2799 468 2880 528 ist

2296 663 2506 723 iel
2585 658 2770 718 Holzer,
2796 656 2954 716 sonst

2345 736 2496 796 Alter
2671 730 2869 790 genann¬

2361 806 2409 866 zu
2468 810 2717 870 Berling

2132 950 2215 1010 In
2287 946 2556 1006 Berlingers
2619 940 2784 1000 gern
2846 934 3022 994 frag¬

2159 1022 2269 1082 und
2306 1021 2380 1081 im
2426 1017 2657 1077 hingefallen
2721 1012 2878 1072 worden
2933 1007 3072 1067 anzu¬

2161 1107 2329 1167 Ziegen,
2403 1105 2477 1165 ob
2487 1105 2540 1165 er
2582 1102 2845 1162 stündig
2876 1097 2918 1157 sie
2971 1091 3065 1151 und

2185 1189 2364 1249 glauben
2418 1187 2552 1247 will,
2624 1189 2714 1249 das
2758 1189 2803 1249 er
2848 1188 2893 1248 zu
2946 1183 3072 1243 Bele¬

2199 1265 2364 1325 fügen,
2419 1266 2508 1326 den
2541 1270 2706 1330 öffne
2739 1273 2828 1333 sich
2861 1267 3037 1327 d¬

2211 1352 2303 1412 und
2326 1354 2625 1414 gossen,
2659 1357 2728 1417 er
2786 1354 2901 1414 habe
2935 1348 3085 1408 dennoch

2203 1430 2211 1490 in
2312 1433 2571 1493 Lebenlang
2596 1436 2663 1496 will
2721 1436 2914 1496 anfang
2956 1431 3056 1491 und

2206 1502 2367 1562 manchen
2424 1507 2610 1567 bidermann
2659 1511 2707 1571 sie
2788 1512 2991 1572 frouwen¬

2193 1586 2284 1646 mit
2319 1587 2410 1647 Zuch
2467 1592 2638 1652 Geld
2661 1595 3004 1655 beschie¬

2168 1676 2301 1736 ren
2356 1684 2445 1744 das
2489 1689 2533 1749 er
2556 1695 2655 1755 auch
2677 1699 2777 1759 Geld
2799 1700 3032 1760 habe

2477 1780 3066 1840 der

2178 1855 2355 1915 fend
2410 1866 2743 1926 Einfellen,
2798 1871 2898 1931 und
2942 1867 3031 1927 Be¬

2179 1945 2351 2005 lang
2397 1949 2500 2009 nach
2535 1952 2695 2012 seinen
2729 1954 2902 2014 willen
2947 1952 3062 2012 ha¬

2165 2147 2257 2207 Ist
2310 2144 2522 2204 griff
2535 2144 2614 2204 sie
2667 2147 2879 2207 antwurt
2958 2153 3051 2213 das

2192 2222 2332 2282 zu
2379 2227 2623 2287 belang
2698 2228 2726 2288 in
2792 2228 2839 2288 uns

2165 2293 2274 2353 Guhl
2333 2297 2412 2357 wol
2481 2300 2678 2360 Sache
2747 2300 2865 2360 werde
2894 2301 3032 2361 als

2172 2377 2256 2437 das
2299 2378 2341 2438 er
2366 2378 2467 2438 wed
2509 2380 2602 2440 mit
2661 2378 2805 2438 Greis
2906 2376 3007 2436 was

2185 2456 2205 2516 der
2205 2458 2362 2518 prode
2487 2459 2570 2519 oder
2601 2457 2757 2517 echen
2820 2452 2945 2512 habt,
2966 2449 3018 2509 um

2167 2548 2281 2608 habe
2316 2546 2350 2606 es
2396 2546 2476 2606 sich
2499 2545 2716 2605 begaben,
2761 2545 2830 2605 das
2887 2545 2979 2605 nach
3002 2545 3059 2605 dem

2171 2630 2203 2690 er
2236 2629 2357 2689 mehr
2365 2630 2641 2690 worden,
2714 2633 2796 2693 man
2836 2636 2861 2696 in
2950 2642 3015 2702 est
