4000 3000
2246 174 2342 234 für
2363 176 2618 236 nommen
2650 179 2788 239 heit
2852 185 3001 245 hatte,
3032 195 3149 255 wurde

2287 244 2296 304 er
2341 250 2535 310 einmal
2606 254 2668 314 mit
2730 256 2837 316 aller
2872 259 2925 319 für
2952 264 3049 324 ei¬

2269 333 2434 393 Herren,
2482 337 2552 397 für
2564 338 2623 398 die
2729 340 2977 400 warten,
3012 347 3107 407 Ge¬

2284 424 2361 484 habe
2450 428 2638 488 der
2704 428 2881 488 blieb
2926 430 3025 490 hin¬

2266 512 2402 572 Denn
2440 512 2527 572 sie
2527 517 2963 577 an,
2963 523 3031 583 das
3050 524 3079 584 er

2259 586 2346 646 für
2375 587 2453 647 dieser
2453 590 2956 650 Ruder,
2994 598 3052 658 sie
3091 603 3188 663 den

2274 664 2408 724 Meyer
2480 667 2569 727 gar
2605 669 2658 729 ob
2676 671 2756 731 den
2810 676 3015 736 zweinzig
3051 682 3131 742 von

2292 736 2418 796 zalt
2511 748 2612 808 habt,
2637 752 2721 812 denn
2788 755 2814 815 er
2839 757 2914 817 von
2948 762 3133 822 Zollschall

2304 818 2552 878 lag,
2614 829 2730 889 und
2765 834 2809 894 er
2880 840 3022 900 verer
3084 850 3173 910 von

2300 905 2462 965 her
2480 920 3056 980 oder
3110 919 3110 979 den

2279 976 2327 1036 den
2545 989 2650 1049 das
2698 994 2811 1054 wider
2851 998 3053 1058 und

2277 1055 2366 1115 den
2403 1060 2536 1120 von
2573 1064 2720 1124 Gabe,
2743 1067 2802 1127 in
2868 1069 2942 1129 dem
3001 1069 3060 1129 das
3060 1069 3127 1129 er

2288 1134 2352 1194 wol
2392 1144 2767 1204 von,
2791 1150 2894 1210 das
2926 1150 3118 1210 desselbig¬

2289 1200 2336 1260 in
2383 1209 2558 1269 weder
2605 1219 2640 1279 in
2769 1231 2839 1291 hier
2886 1234 3156 1294 fälschlich

2282 1286 2338 1346 er
2386 1293 2619 1353 habe
2635 1306 3166 1366 wolle

2281 1372 2661 1432 derlich
2689 1380 2810 1440 aus,
2856 1384 3051 1444 daruff
3051 1387 3162 1447 voll¬

2287 1453 2967 1513 erstarbengasse.
3041 1463 3142 1523 Mit

2278 1528 2389 1588 gut
2449 1530 2500 1590 an
2530 1532 2652 1592 mich
2682 1542 3116 1602 her¬

2286 1618 2706 1678 des
2706 1628 3126 1688 versprechen

2269 1770 2393 1830 und
2445 1783 2569 1843 sich,
2589 1788 2641 1848 den
2682 1791 2734 1851 sie
2868 1793 3003 1853 heim¬

2279 1936 2307 1996 es
2382 1937 2550 1997 lassens
2606 1943 2699 2003 halb
2718 1946 2755 2006 er
2764 1949 2923 2009 die
3007 1945 3128 2005 woll

2285 2018 2358 2078 wenn
2439 2020 2490 2080 es
2527 2024 2600 2084 sich
2644 2029 2739 2089 dann
2783 2035 2989 2095 erkennt,
3018 2030 3084 2090 das

2280 2090 2304 2150 er
2336 2091 2376 2151 ist
2423 2094 2582 2154 etwas
2622 2100 2796 2160 auges,
2820 2103 2892 2163 oder
2923 2105 3026 2165 dieser
3058 2107 3114 2167 Er¬

2287 2157 2353 2217 gen
2396 2164 2603 2224 schuldig
2646 2170 2744 2230 er,
2777 2172 2897 2232 wolle
2918 2176 3092 2236 ver¬

2275 2235 2354 2295 Das
2386 2240 2583 2300 öde
2662 2243 2733 2303 und
2780 2246 3009 2306 Busse,
3032 2254 3111 2314 was

2283 2304 2354 2364 ich
2378 2308 2414 2368 in
2497 2319 2935 2379 Ehrlich
2958 2324 3029 2384 s¬

2268 2380 2348 2440 dem
2428 2384 2669 2444 wir
