4000 3000
2234 155 2356 215 Wie
2369 134 2613 194 habe
2653 123 2680 183 er
2708 118 2829 178 vnnd
2883 108 3113 168 gedachter

2268 228 2309 288 in
2350 212 2649 272 mitgeselle,
2680 196 2803 256 zwey
2844 189 2916 249 der
3050 174 3174 234 Bar¬

2256 305 2479 365 gestolen,
2522 281 2808 341 dieselbigen
2851 267 2915 327 zu
2947 257 3138 317 Dompe¬

2255 388 2363 448 der
2422 375 2518 435 dem
2577 365 2708 425 wir
2827 355 2982 415 umb
3006 347 3066 407 pr

2223 625 2450 685 Deine
2509 616 2617 676 Gabe
2628 614 2676 674 er
2724 611 2926 671 Orden,
2950 605 3129 665 minder

2271 694 2464 754 entlichen
2515 689 2700 749 malen,
2733 689 2868 749 seinen
2935 689 3112 749 beider

2251 780 2534 840 Schwassen,
2581 775 2758 835 fünff
2770 778 2970 838 schroff
2982 778 3123 838 ent¬

2238 872 2432 932 für,
2458 871 2555 931 die
2608 871 2968 931 geneigen,
3003 868 3100 928 und

2250 949 2357 1009 des
2392 952 2510 1012 Fleiss
2616 953 2675 1013 zu
2723 955 2959 1015 Kyburg
3006 951 3124 1011 ver¬

2264 1039 2462 1099 auff

2189 1208 2367 1268 Iten,
2401 1210 2434 1270 so
2456 1212 2568 1272 habe
2590 1216 2635 1276 er
2679 1218 2724 1278 von
2769 1222 2869 1282 dem
2902 1225 3003 1285 wir

2197 1282 2278 1342 zu
2341 1291 2640 1351 Vorabung
2685 1301 2748 1361 ein
2803 1307 2984 1367 krönen
3020 1310 3146 1370 Falls

2253 1367 2358 1427 le
2541 1379 2794 1439 dieselbige
2803 1386 2873 1446 er
2899 1388 2978 1448 zu
3030 1387 3109 1447 noch

2235 1451 2311 1511 bis
2375 1452 2425 1512 an
2451 1454 2501 1514 der
2552 1458 2704 1518 bey
2767 1466 2983 1526 schuldig
3008 1471 3135 1531 er¬

2222 1648 2373 1708 per
2414 1648 2468 1708 von
2496 1648 2578 1708 dem
2646 1653 2810 1713 würzt
2824 1661 2933 1721 zum
2974 1673 3097 1733 wis¬

2218 1727 2351 1787 Bruch
2398 1732 2436 1792 zu
2483 1739 2710 1799 Marien
2758 1750 2834 1810 ein
2871 1759 3070 1819 schwar¬

2240 1806 2471 1866 einlein,
2494 1819 2606 1879 und
2669 1826 2709 1886 zu
2772 1835 3034 1895 Bäckerling

2234 1889 2363 1949 einem
2406 1902 2481 1962 in
2524 1913 2653 1973 vier
2718 1927 2900 1987 Florin,
2933 1939 3072 1999 versen

2198 2092 2354 2152 Denn
2419 2095 2510 2155 sie
2523 2099 2614 2159 er
2640 2103 2692 2163 off
2770 2110 2848 2170 ein
2861 2115 3095 2175 Zöge¬

2209 2185 2454 2245 Tribung
2502 2195 2690 2255 gangen,
2738 2203 2936 2263 daselbst
2974 2211 3115 2271 einem

2238 2291 2790 2351 verfürgaben,
2807 2301 2928 2361 wie
2954 2306 3023 2366 das
3066 2311 3092 2371 er

2239 2368 2291 2428 zu
2332 2380 2528 2440 Jugo
2570 2386 2756 2446 Meyer
2787 2389 2921 2449 war,
2983 2393 3087 2453 und

2248 2459 2298 2519 als
2348 2463 2448 2523 des
2478 2467 2568 2527 für
2578 2472 2787 2532 wenden
2877 2480 2957 2540 dem
2987 2485 3107 2545 selbig¬

2243 2548 2422 2608 wer
2455 2550 2534 2610 sie
2545 2555 2813 2615 ergriff
2836 2563 2948 2623 fel,
3003 2571 3037 2631 so
3059 2575 3093 2635 er

2249 2623 2332 2683 des
2369 2624 2508 2684 Dars
2536 2629 2601 2689 zu
2666 2635 2731 2695 Egg
2870 2651 3084 2711 wegen
