4000 3000
2385 167 2607 227 en
2666 166 2873 226 sich.
2873 168 2873 228 Er
2873 173 3228 233 fein

2415 239 2493 299 Zeit
2582 243 2916 303 sichtlicher
2950 250 3073 310 seye,
3095 255 3173 315 für
3195 257 3251 317 die

2429 326 2439 386 te
2614 322 2943 382 Peterlingen
2992 325 3031 385 zu
3079 329 3254 389 Provelles

2419 401 2551 461 zu
2684 401 2899 461 hauen,
2929 404 3031 464 allda
3062 411 3297 471 vorgedach¬

2430 475 2594 535 und,
2622 476 2719 536 den
2757 479 2834 539 das
2901 484 3055 544 jener
3074 490 3180 550 Heß
3209 494 3295 554 ge¬

2429 553 2634 613 lassen.
2654 556 2868 616 Welcher
2897 559 3034 619 darum
3083 562 3170 622 den
3200 570 3297 630 Hin¬

2418 634 2674 694 erwies,
2696 637 2770 697 die
2802 638 2845 698 so
2877 638 3133 698 genommen

2413 710 2527 770 und
2567 716 2665 776 mit
2722 719 2787 779 ein
2819 722 3031 782 andern
3104 729 3283 789 versiche¬

2352 913 2531 973 ften
2555 920 2615 980 zu
2662 928 2877 988 Forstelle,
2937 935 3020 995 habe
3032 937 3092 997 sie
3151 934 3235 994 und

2367 997 2640 1057 abermals
2675 1003 2736 1063 sie
2745 1012 2982 1072 es
3035 1022 3158 1082 zuvor
3193 1020 3281 1080 ge¬

2408 1079 2602 1139 besser,
2638 1084 2711 1144 die
2723 1089 2929 1149 jede
2978 1094 3087 1154 mit
3135 1094 3196 1154 sich

2414 1159 2746 1219 genommen,
2789 1163 2896 1223 und
2949 1167 3153 1227 passe.

2391 1370 2615 1430 Schlicher
2643 1372 2824 1432 stelle
2838 1373 2922 1433 zu
2963 1374 3187 1434 Conser¬

2387 1455 2563 1515 Fünff
2601 1466 2802 1526 pens,
2852 1468 2890 1528 so
2915 1467 2990 1527 er
3028 1465 3128 1525 und
3166 1462 3229 1522 er¬

2392 1546 2641 1606 gangen,
2686 1553 3048 1613 entfrembder

2356 1746 2544 1806 Denn
2619 1746 2707 1806 so
2707 1748 2820 1808 habe
2857 1751 2882 1811 er
2920 1753 3095 1813 den
3145 1748 3258 1808 für¬

2419 1909 2448 1969 zu
2496 1909 2890 1969 Vaterlingen,
2909 1912 2967 1972 den
3044 1913 3082 1973 sie

2403 1999 2655 2059 arten,
2687 1997 2753 2057 als
2775 1999 2884 2059 darin
2939 2002 3015 2062 des
3059 2000 3223 2060 kannst

2400 2083 2651 2143 gewässen,
2689 2081 2765 2141 der
2848 2081 2985 2141 eine,
3000 2083 3099 2143 mit
3144 2083 3258 2143 einem

2392 2167 2534 2227 Dein
2600 2164 2694 2224 Brod
2742 2161 3016 2221 geworffen,
3044 2161 3148 2221 und
3186 2163 3290 2223 die¬

2427 2245 2560 2305 selbig
2600 2246 2827 2306 passen.

2407 2414 2564 2474 Denn
2654 2414 2688 2474 es
2733 2414 2845 2474 verer
2912 2413 3025 2473 von
3126 2410 3261 2470 Burger¬

2420 2485 2458 2545 zu
2506 2485 2630 2545 Vater
2668 2485 2734 2545 in
2839 2486 3020 2546 Mülli,
3049 2486 3144 2546 habe
3154 2486 3201 2546 er

2420 2557 2501 2617 mit
2555 2560 2645 2620 sein
2771 2563 2942 2623 Hund,
2960 2565 3104 2625 zwei
3140 2566 3266 2626 Herrn

2411 2638 2619 2698 age,
2640 2638 2755 2698 und
2796 2637 3140 2697 genommen.
