<?xml version="1.0" encoding="UTF-8" standalone="yes"?>
<PcGts xmlns="http://schema.primaresearch.org/PAGE/gts/pagecontent/2013-07-15" xmlns:xsi="http://www.w3.org/2001/XMLSchema-instance" xsi:schemaLocation="http://schema.primaresearch.org/PAGE/gts/pagecontent/2013-07-15 http://schema.primaresearch.org/PAGE/gts/pagecontent/2013-07-15/pagecontent.xsd">
    <Metadata>
        <Creator>prov=READ-COOP:name=PyLaia@TranskribusPlatform:version=0.3.1:model_id=26190:lm=provided:date=06_10_2020_00:11
prov=READ-Coop:name=PyLaia@Transkribus:version=0.3.1:model_id=26190:lm=provided:date=06_10_2020_00:09
prov=University of Rostock/Institute of Mathematics/CITlab|PLANET AI GmbH/Tobias Gruening/tobias.gruening@planet-ai.de:name=de.uros.citlab.module.baseline2polygon.B2PSeamMultiOriented:v=2.6.6</Creator>
        <Created>2020-10-05T13:58:37.238+02:00</Created>
        <LastChange>2022-09-09T16:26:27.898+02:00</LastChange>
        <TranskribusMetadata docId="1334777" pageId="52355337" pageNr="213" tsid="114636950" status="IN_PROGRESS" userId="9570" imgUrl="https://files.transkribus.eu/Get?id=WMERGUXEGKDZCSOPSQMKCGGM&amp;fileType=view" xmlUrl="https://files.transkribus.eu/Get?id=CGBMCABHCAAYZEGUSBKEETCO" imageId="16058929"/>
    </Metadata>
    <Page imageFilename="IMG20201002140230.jpg" imageWidth="4000" imageHeight="3000">
        <ReadingOrder>
            <OrderedGroup id="ro_1687514043203" caption="Regions reading order">
                <RegionRefIndexed index="0" regionRef="r1"/>
                <RegionRefIndexed index="1" regionRef="r2"/>
            </OrderedGroup>
        </ReadingOrder>
        <TextRegion orientation="0.0" id="r1" custom="readingOrder {index:0;}">
            <Coords points="1806,1981 1806,2381 1991,2381 1991,1981"/>
            <TextLine id="r1l1" custom="readingOrder {index:0;}">
                <Coords points="1892,2043 1928,2050 1955,2029 1975,2042 1999,2030 1985,1940 1952,1966 1881,1972 1892,2043"/>
                <Baseline points="1896,2031 1927,2028 1959,2021 1991,2018"/>
                <TextEquiv>
                    <Unicode></Unicode>
                </TextEquiv>
            </TextLine>
            <TextLine id="r1l2" custom="readingOrder {index:1;}">
                <Coords points="1804,2247 1854,2233 1886,2243 1941,2213 1920,2138 1785,2179 1804,2247"/>
                <Baseline points="1806,2232 1831,2228 1856,2222 1881,2216 1906,2207 1931,2198"/>
                <TextEquiv>
                    <Unicode></Unicode>
                </TextEquiv>
            </TextLine>
            <TextLine id="r1l3" custom="readingOrder {index:2;}">
                <Coords points="1859,2316 1914,2291 1900,2238 1868,2267 1845,2262 1859,2316"/>
                <Baseline points="1862,2303 1908,2291"/>
                <TextEquiv>
                    <Unicode></Unicode>
                </TextEquiv>
            </TextLine>
            <TextLine id="r1l4" custom="readingOrder {index:3;}">
                <Coords points="1912,2382 1935,2367 1926,2329 1900,2338 1912,2382"/>
                <Baseline points="1913,2364 1928,2360"/>
                <TextEquiv>
                    <Unicode></Unicode>
                </TextEquiv>
            </TextLine>
            <TextEquiv>
                <Unicode>


</Unicode>
            </TextEquiv>
        </TextRegion>
        <TextRegion orientation="0.0" id="r2" custom="readingOrder {index:1;}">
            <Coords points="2064,108 2064,2693 3045,2693 3045,108"/>
            <TextLine id="r2l1" custom="readingOrder {index:0;}">
                <Coords points="2860,147 2909,146 2924,132 2981,144 2981,106 2940,86 2881,92 2860,104 2860,147"/>
                <Baseline points="2865,134 2892,135 2920,134 2947,134 2975,135"/>
                <TextEquiv>
                    <Unicode></Unicode>
                </TextEquiv>
            </TextLine>
            <TextLine id="r2l2" custom="readingOrder {index:1;}">
                <Coords points="2089,262 2122,241 2146,264 2222,218 2247,212 2291,230 2334,202 2386,194 2470,193 2507,226 2542,204 2584,230 2595,220 2627,234 2694,193 2727,206 2863,197 2936,221 2973,195 3033,203 3032,140 3001,149 2924,132 2848,160 2631,117 2569,162 2485,119 2386,157 2256,137 2187,153 2147,132 2087,160 2089,262"/>
                <Baseline points="2094,212 2140,207 2187,203 2233,198 2280,195 2327,193 2373,191 2420,189 2466,189 2513,188 2560,188 2606,188 2653,188 2699,188 2746,188 2793,189 2839,189 2886,189 2932,189 2979,189 3026,189"/>
                <Word id="r2l2_w1" custom="readingOrder {index:0;}">
                    <Coords points="2088,159 2088,219 2349,219 2349,159"/>
                    <TextEquiv>
                        <Unicode>pfennigen</Unicode>
                    </TextEquiv>
                </Word>
                <Word id="r2l2_w2" custom="readingOrder {index:1;}">
                    <Coords points="2395,148 2395,208 2667,208 2667,148"/>
                    <TextEquiv>
                        <Unicode>verkhoff,</Unicode>
                    </TextEquiv>
                </Word>
                <Word id="r2l2_w3" custom="readingOrder {index:2;}">
                    <Coords points="2702,148 2702,208 2792,208 2792,148"/>
                    <TextEquiv>
                        <Unicode>deren</Unicode>
                    </TextEquiv>
                </Word>
                <Word id="r2l2_w4" custom="readingOrder {index:3;}">
                    <Coords points="2849,149 2849,209 2986,209 2986,149"/>
                    <TextEquiv>
                        <Unicode>In¬</Unicode>
                    </TextEquiv>
                </Word>
                <TextEquiv>
                    <Unicode>pfennigen verkhoff, deren In¬</Unicode>
                </TextEquiv>
            </TextLine>
            <TextLine id="r2l3" custom="readingOrder {index:2;}">
                <Coords points="2123,316 2142,311 2173,338 2238,312 2285,334 2333,286 2387,279 2425,291 2467,275 2566,311 2648,263 2711,267 2754,289 2786,260 2849,280 2918,259 2976,268 2982,195 2926,223 2862,203 2786,226 2717,203 2676,230 2629,234 2585,210 2560,220 2539,208 2492,229 2459,199 2402,216 2326,202 2303,227 2275,220 2171,258 2120,246 2123,316"/>
                <Baseline points="2127,282 2169,280 2212,278 2254,276 2297,273 2339,272 2382,270 2424,269 2467,267 2509,266 2552,264 2595,263 2637,261 2680,260 2722,258 2765,258 2807,257 2850,256 2892,255 2935,255 2978,254"/>
                <Word id="r2l3_w1" custom="readingOrder {index:0;}">
                    <Coords points="2121,228 2121,288 2741,288 2741,228"/>
                    <TextEquiv>
                        <Unicode>dig</Unicode>
                    </TextEquiv>
                </Word>
                <Word id="r2l3_w2" custom="readingOrder {index:1;}">
                    <Coords points="2775,216 2775,276 2913,276 2913,216"/>
                    <TextEquiv>
                        <Unicode>wären</Unicode>
                    </TextEquiv>
                </Word>
                <TextEquiv>
                    <Unicode>dig wären</Unicode>
                </TextEquiv>
            </TextLine>
            <TextLine id="r2l4" custom="readingOrder {index:3;}">
                <Coords points="2109,373 2172,384 2251,362 2299,381 2401,358 2448,379 2474,372 2533,404 2588,356 2673,382 2708,357 2748,365 2794,342 2812,355 2865,349 2908,383 2963,383 3014,346 3012,282 2915,269 2896,288 2870,277 2808,303 2772,278 2741,291 2706,268 2590,319 2544,292 2514,304 2485,283 2423,314 2324,292 2284,336 2173,336 2138,308 2107,323 2109,373"/>
                <Baseline points="2114,359 2158,357 2203,354 2248,353 2292,351 2337,350 2382,348 2426,347 2471,345 2516,344 2561,342 2605,342 2650,341 2695,339 2739,338 2784,337 2829,335 2873,333 2918,332 2963,330 3008,327"/>
                <Word id="r2l4_w1" custom="readingOrder {index:0;}">
                    <Coords points="2107,318 2107,378 2160,378 2160,318"/>
                    <TextEquiv>
                        <Unicode>die</Unicode>
                    </TextEquiv>
                </Word>
                <Word id="r2l4_w2" custom="readingOrder {index:1;}">
                    <Coords points="2203,311 2203,371 2342,371 2342,311"/>
                    <TextEquiv>
                        <Unicode>wolle</Unicode>
                    </TextEquiv>
                </Word>
                <Word id="r2l4_w3" custom="readingOrder {index:2;}">
                    <Coords points="2374,307 2374,367 2416,367 2416,307"/>
                    <TextEquiv>
                        <Unicode>er</Unicode>
                    </TextEquiv>
                </Word>
                <Word id="r2l4_w4" custom="readingOrder {index:3;}">
                    <Coords points="2448,304 2448,364 2555,364 2555,304"/>
                    <TextEquiv>
                        <Unicode>dahin</Unicode>
                    </TextEquiv>
                </Word>
                <Word id="r2l4_w5" custom="readingOrder {index:4;}">
                    <Coords points="2640,300 2640,360 2693,360 2693,300"/>
                    <TextEquiv>
                        <Unicode>zu</Unicode>
                    </TextEquiv>
                </Word>
                <Word id="r2l4_w6" custom="readingOrder {index:5;}">
                    <Coords points="2725,297 2725,357 2789,357 2789,297"/>
                    <TextEquiv>
                        <Unicode>im</Unicode>
                    </TextEquiv>
                </Word>
                <Word id="r2l4_w7" custom="readingOrder {index:6;}">
                    <Coords points="2832,292 2832,352 2949,352 2949,292"/>
                    <TextEquiv>
                        <Unicode>Orte</Unicode>
                    </TextEquiv>
                </Word>
                <TextEquiv>
                    <Unicode>die wolle er dahin zu im Orte</Unicode>
                </TextEquiv>
            </TextLine>
            <TextLine id="r2l5" custom="readingOrder {index:4;}">
                <Coords points="2114,450 2250,428 2283,450 2328,430 2360,451 2403,445 2419,458 2472,436 2527,447 2612,427 2661,443 2686,426 2811,465 2846,463 2881,428 2922,413 2988,451 3012,435 3010,371 2907,383 2860,348 2825,347 2767,386 2727,364 2675,386 2623,357 2583,366 2540,408 2486,401 2458,380 2413,399 2342,371 2297,397 2238,371 2159,377 2113,401 2114,450"/>
                <Baseline points="2120,432 2164,431 2208,429 2252,428 2297,427 2341,426 2385,425 2429,425 2474,425 2518,423 2562,423 2606,422 2651,420 2695,420 2739,418 2783,416 2828,414 2872,412 2916,408 2960,405 3005,401"/>
                <Word id="r2l5_w1" custom="readingOrder {index:0;}">
                    <Coords points="2111,391 2111,451 2211,451 2211,391"/>
                    <TextEquiv>
                        <Unicode>und</Unicode>
                    </TextEquiv>
                </Word>
                <Word id="r2l5_w2" custom="readingOrder {index:1;}">
                    <Coords points="2261,385 2261,445 2512,445 2512,385"/>
                    <TextEquiv>
                        <Unicode>anlegen,</Unicode>
                    </TextEquiv>
                </Word>
                <Word id="r2l5_w3" custom="readingOrder {index:2;}">
                    <Coords points="2537,382 2537,442 2629,442 2629,382"/>
                    <TextEquiv>
                        <Unicode>alles</Unicode>
                    </TextEquiv>
                </Word>
                <Word id="r2l5_w4" custom="readingOrder {index:3;}">
                    <Coords points="2662,379 2662,439 2729,439 2729,379"/>
                    <TextEquiv>
                        <Unicode>der</Unicode>
                    </TextEquiv>
                </Word>
                <Word id="r2l5_w5" custom="readingOrder {index:4;}">
                    <Coords points="2763,372 2763,432 2955,432 2955,372"/>
                    <TextEquiv>
                        <Unicode>Meynung</Unicode>
                    </TextEquiv>
                </Word>
                <TextEquiv>
                    <Unicode>und anlegen, alles der Meynung</Unicode>
                </TextEquiv>
            </TextLine>
            <TextLine id="r2l6" custom="readingOrder {index:5;}">
                <Coords points="2121,540 2224,563 2276,524 2330,524 2391,562 2490,507 2557,515 2574,497 2626,513 2663,500 2768,516 2870,496 2892,512 2994,472 3047,499 3046,446 2985,451 2911,424 2884,452 2832,467 2773,449 2688,457 2659,441 2629,463 2488,436 2429,468 2403,446 2262,462 2212,439 2161,470 2119,457 2121,540"/>
                <Baseline points="2126,507 2171,506 2217,504 2263,503 2309,501 2354,500 2400,500 2446,498 2492,498 2537,498 2583,497 2629,497 2675,495 2720,494 2766,492 2812,491 2858,489 2903,486 2949,483 2995,479 3041,474"/>
                <Word id="r2l6_w1" custom="readingOrder {index:0;}">
                    <Coords points="2120,464 2120,524 2276,524 2276,464"/>
                    <TextEquiv>
                        <Unicode>sehn,</Unicode>
                    </TextEquiv>
                </Word>
                <Word id="r2l6_w2" custom="readingOrder {index:1;}">
                    <Coords points="2332,460 2332,520 2376,520 2376,460"/>
                    <TextEquiv>
                        <Unicode>off</Unicode>
                    </TextEquiv>
                </Word>
                <Word id="r2l6_w3" custom="readingOrder {index:2;}">
                    <Coords points="2465,458 2465,518 2566,518 2566,458"/>
                    <TextEquiv>
                        <Unicode>das</Unicode>
                    </TextEquiv>
                </Word>
                <Word id="r2l6_w4" custom="readingOrder {index:3;}">
                    <Coords points="2588,457 2588,517 2644,517 2644,457"/>
                    <TextEquiv>
                        <Unicode>er</Unicode>
                    </TextEquiv>
                </Word>
                <Word id="r2l6_w5" custom="readingOrder {index:4;}">
                    <Coords points="2677,450 2677,510 2956,510 2956,450"/>
                    <TextEquiv>
                        <Unicode>benempten</Unicode>
                    </TextEquiv>
                </Word>
                <TextEquiv>
                    <Unicode>sehn, off das er benempten</Unicode>
                </TextEquiv>
            </TextLine>
            <TextLine id="r2l7" custom="readingOrder {index:6;}">
                <Coords points="2097,611 2160,594 2217,604 2235,586 2286,586 2299,599 2323,581 2348,597 2399,589 2439,622 2517,591 2583,604 2643,588 2673,605 2709,578 2748,599 2838,574 2864,594 2897,574 3016,595 3021,520 2987,531 2961,515 2922,541 2872,497 2822,544 2781,532 2741,554 2701,524 2680,541 2644,524 2607,542 2588,532 2565,547 2478,551 2448,529 2394,563 2338,530 2315,548 2219,563 2147,543 2096,556 2097,611"/>
                <Baseline points="2103,593 2148,590 2194,588 2240,585 2285,583 2331,581 2377,581 2422,579 2468,579 2514,578 2560,578 2605,578 2651,578 2697,576 2742,576 2788,575 2834,575 2879,573 2925,572 2971,570 3017,567"/>
                <Word id="r2l7_w1" custom="readingOrder {index:0;}">
                    <Coords points="2093,552 2093,612 2116,612 2116,552"/>
                    <TextEquiv>
                        <Unicode>den</Unicode>
                    </TextEquiv>
                </Word>
                <Word id="r2l7_w2" custom="readingOrder {index:1;}">
                    <Coords points="2320,541 2320,601 2373,601 2373,541"/>
                    <TextEquiv>
                        <Unicode>zu</Unicode>
                    </TextEquiv>
                </Word>
                <Word id="r2l7_w3" custom="readingOrder {index:2;}">
                    <Coords points="2411,538 2411,598 2532,598 2532,538"/>
                    <TextEquiv>
                        <Unicode>seinen</Unicode>
                    </TextEquiv>
                </Word>
                <Word id="r2l7_w4" custom="readingOrder {index:3;}">
                    <Coords points="2601,536 2601,596 2782,596 2782,536"/>
                    <TextEquiv>
                        <Unicode>Aaren</Unicode>
                    </TextEquiv>
                </Word>
                <Word id="r2l7_w5" custom="readingOrder {index:4;}">
                    <Coords points="2836,532 2836,592 2987,592 2987,532"/>
                    <TextEquiv>
                        <Unicode>Reden</Unicode>
                    </TextEquiv>
                </Word>
                <TextEquiv>
                    <Unicode>den zu seinen Aaren Reden</Unicode>
                </TextEquiv>
            </TextLine>
            <TextLine id="r2l8" custom="readingOrder {index:7;}">
                <Coords points="2631,633 2684,623 2705,637 2733,617 2762,618 2761,597 2711,580 2690,597 2628,591 2631,633"/>
                <Baseline points="2636,620 2666,620 2696,618 2726,615 2756,611"/>
                <TextEquiv>
                    <Unicode></Unicode>
                </TextEquiv>
            </TextLine>
            <TextLine id="r2l9" custom="readingOrder {index:8;}">
                <Coords points="2112,665 2176,664 2223,700 2290,659 2330,682 2359,665 2436,674 2469,660 2511,677 2528,663 2627,660 2741,677 2787,705 2820,685 2851,689 2929,643 2969,659 2969,600 2935,606 2897,587 2853,605 2797,598 2710,635 2532,604 2469,633 2398,589 2364,585 2298,602 2260,629 2188,599 2112,626 2112,665"/>
                <Baseline points="2118,656 2160,656 2202,654 2244,654 2287,654 2329,654 2371,656 2413,656 2456,656 2498,656 2540,657 2582,657 2625,657 2667,656 2709,656 2751,655 2794,654 2836,652 2878,649 2920,647 2963,644"/>
                <Word id="r2l9_w1" custom="readingOrder {index:0;}">
                    <Coords points="2112,614 2112,674 2298,674 2298,614"/>
                    <TextEquiv>
                        <Unicode>möcht.</Unicode>
                    </TextEquiv>
                </Word>
                <Word id="r2l9_w2" custom="readingOrder {index:1;}">
                    <Coords points="2328,616 2328,676 2442,676 2442,616"/>
                    <TextEquiv>
                        <Unicode>Da</Unicode>
                    </TextEquiv>
                </Word>
                <Word id="r2l9_w3" custom="readingOrder {index:2;}">
                    <Coords points="2463,616 2463,676 2555,676 2555,616"/>
                    <TextEquiv>
                        <Unicode>aber</Unicode>
                    </TextEquiv>
                </Word>
                <Word id="r2l9_w4" custom="readingOrder {index:3;}">
                    <Coords points="2597,616 2597,676 2659,676 2659,616"/>
                    <TextEquiv>
                        <Unicode>ein</Unicode>
                    </TextEquiv>
                </Word>
                <Word id="r2l9_w5" custom="readingOrder {index:4;}">
                    <Coords points="2700,615 2700,675 2793,675 2793,615"/>
                    <TextEquiv>
                        <Unicode>off</Unicode>
                    </TextEquiv>
                </Word>
                <Word id="r2l9_w6" custom="readingOrder {index:5;}">
                    <Coords points="2834,609 2834,669 2896,669 2896,609"/>
                    <TextEquiv>
                        <Unicode>soll</Unicode>
                    </TextEquiv>
                </Word>
                <TextEquiv>
                    <Unicode>möcht. Da aber ein off soll</Unicode>
                </TextEquiv>
            </TextLine>
            <TextLine id="r2l10" custom="readingOrder {index:9;}">
                <Coords points="2118,768 2173,737 2235,757 2372,744 2405,767 2447,747 2511,745 2558,767 2611,733 2635,754 2657,739 2751,736 2791,751 2869,736 2913,775 3000,771 3051,762 3051,707 3008,697 2939,708 2902,684 2748,702 2721,679 2649,708 2594,691 2531,695 2511,710 2341,676 2239,702 2190,683 2126,682 2118,768"/>
                <Baseline points="2124,729 2170,728 2216,728 2262,728 2308,728 2354,729 2400,729 2446,729 2492,729 2538,729 2584,729 2630,729 2676,729 2722,729 2768,729 2814,729 2860,729 2906,729 2952,728 2998,728 3045,726"/>
                <Word id="r2l10_w1" custom="readingOrder {index:0;}">
                    <Coords points="2116,688 2116,748 2148,748 2148,688"/>
                    <TextEquiv>
                        <Unicode>sie</Unicode>
                    </TextEquiv>
                </Word>
                <Word id="r2l10_w2" custom="readingOrder {index:1;}">
                    <Coords points="2197,688 2197,748 2498,748 2498,688"/>
                    <TextEquiv>
                        <Unicode>anbringen,</Unicode>
                    </TextEquiv>
                </Word>
                <Word id="r2l10_w3" custom="readingOrder {index:2;}">
                    <Coords points="2539,689 2539,749 2784,749 2784,689"/>
                    <TextEquiv>
                        <Unicode>gemelter</Unicode>
                    </TextEquiv>
                </Word>
                <Word id="r2l10_w4" custom="readingOrder {index:3;}">
                    <Coords points="2824,688 2824,748 3003,748 3003,688"/>
                    <TextEquiv>
                        <Unicode>Losung</Unicode>
                    </TextEquiv>
                </Word>
                <TextEquiv>
                    <Unicode>sie anbringen, gemelter Losung</Unicode>
                </TextEquiv>
            </TextLine>
            <TextLine id="r2l11" custom="readingOrder {index:10;}">
                <Coords points="2095,797 2135,797 2192,844 2241,855 2292,833 2349,850 2412,812 2450,842 2488,832 2514,859 2560,841 2595,851 2654,843 2685,821 2735,831 2754,820 2807,856 2907,815 3009,823 3009,770 2938,783 2870,748 2779,785 2706,756 2672,788 2632,757 2574,776 2512,748 2415,775 2354,761 2312,779 2173,737 2095,769 2095,797"/>
                <Baseline points="2100,803 2145,804 2190,805 2235,806 2280,807 2325,809 2370,810 2416,810 2461,810 2506,812 2551,812 2596,812 2641,812 2686,812 2732,810 2777,810 2822,809 2867,809 2912,807 2957,806 3003,804"/>
                <Word id="r2l11_w1" custom="readingOrder {index:0;}">
                    <Coords points="2094,765 2094,825 2313,825 2313,765"/>
                    <TextEquiv>
                        <Unicode>zusagen,</Unicode>
                    </TextEquiv>
                </Word>
                <Word id="r2l11_w2" custom="readingOrder {index:1;}">
                    <Coords points="2343,770 2343,830 2422,830 2422,770"/>
                    <TextEquiv>
                        <Unicode>noch</Unicode>
                    </TextEquiv>
                </Word>
                <Word id="r2l11_w3" custom="readingOrder {index:2;}">
                    <Coords points="2452,771 2452,831 2522,831 2522,771"/>
                    <TextEquiv>
                        <Unicode>des</Unicode>
                    </TextEquiv>
                </Word>
                <Word id="r2l11_w4" custom="readingOrder {index:3;}">
                    <Coords points="2581,772 2581,832 2770,832 2770,772"/>
                    <TextEquiv>
                        <Unicode>Glauben</Unicode>
                    </TextEquiv>
                </Word>
                <Word id="r2l11_w5" custom="readingOrder {index:4;}">
                    <Coords points="2810,768 2810,828 2959,828 2959,768"/>
                    <TextEquiv>
                        <Unicode>geben</Unicode>
                    </TextEquiv>
                </Word>
                <TextEquiv>
                    <Unicode>zusagen, noch des Glauben geben</Unicode>
                </TextEquiv>
            </TextLine>
            <TextLine id="r2l12" custom="readingOrder {index:11;}">
                <Coords points="2109,909 2189,902 2289,917 2366,904 2438,941 2505,913 2556,930 2576,911 2597,920 2628,902 2713,923 2768,903 2854,947 2895,919 2939,915 2939,864 2897,842 2781,874 2704,820 2650,858 2534,857 2513,872 2412,811 2302,874 2193,843 2128,795 2110,800 2109,909"/>
                <Baseline points="2115,890 2155,891 2196,893 2237,893 2278,894 2319,895 2360,896 2401,897 2442,897 2483,897 2524,899 2564,899 2605,899 2646,899 2687,899 2728,899 2769,899 2810,897 2851,896 2892,896 2933,894"/>
                <Word id="r2l12_w1" custom="readingOrder {index:0;}">
                    <Coords points="2110,852 2110,912 2276,912 2276,852"/>
                    <TextEquiv>
                        <Unicode>wollen,</Unicode>
                    </TextEquiv>
                </Word>
                <Word id="r2l12_w2" custom="readingOrder {index:1;}">
                    <Coords points="2311,855 2311,915 2335,915 2335,855"/>
                    <TextEquiv>
                        <Unicode>er</Unicode>
                    </TextEquiv>
                </Word>
                <Word id="r2l12_w3" custom="readingOrder {index:2;}">
                    <Coords points="2382,857 2382,917 2500,917 2500,857"/>
                    <TextEquiv>
                        <Unicode>könne</Unicode>
                    </TextEquiv>
                </Word>
                <Word id="r2l12_w4" custom="readingOrder {index:3;}">
                    <Coords points="2559,859 2559,919 2701,919 2701,859"/>
                    <TextEquiv>
                        <Unicode>vnd</Unicode>
                    </TextEquiv>
                </Word>
                <Word id="r2l12_w5" custom="readingOrder {index:4;}">
                    <Coords points="2736,857 2736,917 2878,917 2878,857"/>
                    <TextEquiv>
                        <Unicode>möchte</Unicode>
                    </TextEquiv>
                </Word>
                <TextEquiv>
                    <Unicode>wollen, er könne vnd möchte</Unicode>
                </TextEquiv>
            </TextLine>
            <TextLine id="r2l13" custom="readingOrder {index:12;} place {offset:15; length:8;}">
                <Coords points="2104,984 2171,994 2204,972 2241,971 2292,1013 2380,983 2450,1013 2527,980 2683,1001 2748,989 2809,1026 2825,1013 2879,1020 2923,988 3044,1008 3045,943 2977,954 2940,925 2895,919 2854,951 2795,924 2753,960 2630,948 2573,924 2511,940 2459,924 2439,941 2364,929 2329,952 2275,908 2229,933 2201,923 2186,935 2137,913 2104,916 2104,984"/>
                <Baseline points="2109,969 2155,969 2202,971 2248,972 2295,974 2341,975 2388,977 2434,978 2481,978 2527,980 2574,981 2620,981 2667,983 2713,983 2760,983 2806,983 2853,981 2899,981 2946,980 2992,978 3039,977"/>
                <Word id="r2l13_w1" custom="readingOrder {index:0;}">
                    <Coords points="2102,929 2102,989 2174,989 2174,929"/>
                    <TextEquiv>
                        <Unicode>dann</Unicode>
                    </TextEquiv>
                </Word>
                <Word id="r2l13_w2" custom="readingOrder {index:1;}">
                    <Coords points="2237,934 2237,994 2399,994 2399,934"/>
                    <TextEquiv>
                        <Unicode>zuvor,</Unicode>
                    </TextEquiv>
                </Word>
                <Word id="r2l13_w3" custom="readingOrder {index:2;}">
                    <Coords points="2417,938 2417,998 2498,998 2498,938"/>
                    <TextEquiv>
                        <Unicode>in</Unicode>
                    </TextEquiv>
                </Word>
                <Word id="r2l13_w4" custom="readingOrder {index:3;}">
                    <Coords points="2525,942 2525,1002 2803,1002 2803,942"/>
                    <TextEquiv>
                        <Unicode>Maiwache</Unicode>
                    </TextEquiv>
                </Word>
                <Word id="r2l13_w5" custom="readingOrder {index:4;}">
                    <Coords points="2830,940 2830,1000 3001,1000 3001,940"/>
                    <TextEquiv>
                        <Unicode>bruch</Unicode>
                    </TextEquiv>
                </Word>
                <TextEquiv>
                    <Unicode>dann zuvor, in Maiwache bruch</Unicode>
                </TextEquiv>
            </TextLine>
            <TextLine id="r2l14" custom="readingOrder {index:13;}">
                <Coords points="2120,1065 2243,1055 2316,1083 2392,1059 2454,1079 2530,1076 2547,1092 2612,1078 2644,1095 2735,1078 2828,1094 2874,1079 2924,1115 2970,1097 3025,1117 3044,1111 3045,1006 3024,1012 3007,997 2965,1009 2932,988 2872,1026 2832,1013 2786,1042 2695,996 2624,1020 2600,1001 2545,1000 2502,1031 2380,998 2296,1022 2258,988 2221,984 2121,1007 2120,1065"/>
                <Baseline points="2126,1053 2171,1053 2217,1053 2262,1053 2308,1055 2354,1055 2399,1056 2445,1058 2490,1059 2536,1059 2582,1061 2627,1062 2673,1064 2718,1064 2764,1065 2810,1065 2855,1065 2901,1065 2946,1064 2992,1062 3038,1061"/>
                <Word id="r2l14_w1" custom="readingOrder {index:0;}">
                    <Coords points="2120,1013 2120,1073 2225,1073 2225,1013"/>
                    <TextEquiv>
                        <Unicode>vnd</Unicode>
                    </TextEquiv>
                </Word>
                <Word id="r2l14_w2" custom="readingOrder {index:1;}">
                    <Coords points="2246,1015 2246,1075 2383,1075 2383,1015"/>
                    <TextEquiv>
                        <Unicode>vmb</Unicode>
                    </TextEquiv>
                </Word>
                <Word id="r2l14_w3" custom="readingOrder {index:2;}">
                    <Coords points="2414,1017 2414,1077 2467,1077 2467,1017"/>
                    <TextEquiv>
                        <Unicode>den</Unicode>
                    </TextEquiv>
                </Word>
                <Word id="r2l14_w4" custom="readingOrder {index:3;}">
                    <Coords points="2519,1021 2519,1081 2719,1081 2719,1021"/>
                    <TextEquiv>
                        <Unicode>Eingaben</Unicode>
                    </TextEquiv>
                </Word>
                <Word id="r2l14_w5" custom="readingOrder {index:4;}">
                    <Coords points="2834,1024 2834,1084 3044,1084 3044,1024"/>
                    <TextEquiv>
                        <Unicode>verschaf¬</Unicode>
                    </TextEquiv>
                </Word>
                <TextEquiv>
                    <Unicode>vnd vmb den Eingaben verschaf¬</Unicode>
                </TextEquiv>
            </TextLine>
            <TextLine id="r2l15" custom="readingOrder {index:14;}">
                <Coords points="2105,1147 2151,1136 2271,1156 2324,1139 2393,1182 2429,1155 2472,1161 2492,1144 2521,1162 2565,1155 2596,1185 2621,1171 2648,1198 2698,1161 2741,1171 2774,1156 2810,1184 2826,1171 2882,1194 2910,1169 2951,1160 2974,1178 3007,1173 3008,1130 2964,1101 2895,1119 2848,1088 2798,1105 2752,1084 2688,1098 2670,1083 2649,1095 2621,1084 2577,1099 2524,1075 2496,1094 2465,1075 2391,1079 2350,1100 2248,1065 2187,1089 2107,1061 2105,1147"/>
                <Baseline points="2111,1136 2155,1134 2200,1134 2244,1134 2289,1134 2333,1136 2378,1137 2422,1139 2467,1140 2511,1142 2556,1144 2601,1146 2645,1148 2690,1150 2734,1151 2779,1152 2823,1154 2868,1154 2912,1154 2957,1152 3002,1152"/>
                <Word id="r2l15_w1" custom="readingOrder {index:0;}">
                    <Coords points="2105,1095 2105,1155 2156,1155 2156,1095"/>
                    <TextEquiv>
                        <Unicode>der</Unicode>
                    </TextEquiv>
                </Word>
                <Word id="r2l15_w2" custom="readingOrder {index:1;}">
                    <Coords points="2218,1094 2218,1154 2300,1154 2300,1094"/>
                    <TextEquiv>
                        <Unicode>die</Unicode>
                    </TextEquiv>
                </Word>
                <Word id="r2l15_w3" custom="readingOrder {index:2;}">
                    <Coords points="2351,1099 2351,1159 2535,1159 2535,1099"/>
                    <TextEquiv>
                        <Unicode>Absend</Unicode>
                    </TextEquiv>
                </Word>
                <Word id="r2l15_w4" custom="readingOrder {index:3;}">
                    <Coords points="2577,1108 2577,1168 2751,1168 2751,1108"/>
                    <TextEquiv>
                        <Unicode>schuld,</Unicode>
                    </TextEquiv>
                </Word>
                <Word id="r2l15_w5" custom="readingOrder {index:4;}">
                    <Coords points="2792,1114 2792,1174 2935,1174 2935,1114"/>
                    <TextEquiv>
                        <Unicode>Sipell</Unicode>
                    </TextEquiv>
                </Word>
                <TextEquiv>
                    <Unicode>der die Absend schuld, Sipell</Unicode>
                </TextEquiv>
            </TextLine>
            <TextLine id="r2l16" custom="readingOrder {index:15;}">
                <Coords points="2115,1220 2245,1212 2285,1232 2345,1224 2430,1273 2496,1229 2541,1246 2588,1235 2639,1270 2714,1262 2763,1235 2814,1254 2875,1235 2913,1259 2948,1250 2951,1163 2921,1168 2861,1213 2821,1195 2755,1206 2688,1188 2648,1199 2622,1171 2583,1197 2553,1198 2501,1157 2464,1172 2437,1151 2389,1184 2370,1168 2270,1165 2247,1150 2163,1186 2117,1155 2115,1220"/>
                <Baseline points="2121,1211 2162,1211 2203,1211 2244,1211 2285,1212 2326,1214 2367,1215 2408,1217 2449,1218 2490,1219 2532,1221 2573,1223 2614,1224 2655,1226 2696,1227 2737,1229 2778,1229 2819,1230 2860,1232 2901,1233 2943,1233"/>
                <Word id="r2l16_w1" custom="readingOrder {index:0;}">
                    <Coords points="2114,1171 2114,1231 2182,1231 2182,1171"/>
                    <TextEquiv>
                        <Unicode>und</Unicode>
                    </TextEquiv>
                </Word>
                <Word id="r2l16_w2" custom="readingOrder {index:1;}">
                    <Coords points="2260,1174 2260,1234 2416,1234 2416,1174"/>
                    <TextEquiv>
                        <Unicode>Brieff</Unicode>
                    </TextEquiv>
                </Word>
                <Word id="r2l16_w3" custom="readingOrder {index:2;}">
                    <Coords points="2494,1181 2494,1241 2581,1241 2581,1181"/>
                    <TextEquiv>
                        <Unicode>der</Unicode>
                    </TextEquiv>
                </Word>
                <Word id="r2l16_w4" custom="readingOrder {index:3;}">
                    <Coords points="2581,1186 2581,1246 2756,1246 2756,1186"/>
                    <TextEquiv>
                        <Unicode>liegen</Unicode>
                    </TextEquiv>
                </Word>
                <Word id="r2l16_w5" custom="readingOrder {index:4;}">
                    <Coords points="2795,1190 2795,1250 2844,1250 2844,1190"/>
                    <TextEquiv>
                        <Unicode>und</Unicode>
                    </TextEquiv>
                </Word>
                <TextEquiv>
                    <Unicode>und Brieff der liegen und</Unicode>
                </TextEquiv>
            </TextLine>
            <TextLine id="r2l17" custom="readingOrder {index:16;}">
                <Coords points="2102,1291 2156,1325 2261,1295 2295,1316 2369,1314 2404,1328 2447,1307 2481,1315 2512,1302 2636,1338 2705,1339 2734,1316 2760,1331 2780,1324 2837,1366 2927,1332 3021,1369 3026,1257 2980,1236 2914,1260 2887,1243 2812,1283 2776,1252 2732,1246 2607,1284 2513,1278 2481,1258 2431,1273 2342,1233 2299,1259 2272,1245 2237,1258 2115,1233 2102,1291"/>
                <Baseline points="2109,1284 2154,1287 2199,1290 2245,1292 2290,1295 2336,1297 2381,1299 2426,1302 2472,1304 2517,1305 2563,1308 2608,1309 2653,1311 2699,1312 2744,1314 2790,1314 2835,1316 2880,1317 2926,1317 2971,1319 3017,1319"/>
                <Word id="r2l17_w1" custom="readingOrder {index:0;}">
                    <Coords points="2102,1249 2102,1309 2291,1309 2291,1249"/>
                    <TextEquiv>
                        <Unicode>zeigen.</Unicode>
                    </TextEquiv>
                </Word>
                <Word id="r2l17_w2" custom="readingOrder {index:1;}">
                    <Coords points="2354,1262 2354,1322 2501,1322 2501,1262"/>
                    <TextEquiv>
                        <Unicode>Wie</Unicode>
                    </TextEquiv>
                </Word>
                <Word id="r2l17_w3" custom="readingOrder {index:2;}">
                    <Coords points="2532,1268 2532,1328 2616,1328 2616,1268"/>
                    <TextEquiv>
                        <Unicode>nun</Unicode>
                    </TextEquiv>
                </Word>
                <Word id="r2l17_w4" custom="readingOrder {index:3;}">
                    <Coords points="2679,1272 2679,1332 2742,1332 2742,1272"/>
                    <TextEquiv>
                        <Unicode>um</Unicode>
                    </TextEquiv>
                </Word>
                <Word id="r2l17_w5" custom="readingOrder {index:4;}">
                    <Coords points="2847,1277 2847,1337 2973,1337 2973,1277"/>
                    <TextEquiv>
                        <Unicode>sich</Unicode>
                    </TextEquiv>
                </Word>
                <TextEquiv>
                    <Unicode>zeigen. Wie nun um sich</Unicode>
                </TextEquiv>
            </TextLine>
            <TextLine id="r2l18" custom="readingOrder {index:17;}">
                <Coords points="2088,1391 2159,1410 2196,1390 2231,1421 2302,1393 2393,1424 2449,1396 2498,1419 2527,1400 2604,1401 2663,1433 2729,1396 2759,1407 2838,1388 2896,1424 2928,1420 2952,1436 3024,1418 3025,1372 3009,1378 2971,1351 2927,1374 2883,1349 2854,1367 2814,1354 2795,1363 2780,1348 2756,1354 2725,1325 2618,1362 2556,1311 2489,1356 2416,1323 2223,1348 2179,1317 2148,1325 2091,1284 2088,1391"/>
                <Baseline points="2094,1371 2140,1373 2186,1374 2232,1376 2278,1377 2325,1379 2371,1380 2417,1382 2463,1383 2509,1386 2556,1388 2602,1389 2648,1391 2694,1394 2740,1395 2787,1396 2833,1398 2879,1400 2925,1401 2971,1401 3018,1403"/>
                <Word id="r2l18_w1" custom="readingOrder {index:0;}">
                    <Coords points="2088,1337 2088,1397 2508,1397 2508,1337"/>
                    <TextEquiv>
                        <Unicode>fürgewesen,</Unicode>
                    </TextEquiv>
                </Word>
                <Word id="r2l18_w2" custom="readingOrder {index:1;}">
                    <Coords points="2529,1348 2529,1408 2604,1408 2604,1348"/>
                    <TextEquiv>
                        <Unicode>da</Unicode>
                    </TextEquiv>
                </Word>
                <Word id="r2l18_w3" custom="readingOrder {index:2;}">
                    <Coords points="2637,1353 2637,1413 2733,1413 2733,1353"/>
                    <TextEquiv>
                        <Unicode>habe</Unicode>
                    </TextEquiv>
                </Word>
                <Word id="r2l18_w4" custom="readingOrder {index:3;}">
                    <Coords points="2755,1356 2755,1416 2819,1416 2819,1356"/>
                    <TextEquiv>
                        <Unicode>er</Unicode>
                    </TextEquiv>
                </Word>
                <Word id="r2l18_w5" custom="readingOrder {index:4;}">
                    <Coords points="2841,1360 2841,1420 3002,1420 3002,1360"/>
                    <TextEquiv>
                        <Unicode>be¬</Unicode>
                    </TextEquiv>
                </Word>
                <TextEquiv>
                    <Unicode>fürgewesen, da habe er be¬</Unicode>
                </TextEquiv>
            </TextLine>
            <TextLine id="r2l19" custom="readingOrder {index:18;}">
                <Coords points="2130,1464 2212,1461 2280,1517 2368,1479 2476,1500 2596,1476 2678,1499 2717,1476 2787,1507 2845,1487 2869,1507 2904,1493 2954,1525 2999,1501 3000,1428 2909,1455 2881,1440 2838,1448 2785,1434 2750,1401 2687,1431 2647,1433 2614,1412 2528,1432 2487,1412 2334,1439 2273,1411 2218,1419 2178,1396 2131,1409 2130,1464"/>
                <Baseline points="2136,1452 2178,1455 2221,1457 2264,1458 2307,1460 2350,1461 2393,1462 2435,1463 2478,1464 2521,1464 2564,1465 2607,1466 2650,1466 2693,1467 2735,1467 2778,1469 2821,1469 2864,1470 2907,1472 2950,1473 2993,1475"/>
                <Word id="r2l19_w1" custom="readingOrder {index:0;}">
                    <Coords points="2129,1413 2129,1473 2179,1473 2179,1413"/>
                    <TextEquiv>
                        <Unicode>es</Unicode>
                    </TextEquiv>
                </Word>
                <Word id="r2l19_w2" custom="readingOrder {index:1;}">
                    <Coords points="2248,1423 2248,1483 2624,1483 2624,1423"/>
                    <TextEquiv>
                        <Unicode>will,</Unicode>
                    </TextEquiv>
                </Word>
                <Word id="r2l19_w3" custom="readingOrder {index:2;}">
                    <Coords points="2624,1426 2624,1486 2723,1486 2723,1426"/>
                    <TextEquiv>
                        <Unicode>und</Unicode>
                    </TextEquiv>
                </Word>
                <Word id="r2l19_w4" custom="readingOrder {index:3;}">
                    <Coords points="2762,1429 2762,1489 2861,1489 2861,1429"/>
                    <TextEquiv>
                        <Unicode>weg</Unicode>
                    </TextEquiv>
                </Word>
                <Word id="r2l19_w5" custom="readingOrder {index:4;}">
                    <Coords points="2921,1433 2921,1493 2980,1493 2980,1433"/>
                    <TextEquiv>
                        <Unicode>ge¬</Unicode>
                    </TextEquiv>
                </Word>
                <TextEquiv>
                    <Unicode>es will, und weg ge¬</Unicode>
                </TextEquiv>
            </TextLine>
            <TextLine id="r2l20" custom="readingOrder {index:19;}">
                <Coords points="2115,1573 2157,1568 2211,1594 2243,1568 2299,1571 2319,1592 2392,1547 2480,1591 2545,1555 2679,1591 2800,1562 2869,1602 2894,1579 2926,1586 2953,1566 2997,1579 3014,1567 3016,1507 2940,1524 2901,1499 2851,1530 2756,1492 2678,1505 2620,1484 2558,1519 2505,1503 2435,1507 2368,1480 2283,1517 2239,1493 2212,1505 2200,1492 2161,1517 2117,1491 2115,1573"/>
                <Baseline points="2121,1539 2165,1541 2209,1541 2254,1542 2298,1542 2343,1544 2387,1544 2431,1545 2476,1547 2520,1548 2565,1549 2609,1550 2653,1551 2698,1553 2742,1554 2787,1555 2831,1556 2875,1557 2920,1557 2964,1559 3009,1559"/>
                <Word id="r2l20_w1" custom="readingOrder {index:0;}">
                    <Coords points="2115,1501 2115,1561 2268,1561 2268,1501"/>
                    <TextEquiv>
                        <Unicode>sucht,</Unicode>
                    </TextEquiv>
                </Word>
                <Word id="r2l20_w2" custom="readingOrder {index:1;}">
                    <Coords points="2299,1504 2299,1564 2442,1564 2442,1504"/>
                    <TextEquiv>
                        <Unicode>sollich</Unicode>
                    </TextEquiv>
                </Word>
                <Word id="r2l20_w3" custom="readingOrder {index:2;}">
                    <Coords points="2463,1507 2463,1567 2524,1567 2524,1507"/>
                    <TextEquiv>
                        <Unicode>sie</Unicode>
                    </TextEquiv>
                </Word>
                <Word id="r2l20_w4" custom="readingOrder {index:3;}">
                    <Coords points="2585,1512 2585,1572 2800,1572 2800,1512"/>
                    <TextEquiv>
                        <Unicode>Eingaben</Unicode>
                    </TextEquiv>
                </Word>
                <Word id="r2l20_w5" custom="readingOrder {index:4;}">
                    <Coords points="2852,1517 2852,1577 3005,1577 3005,1517"/>
                    <TextEquiv>
                        <Unicode>glaub¬</Unicode>
                    </TextEquiv>
                </Word>
                <TextEquiv>
                    <Unicode>sucht, sollich sie Eingaben glaub¬</Unicode>
                </TextEquiv>
            </TextLine>
            <TextLine id="r2l21" custom="readingOrder {index:20;}">
                <Coords points="2109,1638 2160,1673 2190,1676 2282,1634 2350,1666 2399,1668 2420,1688 2487,1643 2547,1636 2598,1665 2656,1634 2705,1646 2762,1694 2866,1646 2892,1659 2905,1647 2935,1659 2956,1643 2978,1650 2979,1600 2842,1613 2794,1582 2700,1579 2644,1605 2595,1568 2569,1583 2522,1575 2479,1606 2445,1570 2387,1546 2321,1594 2303,1576 2265,1587 2246,1567 2213,1595 2110,1574 2109,1638"/>
                <Baseline points="2115,1622 2157,1623 2200,1625 2243,1626 2286,1628 2329,1629 2372,1630 2414,1631 2457,1632 2500,1633 2543,1634 2586,1635 2629,1635 2672,1637 2714,1637 2757,1638 2800,1639 2843,1640 2886,1641 2929,1643 2972,1644"/>
                <Word id="r2l21_w1" custom="readingOrder {index:0;}">
                    <Coords points="2111,1582 2111,1642 2161,1642 2161,1582"/>
                    <TextEquiv>
                        <Unicode>Ein</Unicode>
                    </TextEquiv>
                </Word>
                <Word id="r2l21_w2" custom="readingOrder {index:1;}">
                    <Coords points="2224,1589 2224,1649 2512,1649 2512,1589"/>
                    <TextEquiv>
                        <Unicode>gebewesen.</Unicode>
                    </TextEquiv>
                </Word>
                <Word id="r2l21_w3" custom="readingOrder {index:2;}">
                    <Coords points="2562,1595 2562,1655 2650,1655 2650,1595"/>
                    <TextEquiv>
                        <Unicode>Den</Unicode>
                    </TextEquiv>
                </Word>
                <Word id="r2l21_w4" custom="readingOrder {index:3;}">
                    <Coords points="2725,1599 2725,1659 2926,1659 2926,1599"/>
                    <TextEquiv>
                        <Unicode>hiemit</Unicode>
                    </TextEquiv>
                </Word>
                <TextEquiv>
                    <Unicode>Ein gebewesen. Den hiemit</Unicode>
                </TextEquiv>
            </TextLine>
            <TextLine id="r2l22" custom="readingOrder {index:21;} place {offset:8; length:6;} person {offset:21; length:3; continued:true;}">
                <Coords points="2102,1706 2183,1705 2220,1728 2326,1734 2443,1711 2489,1740 2564,1724 2608,1751 2668,1723 2698,1739 3026,1729 3028,1683 2934,1690 2846,1662 2757,1694 2727,1671 2698,1693 2648,1676 2620,1689 2587,1676 2555,1690 2417,1690 2395,1667 2317,1654 2279,1674 2164,1677 2113,1638 2102,1706"/>
                <Baseline points="2108,1701 2153,1701 2199,1703 2244,1703 2290,1705 2336,1707 2381,1708 2427,1710 2473,1712 2518,1714 2564,1716 2610,1718 2655,1720 2701,1721 2747,1723 2792,1724 2838,1725 2884,1725 2929,1725 2975,1725 3021,1724"/>
                <Word id="r2l22_w1" custom="readingOrder {index:0;}">
                    <Coords points="2099,1661 2099,1721 2156,1721 2156,1661"/>
                    <TextEquiv>
                        <Unicode>die</Unicode>
                    </TextEquiv>
                </Word>
                <Word id="r2l22_w2" custom="readingOrder {index:1;}">
                    <Coords points="2198,1663 2198,1723 2269,1723 2269,1663"/>
                    <TextEquiv>
                        <Unicode>von</Unicode>
                    </TextEquiv>
                </Word>
                <Word id="r2l22_w3" custom="readingOrder {index:2;}">
                    <Coords points="2298,1670 2298,1730 2597,1730 2597,1670"/>
                    <TextEquiv>
                        <Unicode>Murten,</Unicode>
                    </TextEquiv>
                </Word>
                <Word id="r2l22_w4" custom="readingOrder {index:3;}">
                    <Coords points="2611,1680 2611,1740 2781,1740 2781,1680"/>
                    <TextEquiv>
                        <Unicode>eben</Unicode>
                    </TextEquiv>
                </Word>
                <Word id="r2l22_w5" custom="readingOrder {index:4;}">
                    <Coords points="2803,1685 2803,1745 3016,1745 3016,1685"/>
                    <TextEquiv>
                        <Unicode>An¬</Unicode>
                    </TextEquiv>
                </Word>
                <TextEquiv>
                    <Unicode>die von Murten, eben An¬</Unicode>
                </TextEquiv>
            </TextLine>
            <TextLine id="r2l23" custom="readingOrder {index:22;} person {offset:0; length:4; continued:true;}">
                <Coords points="2106,1787 2163,1784 2210,1814 2251,1795 2337,1793 2397,1833 2430,1810 2606,1805 2655,1844 2706,1812 2773,1836 2828,1802 2894,1837 2925,1812 2968,1842 2984,1841 2986,1777 2881,1753 2851,1779 2817,1769 2793,1780 2721,1733 2692,1744 2636,1732 2608,1751 2575,1733 2522,1734 2446,1762 2366,1723 2272,1747 2237,1725 2144,1712 2108,1722 2106,1787"/>
                <Baseline points="2112,1781 2155,1782 2198,1784 2242,1787 2285,1788 2328,1790 2372,1791 2415,1794 2458,1795 2502,1797 2545,1799 2588,1800 2632,1802 2675,1803 2718,1803 2762,1805 2805,1805 2848,1806 2892,1806 2935,1806 2979,1805"/>
                <Word id="r2l23_w1" custom="readingOrder {index:0;}">
                    <Coords points="2106,1742 2106,1802 2206,1802 2206,1742"/>
                    <TextEquiv>
                        <Unicode>rach</Unicode>
                    </TextEquiv>
                </Word>
                <Word id="r2l23_w2" custom="readingOrder {index:1;}">
                    <Coords points="2256,1751 2256,1811 2516,1811 2516,1751"/>
                    <TextEquiv>
                        <Unicode>aussee,</Unicode>
                    </TextEquiv>
                </Word>
                <Word id="r2l23_w3" custom="readingOrder {index:2;}">
                    <Coords points="2536,1762 2536,1822 2756,1822 2756,1762"/>
                    <TextEquiv>
                        <Unicode>dasselbige</Unicode>
                    </TextEquiv>
                </Word>
                <Word id="r2l23_w4" custom="readingOrder {index:3;}">
                    <Coords points="2766,1766 2766,1826 2966,1826 2966,1766"/>
                    <TextEquiv>
                        <Unicode>we¬</Unicode>
                    </TextEquiv>
                </Word>
                <TextEquiv>
                    <Unicode>rach aussee, dasselbige we¬</Unicode>
                </TextEquiv>
            </TextLine>
            <TextLine id="r2l24" custom="readingOrder {index:23;} place {offset:17; length:4; continued:true;}">
                <Coords points="2090,1900 2141,1874 2220,1867 2295,1897 2332,1873 2389,1876 2451,1916 2491,1884 2558,1891 2606,1915 2671,1891 2767,1893 2856,1940 2890,1919 2916,1923 2969,1885 2998,1888 2999,1845 2939,1836 2908,1847 2829,1801 2742,1857 2661,1851 2609,1807 2565,1809 2504,1852 2445,1811 2395,1832 2339,1794 2319,1806 2299,1795 2213,1840 2128,1805 2092,1824 2090,1900"/>
                <Baseline points="2097,1854 2141,1857 2186,1860 2231,1863 2276,1865 2321,1867 2365,1869 2410,1871 2455,1873 2500,1875 2545,1877 2589,1878 2634,1880 2679,1880 2724,1881 2769,1881 2813,1882 2858,1883 2903,1883 2948,1881 2993,1881"/>
                <Word id="r2l24_w1" custom="readingOrder {index:0;}">
                    <Coords points="2091,1816 2091,1876 2169,1876 2169,1816"/>
                    <TextEquiv>
                        <Unicode>der</Unicode>
                    </TextEquiv>
                </Word>
                <Word id="r2l24_w2" custom="readingOrder {index:1;}">
                    <Coords points="2225,1829 2225,1889 2527,1889 2527,1829"/>
                    <TextEquiv>
                        <Unicode>Brache.</Unicode>
                    </TextEquiv>
                </Word>
                <Word id="r2l24_w3" custom="readingOrder {index:2;}">
                    <Coords points="2550,1838 2550,1898 2662,1898 2662,1838"/>
                    <TextEquiv>
                        <Unicode>Denn</Unicode>
                    </TextEquiv>
                </Word>
                <Word id="r2l24_w4" custom="readingOrder {index:3;}">
                    <Coords points="2706,1842 2706,1902 2975,1902 2975,1842"/>
                    <TextEquiv>
                        <Unicode>gan¬</Unicode>
                    </TextEquiv>
                </Word>
                <TextEquiv>
                    <Unicode>der Brache. Denn gan¬</Unicode>
                </TextEquiv>
            </TextLine>
            <TextLine id="r2l25" custom="readingOrder {index:24;} place {offset:0; length:7; continued:true;}">
                <Coords points="2058,1943 2154,1994 2221,1955 2258,1956 2303,1986 2363,1964 2404,1982 2438,1971 2475,2008 2533,1965 2593,1971 2616,1956 2681,2003 2746,2007 2808,1973 2888,1987 2967,1977 2968,1939 2909,1921 2855,1943 2803,1936 2720,1891 2665,1893 2594,1932 2533,1932 2476,1901 2448,1916 2392,1888 2333,1915 2257,1922 2227,1898 2170,1897 2143,1874 2087,1918 2059,1912 2058,1943"/>
                <Baseline points="2064,1934 2108,1938 2153,1941 2198,1945 2243,1948 2288,1952 2333,1953 2377,1956 2422,1958 2467,1959 2512,1961 2557,1962 2602,1964 2647,1965 2691,1965 2736,1967 2781,1967 2826,1968 2871,1969 2916,1970 2961,1971"/>
                <Word id="r2l25_w1" custom="readingOrder {index:0;}">
                    <Coords points="2058,1904 2058,1964 2327,1964 2327,1904"/>
                    <TextEquiv>
                        <Unicode>Fryburg,</Unicode>
                    </TextEquiv>
                </Word>
                <Word id="r2l25_w2" custom="readingOrder {index:1;}">
                    <Coords points="2368,1916 2368,1976 2420,1976 2420,1916"/>
                    <TextEquiv>
                        <Unicode>zu</Unicode>
                    </TextEquiv>
                </Word>
                <Word id="r2l25_w3" custom="readingOrder {index:2;}">
                    <Coords points="2461,1921 2461,1981 2595,1981 2595,1921"/>
                    <TextEquiv>
                        <Unicode>seiner</Unicode>
                    </TextEquiv>
                </Word>
                <Word id="r2l25_w4" custom="readingOrder {index:3;}">
                    <Coords points="2637,1927 2637,1987 2936,1987 2936,1927"/>
                    <TextEquiv>
                        <Unicode>Großmutter</Unicode>
                    </TextEquiv>
                </Word>
                <TextEquiv>
                    <Unicode>Fryburg, zu seiner Großmutter</Unicode>
                </TextEquiv>
            </TextLine>
            <TextLine id="r2l26" custom="readingOrder {index:25;}">
                <Coords points="2101,2084 2166,2045 2222,2083 2279,2039 2306,2043 2346,2079 2384,2064 2469,2095 2534,2050 2593,2076 2653,2060 2690,2085 2777,2071 2795,2083 2897,2052 2981,2072 2983,1980 2933,1994 2798,1978 2746,2008 2727,1996 2622,2011 2584,2000 2555,2016 2501,1996 2395,2016 2345,1977 2301,2003 2268,1988 2167,2003 2103,1986 2101,2084"/>
                <Baseline points="2108,2025 2151,2027 2194,2028 2238,2030 2281,2031 2325,2033 2368,2034 2411,2035 2455,2036 2498,2037 2542,2039 2585,2040 2628,2042 2672,2043 2715,2043 2759,2045 2802,2046 2845,2048 2889,2049 2932,2050 2976,2051"/>
                <Word id="r2l26_w1" custom="readingOrder {index:0;}">
                    <Coords points="2102,1985 2102,2045 2114,2045 2114,1985"/>
                    <TextEquiv>
                        <Unicode>In</Unicode>
                    </TextEquiv>
                </Word>
                <Word id="r2l26_w2" custom="readingOrder {index:1;}">
                    <Coords points="2195,1993 2195,2053 2518,2053 2518,1993"/>
                    <TextEquiv>
                        <Unicode>Genesungen</Unicode>
                    </TextEquiv>
                </Word>
                <Word id="r2l26_w3" custom="readingOrder {index:2;}">
                    <Coords points="2553,2002 2553,2062 2773,2062 2773,2002"/>
                    <TextEquiv>
                        <Unicode>ganzen,</Unicode>
                    </TextEquiv>
                </Word>
                <Word id="r2l26_w4" custom="readingOrder {index:3;}">
                    <Coords points="2807,2008 2807,2068 2946,2068 2946,2008"/>
                    <TextEquiv>
                        <Unicode>und</Unicode>
                    </TextEquiv>
                </Word>
                <TextEquiv>
                    <Unicode>In Genesungen ganzen, und</Unicode>
                </TextEquiv>
            </TextLine>
            <TextLine id="r2l27" custom="readingOrder {index:26;}">
                <Coords points="2091,2118 2154,2133 2207,2115 2257,2157 2288,2164 2340,2136 2409,2145 2463,2127 2507,2143 2561,2126 2653,2154 2750,2128 2836,2152 2891,2133 2916,2151 2950,2150 2967,2147 2968,2083 2897,2052 2802,2091 2791,2081 2746,2092 2723,2076 2701,2095 2660,2077 2617,2092 2532,2056 2462,2100 2384,2064 2345,2080 2311,2047 2279,2040 2221,2083 2169,2044 2105,2086 2092,2081 2091,2118"/>
                <Baseline points="2097,2105 2140,2107 2183,2108 2226,2111 2269,2112 2313,2114 2356,2115 2399,2117 2442,2118 2485,2120 2529,2121 2572,2123 2615,2123 2658,2124 2701,2124 2745,2124 2788,2124 2831,2124 2874,2124 2917,2123 2961,2123"/>
                <Word id="r2l27_w1" custom="readingOrder {index:0;}">
                    <Coords points="2090,2066 2090,2126 2188,2126 2188,2066"/>
                    <TextEquiv>
                        <Unicode>alda</Unicode>
                    </TextEquiv>
                </Word>
                <Word id="r2l27_w2" custom="readingOrder {index:1;}">
                    <Coords points="2217,2071 2217,2131 2266,2131 2266,2071"/>
                    <TextEquiv>
                        <Unicode>off</Unicode>
                    </TextEquiv>
                </Word>
                <Word id="r2l27_w3" custom="readingOrder {index:2;}">
                    <Coords points="2344,2076 2344,2136 2441,2136 2441,2076"/>
                    <TextEquiv>
                        <Unicode>dem</Unicode>
                    </TextEquiv>
                </Word>
                <Word id="r2l27_w4" custom="readingOrder {index:3;}">
                    <Coords points="2490,2083 2490,2143 2695,2143 2695,2083"/>
                    <TextEquiv>
                        <Unicode>Markt</Unicode>
                    </TextEquiv>
                </Word>
                <Word id="r2l27_w5" custom="readingOrder {index:4;}">
                    <Coords points="2753,2084 2753,2144 2939,2144 2939,2084"/>
                    <TextEquiv>
                        <Unicode>oder</Unicode>
                    </TextEquiv>
                </Word>
                <TextEquiv>
                    <Unicode>alda off dem Markt oder</Unicode>
                </TextEquiv>
            </TextLine>
            <TextLine id="r2l28" custom="readingOrder {index:27;}">
                <Coords points="2093,2196 2119,2202 2161,2180 2208,2201 2317,2186 2370,2210 2453,2194 2576,2223 2618,2250 2760,2228 2799,2253 2946,2211 2948,2168 2922,2179 2803,2140 2712,2158 2692,2140 2672,2157 2628,2145 2598,2167 2520,2176 2496,2164 2448,2171 2412,2149 2372,2168 2245,2159 2200,2133 2145,2154 2095,2146 2093,2196"/>
                <Baseline points="2100,2175 2142,2178 2184,2180 2226,2183 2268,2185 2310,2187 2352,2189 2394,2192 2436,2195 2478,2196 2520,2198 2562,2201 2604,2202 2646,2204 2688,2205 2730,2205 2772,2207 2814,2207 2856,2205 2898,2205 2940,2204"/>
                <Word id="r2l28_w1" custom="readingOrder {index:0;}">
                    <Coords points="2092,2141 2092,2201 2319,2201 2319,2141"/>
                    <TextEquiv>
                        <Unicode>andern,</Unicode>
                    </TextEquiv>
                </Word>
                <Word id="r2l28_w2" custom="readingOrder {index:1;}">
                    <Coords points="2383,2155 2383,2215 2511,2215 2511,2155"/>
                    <TextEquiv>
                        <Unicode>einen</Unicode>
                    </TextEquiv>
                </Word>
                <Word id="r2l28_w3" custom="readingOrder {index:2;}">
                    <Coords points="2556,2164 2556,2224 2775,2224 2775,2164"/>
                    <TextEquiv>
                        <Unicode>sollen,</Unicode>
                    </TextEquiv>
                </Word>
                <Word id="r2l28_w4" custom="readingOrder {index:3;}">
                    <Coords points="2775,2167 2775,2227 2803,2227 2803,2167"/>
                    <TextEquiv>
                        <Unicode>so</Unicode>
                    </TextEquiv>
                </Word>
                <Word id="r2l28_w5" custom="readingOrder {index:4;}">
                    <Coords points="2839,2165 2839,2225 2912,2225 2912,2165"/>
                    <TextEquiv>
                        <Unicode>ein¬</Unicode>
                    </TextEquiv>
                </Word>
                <TextEquiv>
                    <Unicode>andern, einen sollen, so ein¬</Unicode>
                </TextEquiv>
            </TextLine>
            <TextLine id="r2l29" custom="readingOrder {index:28;}">
                <Coords points="2078,2271 2146,2282 2169,2300 2227,2302 2248,2287 2277,2305 2440,2275 2583,2326 2614,2310 2712,2304 2838,2329 2888,2294 2949,2292 2951,2246 2909,2235 2878,2249 2846,2231 2799,2253 2618,2249 2580,2236 2539,2250 2493,2214 2440,2240 2357,2233 2294,2202 2188,2205 2143,2191 2080,2214 2078,2271"/>
                <Baseline points="2085,2253 2127,2256 2170,2258 2213,2261 2256,2263 2299,2264 2342,2267 2385,2270 2428,2271 2471,2273 2514,2275 2556,2277 2599,2279 2642,2280 2685,2282 2728,2282 2771,2283 2814,2284 2857,2285 2900,2285 2943,2285"/>
                <Word id="r2l29_w1" custom="readingOrder {index:0;}">
                    <Coords points="2078,2221 2078,2281 2383,2281 2383,2221"/>
                    <TextEquiv>
                        <Unicode>Schrybzug,</Unicode>
                    </TextEquiv>
                </Word>
                <Word id="r2l29_w2" custom="readingOrder {index:1;}">
                    <Coords points="2383,2230 2383,2290 2427,2290 2427,2230"/>
                    <TextEquiv>
                        <Unicode>an</Unicode>
                    </TextEquiv>
                </Word>
                <Word id="r2l29_w3" custom="readingOrder {index:2;}">
                    <Coords points="2470,2234 2470,2294 2536,2294 2536,2234"/>
                    <TextEquiv>
                        <Unicode>im</Unicode>
                    </TextEquiv>
                </Word>
                <Word id="r2l29_w4" custom="readingOrder {index:3;}">
                    <Coords points="2579,2241 2579,2301 2754,2301 2754,2241"/>
                    <TextEquiv>
                        <Unicode>augen</Unicode>
                    </TextEquiv>
                </Word>
                <Word id="r2l29_w5" custom="readingOrder {index:4;}">
                    <Coords points="2786,2245 2786,2305 2939,2305 2939,2245"/>
                    <TextEquiv>
                        <Unicode>gert</Unicode>
                    </TextEquiv>
                </Word>
                <TextEquiv>
                    <Unicode>Schrybzug, an im augen gert</Unicode>
                </TextEquiv>
            </TextLine>
            <TextLine id="r2l30" custom="readingOrder {index:29;}">
                <Coords points="2079,2317 2153,2350 2186,2338 2353,2358 2461,2341 2508,2362 2815,2356 2890,2379 2945,2369 2947,2332 2926,2334 2885,2305 2848,2328 2813,2320 2751,2334 2719,2316 2613,2331 2542,2301 2488,2299 2462,2319 2434,2305 2372,2315 2331,2287 2286,2310 2230,2311 2163,2299 2146,2282 2079,2317"/>
                <Baseline points="2085,2327 2127,2331 2170,2333 2213,2336 2256,2337 2298,2340 2341,2342 2384,2343 2427,2345 2469,2346 2512,2347 2555,2348 2598,2349 2640,2351 2683,2352 2726,2354 2769,2356 2811,2357 2854,2360 2897,2361 2940,2364"/>
                <Word id="r2l30_w1" custom="readingOrder {index:0;}">
                    <Coords points="2075,2290 2075,2350 2175,2350 2175,2290"/>
                    <TextEquiv>
                        <Unicode>dem</Unicode>
                    </TextEquiv>
                </Word>
                <Word id="r2l30_w2" custom="readingOrder {index:1;}">
                    <Coords points="2225,2296 2225,2356 2269,2356 2269,2296"/>
                    <TextEquiv>
                        <Unicode>er</Unicode>
                    </TextEquiv>
                </Word>
                <Word id="r2l30_w3" custom="readingOrder {index:2;}">
                    <Coords points="2312,2302 2312,2362 2381,2362 2381,2302"/>
                    <TextEquiv>
                        <Unicode>dann</Unicode>
                    </TextEquiv>
                </Word>
                <Word id="r2l30_w4" custom="readingOrder {index:3;}">
                    <Coords points="2462,2307 2462,2367 2594,2367 2594,2307"/>
                    <TextEquiv>
                        <Unicode>einen</Unicode>
                    </TextEquiv>
                </Word>
                <Word id="r2l30_w5" custom="readingOrder {index:4;}">
                    <Coords points="2638,2313 2638,2373 2788,2373 2788,2313"/>
                    <TextEquiv>
                        <Unicode>neuen</Unicode>
                    </TextEquiv>
                </Word>
                <Word id="r2l30_w6" custom="readingOrder {index:5;}">
                    <Coords points="2844,2320 2844,2380 2919,2380 2919,2320"/>
                    <TextEquiv>
                        <Unicode>ver¬</Unicode>
                    </TextEquiv>
                </Word>
                <TextEquiv>
                    <Unicode>dem er dann einen neuen ver¬</Unicode>
                </TextEquiv>
            </TextLine>
            <TextLine id="r2l31" custom="readingOrder {index:30;}">
                <Coords points="2091,2424 2141,2424 2175,2447 2254,2425 2327,2440 2353,2424 2456,2425 2508,2470 2534,2449 2578,2471 2622,2430 2658,2426 2707,2453 2752,2432 2777,2447 2833,2428 2901,2450 2955,2433 2956,2400 2921,2402 2857,2369 2812,2386 2721,2352 2688,2378 2619,2394 2582,2373 2505,2376 2467,2355 2415,2377 2332,2384 2303,2362 2223,2386 2163,2386 2115,2359 2093,2364 2091,2424"/>
                <Baseline points="2097,2408 2139,2409 2182,2411 2224,2413 2267,2414 2310,2415 2352,2417 2395,2418 2437,2418 2480,2420 2523,2420 2565,2421 2608,2423 2650,2424 2693,2426 2736,2427 2778,2429 2821,2431 2863,2433 2906,2436 2949,2441"/>
                <Word id="r2l31_w1" custom="readingOrder {index:0;}">
                    <Coords points="2091,2371 2091,2431 2307,2431 2307,2371"/>
                    <TextEquiv>
                        <Unicode>Conguert,</Unicode>
                    </TextEquiv>
                </Word>
                <Word id="r2l31_w2" custom="readingOrder {index:1;}">
                    <Coords points="2348,2377 2348,2437 2441,2437 2441,2377"/>
                    <TextEquiv>
                        <Unicode>und</Unicode>
                    </TextEquiv>
                </Word>
                <Word id="r2l31_w3" custom="readingOrder {index:2;}">
                    <Coords points="2492,2380 2492,2440 2574,2440 2574,2380"/>
                    <TextEquiv>
                        <Unicode>sich</Unicode>
                    </TextEquiv>
                </Word>
                <Word id="r2l31_w4" custom="readingOrder {index:3;}">
                    <Coords points="2616,2383 2616,2443 2657,2443 2657,2383"/>
                    <TextEquiv>
                        <Unicode>an</Unicode>
                    </TextEquiv>
                </Word>
                <Word id="r2l31_w5" custom="readingOrder {index:4;}">
                    <Coords points="2688,2386 2688,2446 2770,2446 2770,2386"/>
                    <TextEquiv>
                        <Unicode>seit</Unicode>
                    </TextEquiv>
                </Word>
                <Word id="r2l31_w6" custom="readingOrder {index:5;}">
                    <Coords points="2852,2394 2852,2454 2914,2454 2914,2394"/>
                    <TextEquiv>
                        <Unicode>des</Unicode>
                    </TextEquiv>
                </Word>
                <TextEquiv>
                    <Unicode>Conguert, und sich an seit des</Unicode>
                </TextEquiv>
            </TextLine>
            <TextLine id="r2l32" custom="readingOrder {index:31;}">
                <Coords points="2085,2485 2272,2492 2367,2517 2401,2496 2459,2490 2492,2511 2563,2489 2616,2540 2631,2530 2664,2549 2691,2525 2737,2515 2801,2534 2832,2561 2916,2532 2953,2551 2999,2518 3002,2444 2788,2448 2751,2432 2707,2453 2641,2429 2562,2474 2535,2448 2508,2470 2491,2453 2430,2460 2365,2423 2303,2453 2193,2461 2087,2440 2085,2485"/>
                <Baseline points="2091,2480 2136,2481 2181,2483 2226,2484 2271,2486 2316,2487 2361,2489 2406,2490 2451,2492 2496,2493 2542,2495 2587,2497 2632,2499 2677,2501 2722,2505 2767,2507 2812,2509 2857,2513 2902,2515 2947,2519 2993,2522"/>
                <Word id="r2l32_w1" custom="readingOrder {index:0;}">
                    <Coords points="2085,2442 2085,2502 2249,2502 2249,2442"/>
                    <TextEquiv>
                        <Unicode>neues</Unicode>
                    </TextEquiv>
                </Word>
                <Word id="r2l32_w2" custom="readingOrder {index:1;}">
                    <Coords points="2325,2448 2325,2508 2390,2508 2390,2448"/>
                    <TextEquiv>
                        <Unicode>uns</Unicode>
                    </TextEquiv>
                </Word>
                <Word id="r2l32_w3" custom="readingOrder {index:2;}">
                    <Coords points="2510,2457 2510,2517 2674,2517 2674,2457"/>
                    <TextEquiv>
                        <Unicode>wiss,</Unicode>
                    </TextEquiv>
                </Word>
                <Word id="r2l32_w4" custom="readingOrder {index:3;}">
                    <Coords points="2696,2465 2696,2525 2772,2525 2772,2465"/>
                    <TextEquiv>
                        <Unicode>als</Unicode>
                    </TextEquiv>
                </Word>
                <Word id="r2l32_w5" custom="readingOrder {index:4;}">
                    <Coords points="2815,2474 2815,2534 2946,2534 2946,2474"/>
                    <TextEquiv>
                        <Unicode>Pro¬</Unicode>
                    </TextEquiv>
                </Word>
                <TextEquiv>
                    <Unicode>neues uns wiss, als Pro¬</Unicode>
                </TextEquiv>
            </TextLine>
            <TextLine id="r2l33" custom="readingOrder {index:32;} place {offset:10; length:7;}">
                <Coords points="2085,2587 2265,2567 2343,2603 2387,2572 2442,2584 2478,2574 2534,2586 2569,2615 2656,2621 2720,2578 2797,2627 2869,2584 2891,2595 2961,2587 2980,2603 3006,2590 3007,2555 2978,2540 2828,2561 2797,2532 2746,2537 2719,2518 2633,2550 2563,2489 2476,2523 2342,2511 2260,2536 2179,2534 2110,2495 2087,2506 2085,2587"/>
                <Baseline points="2091,2562 2136,2564 2181,2565 2227,2567 2272,2568 2318,2569 2363,2570 2409,2571 2454,2571 2500,2573 2545,2574 2590,2574 2636,2576 2681,2577 2727,2577 2772,2579 2818,2580 2863,2582 2909,2584 2954,2585 3000,2588"/>
                <Word id="r2l33_w1" custom="readingOrder {index:0;}">
                    <Coords points="2085,2524 2085,2584 2263,2584 2263,2524"/>
                    <TextEquiv>
                        <Unicode>Ammann</Unicode>
                    </TextEquiv>
                </Word>
                <Word id="r2l33_w2" custom="readingOrder {index:1;}">
                    <Coords points="2326,2529 2326,2589 2368,2589 2368,2529"/>
                    <TextEquiv>
                        <Unicode>zu</Unicode>
                    </TextEquiv>
                </Word>
                <Word id="r2l33_w3" custom="readingOrder {index:2;}">
                    <Coords points="2389,2532 2389,2592 2598,2592 2598,2532"/>
                    <TextEquiv>
                        <Unicode>München</Unicode>
                    </TextEquiv>
                </Word>
                <Word id="r2l33_w4" custom="readingOrder {index:3;}">
                    <Coords points="2619,2537 2619,2597 2776,2597 2776,2537"/>
                    <TextEquiv>
                        <Unicode>wer</Unicode>
                    </TextEquiv>
                </Word>
                <Word id="r2l33_w5" custom="readingOrder {index:4;}">
                    <Coords points="2776,2542 2776,2602 2985,2602 2985,2542"/>
                    <TextEquiv>
                        <Unicode>zuemp¬</Unicode>
                    </TextEquiv>
                </Word>
                <TextEquiv>
                    <Unicode>Ammann zu München wer zuemp¬</Unicode>
                </TextEquiv>
            </TextLine>
            <TextLine id="r2l34" custom="readingOrder {index:33;}">
                <Coords points="2071,2689 2097,2701 2144,2678 2179,2687 2265,2650 2368,2657 2382,2673 2552,2660 2666,2697 2755,2686 2802,2715 2903,2730 2926,2720 2930,2615 2875,2606 2838,2637 2764,2621 2647,2630 2621,2615 2589,2628 2527,2593 2491,2618 2412,2617 2385,2631 2287,2610 2252,2631 2193,2613 2138,2621 2075,2589 2071,2689"/>
                <Baseline points="2079,2643 2121,2645 2163,2646 2205,2646 2247,2648 2289,2649 2331,2651 2373,2652 2415,2653 2457,2654 2500,2655 2542,2657 2584,2659 2626,2661 2668,2663 2710,2664 2752,2667 2794,2669 2836,2671 2878,2674 2921,2676"/>
                <Word id="r2l34_w1" custom="readingOrder {index:0;}">
                    <Coords points="2070,2606 2070,2666 2320,2666 2320,2606"/>
                    <TextEquiv>
                        <Unicode>zugungen</Unicode>
                    </TextEquiv>
                </Word>
                <Word id="r2l34_w2" custom="readingOrder {index:1;}">
                    <Coords points="2410,2614 2410,2674 2540,2674 2540,2614"/>
                    <TextEquiv>
                        <Unicode>und</Unicode>
                    </TextEquiv>
                </Word>
                <Word id="r2l34_w3" custom="readingOrder {index:2;}">
                    <Coords points="2590,2623 2590,2683 2810,2683 2810,2623"/>
                    <TextEquiv>
                        <Unicode>begant,</Unicode>
                    </TextEquiv>
                </Word>
                <Word id="r2l34_w4" custom="readingOrder {index:3;}">
                    <Coords points="2840,2633 2840,2693 2900,2693 2900,2633"/>
                    <TextEquiv>
                        <Unicode>pr</Unicode>
                    </TextEquiv>
                </Word>
                <TextEquiv>
                    <Unicode>zugungen und begant, pr</Unicode>
                </TextEquiv>
            </TextLine>
            <TextEquiv>
                <Unicode>
































</Unicode>
            </TextEquiv>
        </TextRegion>
    </Page>
</PcGts>
