4000 3000
2008 137 2212 197 Wölker
2242 119 2446 179 yber
2487 113 2681 173 vergegen
2742 115 2803 175 der
2824 115 2966 175 welsche

2025 203 2305 263 Gachner
2368 193 2513 253 weiche
2558 191 2621 251 sie
2657 190 2883 250 gegen

2040 289 2140 349 Alde
2190 284 2257 344 dem
2307 280 2582 340 Spröder,
2599 278 2633 338 die
2691 274 2950 334 vorgemelle

2048 359 2159 419 erdigt
2270 355 2548 415 einige
2592 353 2748 413 mischoff
2837 353 2882 413 zu

2038 439 2153 499 lesen
2188 439 2430 499 fürglen,
2465 440 2557 500 auch
2615 439 2788 499 bisher
2811 432 2938 492 alle¬

2045 523 2144 583 wir
2177 521 2232 581 zu
2276 521 2441 581 Erbar
2517 524 2627 584 seinen
2671 524 2803 584 neuen
2847 518 2902 578 vor¬

2040 597 2121 657 dem
2161 602 2263 662 er
2263 608 2729 668 verlängert,
2759 607 2850 667 sich
2850 605 2951 665 noch

2038 680 2214 740 Inhalte
2265 684 2328 744 der
2353 687 2491 747 falschen
2542 691 2693 751 Missis
2768 690 2869 750 Pe¬

2046 778 2154 838 Groß
2208 771 2381 831 man
2425 770 2479 830 zu
2544 770 2738 830 München
2760 773 2900 833 wil,

2046 857 2140 917 und
2176 856 2270 916 den
2293 857 2481 917 welschen
2528 857 2716 917 knaben,
2751 856 2834 916 nach

2027 958 2167 1018 seins
2231 958 2350 1018 wis,
2371 959 2597 1019 geneigt
2694 956 2887 1016 damit

2042 1041 2083 1101 so
2125 1048 2270 1108 wenig
2322 1052 2436 1112 in
2540 1051 2634 1111 dem
2665 1046 2872 1106 daselbig¬

2043 1130 2169 1190 welsch
2192 1130 2250 1190 das
2353 1134 2560 1194 vermeine
2571 1141 2859 1201 erließ,

2044 1210 2104 1270 den
2152 1214 2430 1274 Schuldbrieff
2466 1221 2623 1281 schriben
2647 1222 2900 1282 angaben

2035 1307 2260 1367 Nämlich,
2296 1310 2377 1370 wie
2431 1312 2512 1372 das
2530 1312 2584 1372 er
2629 1312 2701 1372 von
2746 1313 2908 1373 bemelle

2040 1393 2164 1453 Das
2226 1398 2350 1458 Wissen
2402 1400 2475 1460 den
2516 1402 2692 1462 welschen
2733 1399 2868 1459 Knaben

2029 1477 2123 1537 Die
2165 1482 2290 1542 zur
2321 1484 2394 1544 zu
2436 1487 2822 1547 Münchweiler,
2842 1489 2895 1549 In

2042 1551 2152 1611 seinen
2202 1557 2302 1617 Zelen
2352 1563 2452 1623 vnd
2513 1567 2663 1627 machen
2723 1568 2843 1628 gela¬

2050 1722 2277 1782 erhofft,
2361 1729 2445 1789 vnd
2469 1732 2540 1792 der
2564 1735 2576 1795 ein
2600 1736 2899 1796 guter

2047 1801 2408 1861 wohnersparer
2440 1819 2695 1879 Schiff
2705 1822 2918 1882 ich

2005 1873 2121 1933 darin
2162 1882 2402 1942 vermelden
2443 1892 2584 1952 stunde,
2625 1897 2708 1957 das
2749 1900 2774 1960 er
2798 1901 2906 1961 der¬

2034 1949 2086 2009 uns
2138 1960 2522 2020 volkommenliche
2553 1969 2781 2029 Bezalung
2812 1970 2874 2030 er¬

2010 2031 2232 2091 langer,
2257 2039 2339 2099 vnd
2414 2046 2488 2106 aber
2529 2049 2620 2109 mit
2661 2050 2826 2110 se¬

2009 2112 2153 2172 war,
2182 2123 2413 2183 sondern
2427 2123 2571 2183 die
2658 2121 2773 2181 allein
2802 2121 2918 2181 mit

2005 2192 2109 2252 deren
2156 2198 2326 2258 Erwart
2410 2207 2542 2267 hat,
2599 2212 2750 2272 gelasse
2778 2215 2901 2275 des¬

2004 2267 2068 2327 halb
2110 2271 2163 2331 der
2184 2277 2332 2337 relle
2396 2290 2893 2350 offi¬

1979 2353 2056 2413 zel
2056 2360 2198 2420 und
2231 2369 2330 2429 Tag,
2373 2375 2570 2435 bezalen,
2603 2378 2844 2438 wölches

1985 2432 2029 2492 hin
2072 2448 2355 2508 verwarhaft
2421 2460 2638 2520 angeben,
2660 2461 2812 2521 derselbe

1984 2521 2192 2581 Schier,
2215 2532 2261 2592 an
2330 2542 2653 2602 Vermerkung
2676 2543 2757 2603 des
2780 2542 2883 2602 Falsch

1967 2595 2020 2655 der
2042 2603 2127 2663 und
2159 2613 2488 2673 stärkenden
2531 2617 2594 2677 Bern
