4000 3000
2335 178 2415 238 es
2475 146 2574 206 gar
2674 119 2734 179 oft
2793 102 2973 162 gescher
3032 82 3152 142 Her¬

2341 233 2594 293 erhalten
2594 209 2658 269 ein
2848 171 3207 231 örtlich
3228 154 3291 214 das

2375 332 2398 392 den
2628 278 3066 338 rat,
3066 250 3158 310 die
3158 236 3296 296 Se¬

2352 413 2394 473 und
2499 385 2730 445 zierend
2793 361 2939 421 jeder
2960 347 3044 407 dem
3086 323 3317 383 lese¬

2360 484 2461 544 nach
2490 470 2648 530 Zuhr,
2677 454 2879 514 Bitte
2922 431 3109 491 genamt
3196 405 3282 465 an¬

2355 574 2429 634 von
2441 559 2602 619 seinem
2651 538 2837 598 Grüner
2936 522 2997 582 von
3022 510 3207 570 Fen¬

2362 654 2444 714 sie.
2471 638 2676 698 Dieselbe
2690 629 2786 689 er
2827 618 3100 678 verlasse,
3154 602 3236 662 und

2362 738 2432 798 sich
2471 733 2521 793 an
2590 729 2669 789 einen
2669 714 3262 774 Tragers

2335 838 2551 898 fromer,
2620 822 2836 882 gehemmt
2961 803 3086 863 und
3132 789 3200 849 als

2360 925 2448 985 mir
2535 914 2754 974 desselben
2815 902 2885 962 ein
2972 890 3086 950 der
3121 879 3252 939 Lan¬

2364 1005 2454 1065 zur
2484 996 2917 1056 entzogen

2341 1141 2480 1201 Dein
2589 1129 2659 1189 als
2688 1126 2718 1186 er
2748 1122 3025 1182 erfrage,
3055 1118 3105 1178 ob
3105 1116 3144 1176 er
3174 1111 3283 1171 mit

2355 1213 2553 1273 gedachts
2592 1208 2661 1268 in
2701 1205 2839 1265 Maÿ,
2868 1199 3016 1259 darzu
3056 1193 3243 1253 angreift

2375 1297 2464 1357 und
2544 1289 2820 1349 zeigen
2900 1283 3043 1343 habe,
3087 1278 3185 1338 hat

2371 1384 2558 1444 mit
2610 1380 2776 1440 wollen
2787 1378 2891 1438 sich
3140 1370 3192 1430 sie

2397 1477 2530 1537 tende
2602 1474 2889 1534 Eingaben,
2910 1472 3002 1532 das
3053 1472 3279 1532 dieselbi¬

2383 1558 2428 1618 ein
2456 1561 2620 1621 zwang
2703 1562 2803 1622 und
2877 1561 2996 1621 guts
3014 1558 3252 1618 willens

2384 1639 2476 1699 mit
2527 1643 2619 1703 den
2660 1651 2987 1711 Hagens,
3049 1655 3141 1715 die
3182 1653 3213 1713 er

2388 1723 2496 1783 dem
2564 1735 2753 1795 wörtlich
2794 1740 2902 1800 mal
2983 1740 3280 1800 beschlaffen

2388 1897 2596 1957 schwer
2712 1908 2790 1968 sie
2854 1913 2984 1973 und
3049 1915 3126 1975 ein
3165 1914 3282 1974 hin¬

2389 1984 2641 2044 vere,
2662 1991 2761 2051 und
2815 1995 2848 2055 so
2914 1999 3132 2059 dasselbig
3176 1998 3230 2058 im

2395 2060 2429 2120 wo
2498 2068 2600 2128 einer
2635 2077 2886 2137 oberheit
2954 2083 3308 2143 weigerlich

2359 2150 2656 2210 mit
2709 2155 2744 2215 er
2910 2164 2971 2224 von
2997 2167 3093 2227 seien
3207 2164 3294 2224 gab

2375 2230 2585 2290 Cham,
2627 2239 2775 2299 wolle
2806 2244 2848 2304 in
2890 2248 2943 2308 es
2985 2248 3079 2308 habe

2378 2398 2598 2458 thes
2662 2408 2772 2468 hatte
2790 2425 3167 2485 das
3194 2435 3295 2495 In¬

2396 2478 2716 2538 der
2735 2490 2848 2550 sich
2923 2502 3120 2562 mell
3224 2512 3290 2572 so¬

2404 2562 2478 2622 der
2527 2568 2713 2628 scheide
2762 2578 2985 2638 Gerich
2997 2587 3244 2647 Christ¬

2407 2653 2418 2713 so
2460 2659 2588 2719 aller
2620 2668 2855 2728 Sigrist
2887 2676 3004 2736 ist
3068 2683 3302 2743 gemach¬

2421 2746 2572 2806 habt,
2622 2752 2874 2812 welches
2925 2757 3025 2817 sich
3050 2763 3164 2823 auch
3189 2771 3264 2831 als
