4000 3000
2245 186 2447 246 ruff
2488 178 2568 238 hat
2622 175 2905 235 femlichen
2959 178 3108 238 Beschie¬

2264 258 2409 318 haben,
2470 253 2689 313 endlich
2725 254 2822 314 des
2846 255 3053 315 Fister

2265 340 2468 400 schweren
2532 338 2671 398 Fälers
2714 338 2778 398 er
2906 338 3066 398 mit

2269 423 2395 483 abhin
2441 420 2544 480 könne
2578 417 2830 477 und
2888 416 2956 476 hab
2956 416 3036 476 sich
3071 415 3094 475 die

2290 503 2338 563 ich
2362 502 2529 562 wieder
2541 500 2637 560 als
2673 500 3115 560 zugegan¬

2260 592 2337 652 als
2347 592 2356 652 den
2500 595 2558 655 der
2587 596 2836 656 vorgedacht
2923 595 3105 655 Ka¬

2255 685 2415 745 Moser
2439 683 2519 743 des
2567 681 2735 741 gewann
2879 673 3063 733 eines

2282 767 2478 827 beider,
2519 766 2581 826 zu
2612 763 2725 823 inen
2746 761 2828 821 gen
2880 758 3096 818 Burgdorff

2282 850 2511 910 kommen,
2534 848 2579 908 so
2637 844 3014 904 eingestichen,
3048 835 3106 895 da

2291 1022 2398 1082 sie
2430 1022 2719 1082 schweiger,
2740 1018 2794 1078 Dr.
2847 1011 3008 1071 Remon
3019 1004 3115 1064 und

2301 1111 2458 1171 mit
2537 1105 2674 1165 innen,
2704 1102 2783 1162 er
2792 1101 2900 1161 nach
2930 1096 3136 1156 dieselbig¬

2326 1191 2572 1251 nach
2682 1184 3092 1244 vom

2310 1278 2394 1338 Tag
2418 1274 2526 1334 bin,
2550 1273 2598 1333 wie
2706 1268 2922 1328 gesessen,
2958 1260 3066 1320 und

2298 1444 2492 1504 den
2549 1445 2710 1505 gasse,
2755 1443 2893 1503 ihn,
2904 1439 3007 1499 und
3053 1433 3133 1493 ge¬

2315 1538 2445 1598 dachter
2535 1537 2665 1597 Kosten
2755 1534 2875 1594 wider
2895 1527 3125 1587 ge¬

2327 1622 2387 1682 von
2438 1622 2619 1682 Orlich
2659 1622 2811 1682 reissen
2861 1618 3033 1678 wollen,
3073 1612 3113 1672 da

2316 1718 2382 1778 habe
2427 1718 2471 1778 es
2538 1715 2682 1775 nun,
2738 1711 2849 1771 den
2938 1704 3004 1764 für
3038 1702 3093 1762 das

2323 1807 2437 1867 Thor
2457 1802 2592 1862 Zins
2665 1795 2872 1855 belegten
2944 1785 3037 1845 und
3058 1778 3099 1838 dem

2317 1884 2402 1944 dem
2451 1879 2487 1939 ein
2536 1876 2645 1936 mass
2645 1874 2767 1934 es
2852 1868 3047 1928 getauft

2329 1968 2379 2028 die
2419 1960 2670 2020 beyde,
2700 1955 2781 2015 vor
2791 1953 2881 2013 dem
2921 1950 3032 2010 Thor
3052 1946 3132 2006 mit

2342 2036 2602 2096 anderen
2681 2032 2997 2092 gesunken,
3028 2029 3107 2089 der

2336 2112 2457 2172 durch
2497 2110 2538 2170 so
2598 2108 2760 2168 bezicht
2840 2105 3022 2165 worden,
3062 2101 3113 2161 für

2353 2185 2551 2245 nemlich,
2584 2187 2639 2247 der
2672 2189 2849 2249 ersch,
2882 2188 2937 2248 das
2981 2186 3014 2246 so
3047 2183 3146 2243 we¬

2345 2265 2428 2325 nach
2532 2271 2657 2331 lange
2709 2273 2782 2333 ist
2855 2272 3147 2332 kei¬

2342 2359 2454 2419 und
2503 2360 2684 2420 davon
2726 2360 2831 2420 noch
2858 2356 3054 2416 zu

2353 2443 2770 2503 Hauswesen,
2810 2437 3028 2497 anmasse

2350 2530 2442 2590 Das
2488 2525 2544 2585 zur
2608 2522 2655 2582 die
2692 2521 2766 2581 ein
2812 2518 2941 2578 gleich
2960 2516 3006 2576 an
3024 2514 3135 2574 gieng

2359 2611 2393 2671 se
2478 2606 2572 2666 auf
2606 2602 2657 2662 die
2709 2600 2794 2660 bist
2845 2599 3024 2659 begred
3041 2602 3143 2662 über¬

2382 2683 2613 2743 wunden,
2654 2680 2765 2740 dass
2785 2675 3107 2735 demnach
