4032 3024
1234 541 1941 657 stig er mit demselben erstlich alhie
1240 599 1924 715 zur eimmen gangen, ein maß
1247 662 1939 771 wyns gewencken, darienhin für
1263 721 1985 834 die statt hinus, den nächsten heinn
1245 795 1928 883 zu do er gen höchstetten khon
1274 853 1934 962 y Michell Fanethuser von fub
1264 927 1928 1024 da gstin vnnd im ein halb maß
1282 985 1940 1086 weyns bezallt, die er geholffen
1281 1056 1956 1148 tuckn. Dannenthin gan Eignue
1276 1110 1974 1208 den selbigen abende khomen, daselbs
1280 1170 1969 1269 ubernacht glägen, morndes gan
1289 1231 1943 1327 laußmone vd alda 1i tag mi¬
1290 1292 1901 1391 hawen, dann er wäre krenck
1304 1349 1968 1454 wyches von Langnou zu seinen
1295 1414 1966 1517 rettenn dem würt Iun schathen
1277 1478 1938 1582 ehrer der im versprochen das
1304 1530 1963 1643 best zeyhund, deshalb er ein zytt
1301 1589 1971 1699 by im bliben unnd von danir
1322 1661 1968 1767 genn trub gangen daselbst by
1315 1739 1962 1819 einen unnd dem Buren inn
1321 1795 1976 1902 Floser Frub Christan Eenekhuser
1321 1862 1998 1966 ettwan achtag sich enthallten, demn
1327 1934 1971 2030 er gedorfft mit so angendts zu
1370 1996 1980 2093 nnm vntter khommen, Er hätte
1493 2049 1938 2136 deen man an vatter
1357 2070 1972 2212 schickt imme zeuerzischen, do der
1340 2173 2003 2270 selb bermen im zuaus uuer
1340 2236 2023 2322 gebrachen, der vatter wurde wol
1355 2300 1981 2413 das beste thun, doch solle er Im
1360 2365 2000 2472 mit angendts vnder die aup
1354 2420 1984 2543 gan biss das er boß verstun
1365 2473 1481 2550 wurden
2095 568 2756 670 Zum andern, vmb das Im fürpe¬
2072 635 2740 742 hallen, das auch sie vatter Im die
2095 691 2773 794 wuershusse verpotten ghest unnd
2077 746 2718 845 er aber nützin darab gechon
2072 810 2760 911 Ist sin beschedt, das wüsse er
2092 875 2781 965 gantz mndl gar nitt dann sin vatt
2084 930 2775 1022 inne ettliche mal zu Inn heyssen
2080 984 2794 1084 Inn die Uri stichen, allein möcht
2086 1043 2763 1141 vestanden werden. das vff ein
2098 1096 2784 1194 sytt der predicann zu Traben
2058 1159 2746 1268 Eosss verschoufft vnd vier maße
2102 1217 2766 1323 wyns zu wynkhauff gaben, da
2091 1277 2763 1380 gut gstellen den wys gerrunck
2089 1331 2713 1441 vnd inn zu Inen hessen sich
2102 1407 2676 1503 der predigam aber versprochen
2099 1468 2792 1562 er mußte sines wynkhauffs nis
2100 1517 2793 1604 Musken das domaln sin vatter
2098 1569 2714 1665 inn ermann, ehr söller uffstan
2113 1630 2776 1727 unnd stunst ettwan einhalb maß
2111 1687 2801 1789 sufften, dann er dessen wol ewan
2106 1740 2795 1818 möht, ander wüsser mit das
2110 1806 2782 1897 Im stir vetterye dhe weineshus
2125 1859 2728 1947 vertotten noc dauff zogen
2127 1913 2753 2013 scheysfen habt. Item als
2111 1970 2752 2069 ettliche mine s Herren zu
2125 2026 2764 2124 trub khon, vnnd er alda mitt so
2132 2078 2792 2182 einen vatter f i winerhuffs
2128 2139 2814 2227 gsin, vnnd der vatter nitt by Ine
2135 2197 2805 2308 zu nacht assen wöllen, sonders
2149 2269 2807 2372 heimgangen, hab er im empfolen
2144 2325 2792 2421 wenn eralda blyben wöllte,s.
2153 2389 2811 2486 söller er dem zerin Bernhar
2136 2447 2823 2552 von erlach nit an die schanstizen
