4032 3024
1256 553 1387 612 s der
1403 545 1904 645 alb ime für sinen loon
1241 606 1394 673 nitin
1391 605 1888 693 andrs gaben häff, dan
1236 657 1377 735 allen
1371 661 1887 756 ein klein schybli zuger nd
1225 722 1310 789 sin
1306 717 1899 813 vatter verhiesse vil hielte
1240 769 1947 882 aber weenig, der alle keyb, sölliche
1234 833 1337 931 habe
1346 830 1917 942 es sinem Vatter, Inn einer
1243 897 1940 1019 veri im schatz im mirts husz
1232 977 1960 1083 als Grich da gewaßen anzyst
1336 1055 1935 1154 Sdt, was ander luch hinder¬
1244 1114 1953 1226 werts von die Pfeden das segen
1237 1180 1951 1285 Ich die vorwerts, vnd sunst khiner
1251 1244 1953 1343 bößen meys gechen dann allen
1267 1299 1965 1412 so dem das vorgemellwr tamener
1238 1375 1822 1481 ime söllichs fürghalte
1239 1457 1923 1595 Vmb vbrige fürgehaltne sachen vnd
1604 1538 1946 1640 deßhalb an In
1267 1561 1494 1647 wortt w
1271 1606 1854 1686 mitt isär 1 pute er m
1366 1660 1966 1777 herrn, das man, den Christen
1278 1724 1932 1830 zum Ernckhußs Hannsen In
1286 1793 1965 1908 Niderbach und Lienharr schwirtzen
1290 1856 1959 1968 darumb fragen, vnd eshundig
1357 1912 1956 2021 age. dann en sölliche weren
1307 1983 1935 2087 das er soll gredt haben, de sye
1304 2042 1923 2144 als gnt als der vatter, habe er
1403 2100 1965 2210 gssen grch wol wüssen
1313 2169 1768 2278 das söllichs in sye¬
1312 2284 1967 2422 Ist das erst lär, das ander
1363 2380 1971 2504 nal mit den 7. er ste
1363 2437 1608 2539 szag wer
2654 544 2703 612 13.
2105 576 2782 705 uff donstag dem tag meyens
2108 654 2781 766 Dun pugenwürtt gkhytt, herr Ballus
2115 709 2743 821 Baldis des Khats, Joder Birziuss
2117 770 2782 866 der Burger zur Wilhelmen
2116 809 2756 937 von Stein Großswybels et. Ist
2157 905 2763 1061 Christan schwertzeneruber sum
2207 997 2662 1102 zur hütten genampt
2051 1067 2773 1184 Zu Marckhili abemals vynlich bei
2071 1133 2711 1249 frast unnd imme fürgschalle
2097 1211 2759 1297 Namlich, wie das er nichermaln
2094 1257 2771 1357 begeitt, man wöller ettliche mannen
2101 1328 2785 1422 so er selbs anpeit vnd gnensn, sun
2119 1371 2775 1484 achen halb erkhundingen, das nun
2104 1439 2747 1554 beschächen sye, vnnd man deselben
2104 1503 2766 1611 khundrschafft sich grschrifftlich by
2116 1562 2785 1671 hendig habe, durch derselben sag
2120 1630 2748 1724 sich sin sach ye meie vnnd ierr
2103 1677 2750 1792 böser erfinde. Soll deßhalb
2113 1760 2787 1865 erstlich anzuff, was Inn nach su
2117 1816 2785 1916 entledigung, da er ein erfecht geihn
2117 1880 2720 1988 das ir die gefangenschafft an in
2116 1937 2734 2030 mendts rochen wolln, ouch die
2135 1991 2706 2094 urshuße vnd gwer miyden
2118 2050 2728 2152 uesachett habe, augendts vnuer
2138 2119 2775 2218 shamptlich, Inn die wuntshuser
2138 2177 2817 2294 gegen unnd daslbst erlichtag an
2132 2259 2662 2354 ein anderen gebehaeren.
2130 2309 2805 2423 ist zum esten sin bescheden dem
2143 2379 2796 2473 nach er alhie ledig gelassen
2141 2437 2805 2544 vnnd Inn einer alhie gerischen hab
