4032 3024
1275 545 1940 650 Bastian Meyer der Bader von Fer¬
1288 606 1943 712 tach, Hanns Meyers, Irs domaln
1297 666 1927 781 gewäßnen Eemans bruder gen
1291 727 1943 841 Burgdorff zu inen ✳ sy hennze¬
1316 792 1914 910 uchen kkhommen. Da stigind
1309 865 1893 981 sy, namlich er Bastian, sampt
1306 941 1922 1037 siner schwiger ✳ ouch ir annin
1294 991 1895 1104 Eeman Hanns Meyer unnd sy
1303 1052 1913 1162 mitt Inen dieselbige nachtn
1319 1109 1912 1218 gar nach bis an den morgen
1315 1181 1942 1289 mitt wyn trincken übergsassen.
1310 1241 1925 1344 Morndes aber, als sy ouch mitt
1306 1309 1958 1403 ein annderen zmorgen gässen
1327 1369 1926 1462 vnnd darnach vorbenempter
1309 1423 1950 1528 Gastian Meger Ir schwacher, wider¬
1315 1484 1948 1587 umb heim gan Eglach wyssen
1319 1550 1961 1647 wöllen, da habe sy nui ✳ inne
1303 1621 1928 1718 für das thor hinuss belyytten
1339 1679 1972 1784 kind am fürgang inn der stett
1332 1748 1933 1845 ein maßs wyns gekhaufft, mitt
1318 1809 1941 1903 inen genagen unnd vor dem
1342 1873 1939 1965 thor mitt einannderen ußge-
1339 1925 1926 2032 truncken, also sy uß vor
1357 1992 1960 2089 rendem nächtlichem übersitz
1355 2053 1971 2152 bim wyn, item auch von wägen.
1357 2102 1944 2208 das sy kurtzlich daruor, mitt
1353 2166 1978 2272 langwiriger Branckheytt behafft,
1345 2224 1973 2334 daruon sy noch schwach unnd blod
1353 2285 1927 2398 inn irem haupt gewäsen.
2020 522 2703 644 lichtlich von sollicher genoszner
2029 583 2717 709 maßs seyns bezöchett vnnd gutter
2043 645 2651 762 vernunfft beroubett worden.
2030 684 2722 832 Harumb sy beyde uß übriger wyn-
2030 741 2702 888 furbte unnd böser begird über¬
2060 820 2731 934 wunden, mitt einanndern, vnbe¬
2067 879 2624 995 iter wys, vnnd vnbedacht
2063 938 2726 1061 söllichen schwärren fälers, inn
2058 1004 2678 1114 einen Bifang gestigen unnd
2060 1064 2743 1179 daselbst (mitt züchsten vor Ferend¬
2067 1129 2728 1237 en oren zmelden) iren willen
2062 1186 2705 1282 mitt ein annderen, lasterlich
2257 1262 2345 1358 s
2069 1264 2264 1361 verbracht
2073 1391 2740 1525 Vff seinliche der genampsten Ann¬
2071 1469 2751 1569 Juunger, vergicht vnnd Misserhat
2089 1538 2755 1619 haben hochgenampt nin s heren
2073 1576 2743 1675 Schultheys Thär unnd Burger diser
2070 1635 2722 1725 oblichen statt Beei nach vermög
2088 1692 2703 1776 Ir gnaden deßhalb ußgangner
2094 1735 2731 1831 Mandan unnd Tatzungen, uff
2090 1793 2736 1878 iren eyd zu Pächft erkhene
2086 1844 2751 1940 vnnd gsprochen, das man dieselbe
2098 1894 2737 1987 Anna Zauger dem nachrichter be¬
2103 1935 2755 2038 welchen, der sya hinab gan Marckh
2109 1991 2752 2088 zili füren uff gewonliche richt,
2109 2046 2715 2140 statt furen, alda inn einen
2095 2091 2737 2191 tieffen wasser wag versencken
2107 2143 2751 2235 ertrencken, vnnd also mitt dem
2106 2200 2753 2293 wasser vom laben zum tod, nach
2094 2257 2767 2358 feyserlichen pächen riehten soll.
2112 2329 2762 2453 Disere vrsheyl Ist an tra erstatten
2127 2407 2759 2511 den ersten tag Augusti im 1570
2118 2470 2208 2555 der
