4032 3024
1243 542 1890 677 Hieüber Ist Ir verentmuettung
1275 631 1932 731 sy khönne nitt absin, demn das sy ein
1252 686 1925 793 dem eyde wie gerlagen verwissen,
1264 741 1906 833 dodm Ira nach geshannn eyde
1267 797 1942 903 versammen alhie nach biß uff s michli
1273 851 1820 940 sach ze blyben, die ihrungn so
1840 878 1907 943 yze
1282 908 1921 1005 aznen undenommen, vollenstlich
1276 953 1915 1047 ußzraitznen. Wie sy aber mitt
1287 1008 1907 1099 ampt Heinii Spänin iren
1285 1064 1919 1159 vesprochnen Eemanmitt dem sy
1280 1127 1912 1220 aber doch den Kilchgeng noch bißhar¬
1275 1179 1948 1271 mit erstatten den sllimuherton
1279 1224 1948 1326 gelägen und meindie zvon Hinnen
1288 1304 1946 1377 hinüber inn wöllis inn ir heimer
1293 1344 1939 1430 gezogen. hab es sich begäben, das
1290 1390 1951 1484 buetter Ir Deman mitt ettlichen
1290 1440 1941 1542 unnderwylen zuvnhriden worden
1288 1508 1900 1603 also das deselb In mann Ira, Inn
1299 1543 1951 1658 füeger zytt, ob den 1 und p nor
1344 1602 1913 1711 schlagen. Deßhalb er hüner zu
1304 1673 1934 1775 eßgeenden hsten us wallis
1304 1731 1931 1824 gezogen vnnd sidthar mit ein p¬
1312 1783 1914 1880 sachen, dann eist kürtzlich des
1315 1847 1913 1929 worden abens, das er zu ira
1319 1894 1954 1994 zur keffi khommen unnd sya ver-
1320 1953 1984 2045 mann mitt den luchen alhie zenache
1314 2007 1954 2096 vnd sy zubezalnn das er von Irat¬
1317 2057 1931 2158 wäg khein schnutz haben müße.
1315 2101 1951 2220 Nun dynyl sy einen vetten lß
1334 2184 1971 2277 ein maßpfaff inn Lutzerner vien
1350 2247 1951 2336 ye, der die, l diewyl sythu¬
1335 2293 1968 2391 läündisch gewäsen ein ires jöchmlics
1493 2347 1572 2387 Erb
1339 2349 1962 2441 gefallen eil da Innen Inn wellis
1351 2407 1925 2500 Inzogen, vnd das khindt mit Im
1339 2460 1983 2560 hinrig inn lutzeer pien gfùrt¬
2016 537 2695 683 sig sy heuwr zu ostenn zu dem
2042 618 2672 731 selbig pfaffen zm rten ge¬
2039 668 2716 809 reyssen und sy im eitnan zwen
2040 730 2719 840 monatt laug gewonet unnd yezid
2039 807 2626 921 dasselbig Ir khind zu Ira gon
2040 858 2706 952 unnd durch das land uf biss gon
2038 911 2655 1031 dießbachzogen willens, inn
2028 939 2703 1081 ir genmen widerb gan Beygk
2051 1029 2689 1132 Inn wollig zezüchen an wölchen
2053 1090 2703 1182 ortt Ira aber der unfaal begegnen
2050 1145 2678 1242 also das sy alda gefungklich ange¬
2214 1180 2736 1293 vnd alhar gebrache worden
2056 1216 2107 1279 ns
2063 1269 2127 1352 sy.
2030 1320 2716 1435 Denne hatt man sy befragt ✳ ob sy
2071 1402 2685 1482 bsteündig sin wöll, allsdann ein
2076 1446 2691 1541 mann unnd frouw sampt sine
2073 1494 2707 1597 diensten ettwas an kleyden huß,
2080 1556 2698 1637 rat und ässtiger spys verloren ge¬
2072 1609 2702 1694 hept, sy alda fürtgäben und ge¬
2081 1667 2692 1762 pproden habe, Ja wenn man sy
2077 1710 2746 1817 verldonen, wöllee sy verschaffen, das
2089 1777 2728 1878 Inen söllisher verlorner zug widemb
2083 1825 2731 1930 zu iren henden gestelle weden solle.
2092 1884 2674 1966 und der es gechan, khein ruw
2089 1933 2697 2032 haben vnd schwizen sollen, biß das
2096 1982 2699 2092 er söllichs widergäben hätte, vnd
2098 2052 2704 2125 daruff domaln ettlich luch, die
2111 2098 2684 2190 dasselbig gethan häntind, die
2116 2153 2434 2238 neen genet
2091 2227 2751 2332 Vff sollichs hatt sy geanturten
2092 2296 2726 2389 Nmlich, wie sy alda zu dießebach
2100 2345 2767 2436 Inn eines Berennns huß vberahn
2094 2400 2743 2492 gstin, vnd sich ein frauw, dea das
2114 2453 2740 2550 eeloren ssin was, darob erklag
