4032 3024
1372 604 1922 715 Frytag dem pp0 tag s
1287 658 1905 772 pnsti Im 15 26. jan 4
1271 723 1902 839 Den gägenmüettigscheytt herr
1283 779 1929 912 Bilginn Süeleers des Phars, durc
1268 851 1932 969 farschons dee Burgern, vnd her
1291 928 1913 1042 Wilhelmen von Stein, Groß¬
1290 994 1842 1133 wybells etc. Ist
1431 1087 1863 1229 Hanns Herellstein
1267 1208 1918 1317 zu Marckhili befregen unnd imme
1268 1285 1925 1382 fürgehalten worden. Namlich wy
1286 1340 1937 1447 das ein s herren an sin hieuor
1284 1407 1941 1503 bekhannte vegicht mit khommen
1279 1466 1929 1566 wöllind, dann es sich uß sinen
1280 1523 1954 1618 domaln fürgäbnen wertten erschinen
1292 1579 1929 1678 das er wychers unnd merres dan
1298 1633 1939 1739 er gihrig worden, verhandlet
1306 1704 1408 1775 habe.
1281 1748 1962 1870 Alß hatt genampter Hanns Hagell
1312 1827 1956 1928 stein uff söllich ernstig fürhalten
1313 1888 1929 1989 anzeye. Demnach er gesachen
1306 1954 1919 2044 vnnd gespuett, das er Inn siner
1300 2002 1929 2094 jugendt von einem vatter fründe
1304 2058 1974 2162 und sust yemandts inn seinen stuhen
1300 2125 1961 2232 klein hilff vost noch bystend per
1333 2191 1942 2279 püert deßhalb er durch böse an
1321 2229 1942 2352 diu, fechung (ley de volgendes
1330 2316 1927 2416 diestäln begangn, wolches aber
1320 2357 1906 2487 imme von Heyzen lydt sye.
2516 483 2579 548 56
1987 525 2625 684 vnnd namlich, so sye eabermelts
1981 584 2646 748 bekhaunlich, dessen er der vordrig
1989 654 2667 807 tagen anzeypen hatt, das er sie
2008 701 2678 856 Meister dies horlocher ein bestecke
2004 769 2689 939 musse, vnd sonste Zwolff messe
2013 859 2680 992 betreüwet. denne gedacht
2008 928 2667 1062 horlehr seinem Myster wyche, so er
2012 1007 2630 1133 hievor nit anzeys hatt.
2026 1048 2681 1181 ein dolchen an aush gebunden, vnnd
2013 1127 2690 1241 Imn haleng leißtmembter facht
2028 1205 2703 1298 schul in trang der luchen velorn
2020 1266 2666 1370 vnd dasselbig einen meyster vr¬
2032 1331 2273 1423 schwigen.
2020 1417 2665 1530 Denne Ist er behantlich, dessen
2036 1494 2667 1587 er nechsthieuor verlagnen ghon
2033 1535 2719 1647 kamlich, das er dem Hab Zender
2035 1613 2731 1706 den messerschwid pstll, ein schwage
2049 1668 2727 1766 mantell, zun schmiden zwüschn
2047 1736 2721 1824 gsassner Osterrchi eitfrömbde
2052 1778 2627 1881 habe, wölchei, aber den selbig
2047 1842 2714 1947 hub zude widrub worden syr.
2050 1942 2711 2065 Demne ist er nychte bekhanlich,
2069 2012 2715 2124 wölches er hirvor verschienfen
2074 2077 2727 2179 Namlichen, alsdann Ime peieer
2101 2126 2746 2241 sedis salig konw ein pfwrur
2089 2181 2706 2296 einlehnen, hab er das selbig zu
2081 2245 2729 2333 Eisen einem man umb füff
2087 2300 2745 2398 batzn verkhoufft, doch fürölich
2087 2343 2731 2453 un den ansathen, das imme grs
2097 2397 2740 2512 dachts Zuders seligen tochter schuldig
2108 2489 2211 2554 w�re
