4032 3024
1375 563 1918 705 ff stumliche frag hatt sy
1329 638 1927 731 anzeypt, das de predienun
1305 683 1916 811 zu Kilchberg par psus steinen
1423 756 1947 870 gäche s. Da sye nun lyde
1324 814 1934 935 waar, wie derselb sya vor ehorn
1324 890 1935 1001 grichn mitt so gerruchen und
1336 953 1936 1074 unwürschen watten aupfrn
1335 1021 1922 1135 hab sy unbestundn, inn den
1402 1100 1940 1192 sy gentzlich nitt kermeint
1343 1155 1925 1251 hierein ein fäler zechund und
1352 1216 1917 1329 dasselbig schadengkeis
1343 1285 1925 1387 vorgeschribne wortt, Hauß
1360 1351 1941 1457 gschmell unnd wie sy glyh
1349 1414 1928 1522 druuff trichn, das selbige
1348 1481 1922 1581 wortt so täff wichig und
1616 1541 1758 1594 irnd
1357 1551 1946 1657 ganz schidlich, hab es sab
1396 1614 1871 1710 ei übell geruwen
1448 1684 1912 1785 Ira noch für vnd fu
1477 1745 1930 1851 er großs gertz leydt
1343 1808 1948 1917 umb das sy aber von einem andern
1358 1876 1941 1937 als von einem müller knächt des
1356 1929 1927 2014 das khind so sy by ir hab ge¬
1350 1971 1927 2073 schweugern, hab die uesach unnd
1354 2029 1939 2115 füürnämlich darzu beweist, als
1630 2080 1934 2139 vor zweyn jar
1350 2105 1947 2192 do sy aupferlich obgenampt
1376 2147 1895 2236 etter Buers geeelischett
1361 2210 1937 2295 unnd aber nitt leugee, denn von
1366 2266 1953 2368 houren bis inn embden
1370 2330 1950 2421 by im wonen mögen, das
1377 2392 1940 2489 deselb ira fürgäben, wie er
1501 2448 1980 2558 habend unnd zu murrt
2028 584 2651 706 Huss vnnd Hoff hätte, daran aber
2036 633 2678 753 nützin gstin, sonnders befunden, das
2032 683 2704 817 er vil schuldig unnd sy anfangs
2040 745 2613 872 apfachen stütts übell ze schlachen
2055 805 2689 931 Immassen, das sy dhein frist nach
2056 859 2702 977 eu by imme habeagen.
2054 917 2713 1048 deßhalb sy uss nott getrempt, inne
2062 988 2669 1113 zeuerlassen, also das sy von in
2055 1033 2721 1166 augnerlich zwey dar laug usblben
2055 1098 2671 1223 und hiezwüschen leyder) söllichen
2050 1162 2723 1284 fäler mitt dem müller kacht
2069 1232 2703 1339 begangnen. Wölcher fäler aber
2077 1279 2713 1379 vnd die vorbemellte Ir vsegoßne
2051 1346 2730 1432 Eed, Jra nun von geund Ims herz
2072 1395 2687 1496 ger leyden syt. Nitten deßhalb
2087 1451 2725 1548 ich ein h heren gantzn tugen.
2086 1513 2671 1613 lich umb gnad und vrzychung
2078 1561 2723 1664 wölle vwer gned wölle ansachn
2093 1630 2712 1719 das sy nitt gewüßt, das sy mit
2107 1680 2731 1785 esspiessug vorpmmeller worten
2098 1739 2721 1849 gefallin härte, noch dieselbig
2101 1820 2655 1914 so hoch langen wurden
2117 1961 2730 2055 Soll für Reche gestellt wel
2110 2023 2716 2142 uff nechstünfftign Zinstop
