4032 3024
1324 557 1949 658 gelegt, die nun bezallt sye, ouch imme
1297 617 1944 720 domaln, alle württs hüsse, biß uff
1312 674 1936 789 hynbars besserung, zehnyden ge¬
1303 750 1944 841 gotten worden unnd weerloß
1305 805 1962 923 gekhennn, das er dann also vest
1305 872 1954 984 unnd stätt zehallten, inn einem
1308 940 1957 1048 gemeilien vefacht by geschwornen
1301 997 1959 1107 Eydt mitt vffehabnen fingen
1312 1072 1924 1179 gelopt unnd versprochen hatt
1338 1134 1935 1256 Wöttge straaff vnnd geschworner
1322 1204 1973 1293 Eid aber, als gweer vnnd württs¬
1315 1272 1948 1372 hüse zemyden, by im mit so¬
1320 1331 1953 1441 ni erschießlich, noch der achtung
1328 1393 1976 1499 gewaßen dann das er des allen
1468 1464 1961 1567 sasen, plych darnach sich
1333 1487 1459 1552 knan
1328 1530 1934 1637 der murttshuskren vilmaln ge¬
1331 1582 1978 1697 brucht vnnd getzund, vmb nechst¬
1345 1658 1978 1762 verschinne fasgnachen sin gwete
1336 1719 1920 1832 von einem Mässerschmid zu
1335 1786 1978 1901 Burgdorff (den ers eßzebeng
1341 1851 1992 1968 gäben) heuß gelößn zu seinen
1348 1933 1992 2025 hannden gommen unnd damit
1339 1994 1968 2106 daselbst inns württshuss
1348 2060 2002 2164 zum wilden man gesassen, mitt
1349 2133 1997 2223 annderen gütten gsellen ein abend
1364 2173 1981 2285 trinck gethan, unnd demnach
1370 2240 1995 2342 vnnder annderem, mitt Blungi
1372 2317 1996 2417 Bauli Dienis von Bzingen
1392 2389 1969 2499 stochter (die er vornacher, do
2607 521 2662 579 23
2031 536 2729 675 sy noch ledig gsin ✳ an iin ghan¬
2064 609 2710 724 veranlassent, dieselbige Nacht zu
2040 667 2728 794 Burgdorff ze blyben unnd by Jra
2059 727 2729 876 geschlaffen, deßhalb er Fra vier
2063 814 2742 934 sthilling zu einer bei gäben
2043 896 2721 1012 Iun dem er aber vermerckt vnnd
2075 963 2670 1074 esächen, das vermellte Blungi
2072 1020 2773 1141 Irem verheyssen nach zewider, mtt
2073 1097 2728 1210 Jost Bucheren dem Schnyder von
2072 1146 2742 1263 Heinischwyl zur statt hinus
2086 1217 2734 1334 vnnd heimpan, hab er Ira nach¬
2088 1278 2747 1395 gschruwen vnnd erforderett, oimme
2106 1351 2733 1453 in gälln, so er Ira gäben, wider
2086 1413 2757 1524 ze bekhneren, als sy aber sollichs nitt
2099 1478 2745 1581 thun noch inne erhoren wöllen
2113 1536 2762 1631 sich er zu Zorn bewegtt vnnd ver¬
2100 1601 2775 1690 mein, Es wöllte Ime gedachter
2110 1663 2749 1764 Iost Bucher ernempte Blunpi
2101 1712 2781 1816 zu nyd unnd verdriefs einfuren
2101 1778 2770 1878 harumb er inen nachpriellt unnd
2114 1843 2784 1930 ein klein wyl mitt inen gangen
2125 1895 2751 1995 gefordrende, Es sollte berurtter
2103 1953 2774 2065 tost sya gan lassen, oder wo mit,
2121 2022 2782 2129 sy doch imm siin gallt umbhin gaben
2119 2068 2786 2185 dessen entwadersen, er aber kheine
2131 2144 2758 2234 volc erlangen, dardurch er
2128 2188 2759 2292 im zorn ergrinmett, unnd
2138 2256 2636 2358 leyder vnbesunnter wyß,
2114 2306 2789 2409 zoringem mitt gedachten gost
2106 2372 2727 2483 Buchern mitt pfesss unnd
