4032 3024
1293 569 1869 674 halb inen nachgfollgett, unnd
1156 624 1889 731 und hiit der frouwen ettliche mal
1165 682 1270 734 ein be
1166 686 1935 794 in eshoufft, als sy im aber mit ware
1244 756 1920 852 wöllen, sig er gar zu inen gangn
1245 810 1923 900 vnnd inn dem sy im selbs bedechtn
1247 863 1909 959 Es wöllte, ermenpter bucher Ime
1261 921 1836 1021 söllichs zu nyd unnd einem
1411 977 1817 1082 thun, also er gëchlingen
1279 987 1408 1076 ossen
1271 1031 1801 1134 by im ufbrunnen zu zor
1338 1090 1898 1176 weg, vnd damitt salser ein
1390 1146 1878 1245 wyl mit inen gangen
1304 1199 1919 1287 im zörnigem müt gedach
1277 1249 1923 1350 Bucheren mitt pfesse vnnd allen
1410 1316 1913 1418 gschlaen darzu sige als
1280 1361 1927 1470 dald eriner so sich bh wölchli
1362 1422 1907 1517 hernnber nempt khommen.
1366 1474 1934 1590 hab er kocher ermellen Buchen
1307 1544 1949 1637 vorn hird ofphen, vnnd derselb dar¬
1405 1601 1907 1692 von gedachten Wölchli in
1492 1658 1925 1753 zum Schärer gfurt
1498 1728 1887 1810 hiezwüschen sihe in
1331 1769 1935 1875 ahr im vorgedachter Blungy
1331 1840 1940 1922 aber die kunen Brugg hinuss
1417 1906 1913 1998 glychangendeg wider umb
1327 1952 1909 2048 khein vnnd Inn die statt
1358 2009 1918 2122 un Pfistern gangen, dahin
1423 2084 1985 2179 mnemgster Wälchli khommer
1406 2137 1974 2244 Im anzugt, wie es vmbden
1400 2200 1930 2304 wunden wol stunde, deßer
1397 2253 1988 2368 rönn gsin, und also sy deü
1382 2320 2008 2429 amlich gesagter Wälchli Blugy
1376 2398 1953 2500 und er loche, daselbst zu
2075 536 2751 670 fisteren mitt ein andern zunachte
2076 629 2766 738 assen, dernach villems psin by pe¬
2075 677 2741 784 dachter Blunpy, nach Irm veren¬
2089 731 2746 840 lassen zuschlaffen, wölches aber der
2086 787 2727 885 zuschwiret nüt gestatten wöllen.
2089 843 2767 966 deßhalb er ey gedacht Wölchli, ge
2089 904 2738 1009 an einem betth übernacht pläs
2094 985 2747 1070 mornders aber, als er Locher von
2102 1039 2736 1134 sinen brudern greychen worden
2105 1102 2664 1198 mitt denselben heimpang
2096 1160 2752 1265 daselbst sye er von sinem vatter
2101 1231 2723 1322 verdet vnnd sinem bruder er¬
2110 1274 2775 1379 mantt worden, Enn Wällig zu sue
2278 1349 2775 1451 gezuchen, dermeynung das
2116 1404 2762 1513 er sin schadhafften schencket
2113 1474 2720 1569 alda beden sölle, wenn dann sy
2120 1531 2717 1621 hiezwüschen vernämen, das er
2147 1583 2739 1683 muner e herren möchte
2134 1640 2793 1742 versun werden unnd sin sach uffs
2141 1703 2769 1804 uesser khommen wöllennd sy imme
2143 1765 2724 1868 solliches gschrifftlich zueussen
2130 1828 2767 1928 them, derstallt er uff sölliches
2137 1896 2760 1991 hinzogen unnd sich sidthar by
2152 1953 2763 2042 sinem vettern vogt Loscher zu
2137 2009 2743 2102 euge inn Wallis enthallten
2147 2076 2785 2152 demselben inn räben gewerhen
2149 2126 2745 2212 vnnd zumen, ouch hieby sien
2143 2177 2798 2275 prösthafften schenckell gebaden
2154 2237 2774 2340 wölcher dann In verheyssen, wo
2149 2303 2703 2404 sin sach alhie dahennen mit
2141 2366 2723 2469 möchte besser weden, wölte
