<?xml version="1.0" encoding="UTF-8" standalone="yes"?>
<PcGts xmlns="http://schema.primaresearch.org/PAGE/gts/pagecontent/2013-07-15" xmlns:xsi="http://www.w3.org/2001/XMLSchema-instance" xsi:schemaLocation="http://schema.primaresearch.org/PAGE/gts/pagecontent/2013-07-15 http://schema.primaresearch.org/PAGE/gts/pagecontent/2013-07-15/pagecontent.xsd">
    <Metadata>
        <Creator>prov=University of Rostock/Institute of Mathematics/CITlab|PLANET AI GmbH/Gundram Leifert/gundram.leifert@planet-ai.de:name=German_Kurrent_XVI-XVIII_M1(htr_id=19584)::::v=2.6.7
prov=University of Rostock/Institute of Mathematics/CITlab|PLANET AI GmbH/Tobias Gruening/tobias.gruening@planet-ai.de:name=de.uros.citlab.module.baseline2polygon.B2PSeamMultiOriented:v=2.6.7
prov=University of Rostock/Institute of Mathematics/CITlab|PLANET AI GmbH/Tobias Gruening/tobias.gruening@planet-ai.de:name=/net_tf/LA73_249_0mod360.pb:de.uros.citlab.segmentation.CITlab_LA_ML:v=2.6.7
Transkribus</Creator>
        <Created>2021-08-09T22:59:55.540+02:00</Created>
        <LastChange>2022-09-09T17:58:10.565+02:00</LastChange>
        <TranskribusMetadata docId="1334778" pageId="52354263" pageNr="50" tsid="114635836" status="IN_PROGRESS" userId="9570" imgUrl="https://files.transkribus.eu/Get?id=FEXSXCQCXXFFBWQEDDCMBBBL&amp;fileType=view" xmlUrl="https://files.transkribus.eu/Get?id=QAJYWFSTKYDIZRHVFITNXJAX" imageId="22027812"/>
    </Metadata>
    <Page imageFilename="Foto 23.07.21, 10 05 48 AM.jpg" imageWidth="4032" imageHeight="3024">
        <ReadingOrder>
            <OrderedGroup id="ro_1687514014614" caption="Regions reading order">
                <RegionRefIndexed index="0" regionRef="r1"/>
                <RegionRefIndexed index="1" regionRef="r2"/>
            </OrderedGroup>
        </ReadingOrder>
        <TextRegion orientation="0.0" id="r1" custom="readingOrder {index:0;}">
            <Coords points="1278,650 1278,2492 1973,2492 1973,650"/>
            <TextLine id="r1l1" custom="readingOrder {index:0;}">
                <Coords points="1268,690 1362,714 1420,683 1494,703 1596,679 1682,720 1857,706 1894,726 1895,604 1730,658 1561,623 1498,650 1416,605 1332,626 1269,610"/>
                <Baseline points="1278,684 1308,683 1338,681 1368,680 1399,678 1429,678 1459,677 1490,677 1520,677 1550,677 1581,677 1611,677 1641,677 1671,678 1702,679 1732,680 1762,681 1793,683 1823,685 1853,686 1884,689"/>
                <TextEquiv>
                    <Unicode>ff Monay dem 12 tag juli</Unicode>
                </TextEquiv>
            </TextLine>
            <TextLine id="r1l2" custom="readingOrder {index:1;}">
                <Coords points="1286,744 1508,777 1571,747 1661,751 1684,775 1792,758 1912,777 1912,734 1857,706 1724,721 1502,685 1408,686 1363,715 1286,703"/>
                <Baseline points="1296,743 1326,743 1356,743 1386,743 1417,743 1447,743 1477,741 1508,741 1538,740 1568,738 1599,738 1629,738 1659,738 1689,738 1720,740 1750,741 1780,742 1811,745 1841,748 1871,753 1902,758"/>
                <TextEquiv>
                    <Unicode>Im 1570. jar inn gagenwürtig,</Unicode>
                </TextEquiv>
            </TextLine>
            <TextLine id="r1l3" custom="readingOrder {index:2;} person {offset:13; length:14;} person {offset:29; length:2; continued:true;}">
                <Coords points="1287,826 1346,841 1449,798 1507,831 1539,812 1629,823 1714,796 1766,831 1925,844 1913,771 1747,758 1687,778 1613,752 1391,772 1290,745"/>
                <Baseline points="1298,798 1328,798 1359,798 1390,798 1421,798 1452,798 1483,798 1514,797 1545,797 1576,797 1607,797 1637,797 1668,798 1699,799 1730,801 1761,804 1792,807 1823,809 1854,815 1885,819 1916,827"/>
                <TextEquiv>
                    <Unicode>Kheytt, Hern Ballins Baltis, Ef</Unicode>
                </TextEquiv>
            </TextLine>
            <TextLine id="r1l4" custom="readingOrder {index:3;} person {offset:0; length:8; continued:true;} person {offset:20; length:9; continued:true;}">
                <Coords points="1291,880 1419,873 1445,852 1501,879 1566,865 1618,906 1721,881 1921,901 1922,856 1860,825 1757,837 1715,798 1640,836 1605,811 1504,830 1448,797 1347,840 1293,825"/>
                <Baseline points="1301,861 1331,860 1362,860 1392,860 1423,858 1453,858 1484,858 1514,858 1545,858 1575,858 1606,858 1636,860 1667,860 1697,862 1728,863 1758,865 1789,867 1819,869 1850,872 1880,875 1911,878"/>
                <TextEquiv>
                    <Unicode>Zorbolle des Phars, Beundicht</Unicode>
                </TextEquiv>
            </TextLine>
            <TextLine id="r1l5" custom="readingOrder {index:4;} person {offset:0; length:6; continued:true;} organization {offset:11; length:8;}">
                <Coords points="1306,923 1346,952 1430,931 1506,956 1593,940 1671,959 1783,925 1887,945 1887,884 1850,904 1793,886 1614,904 1567,863 1459,899 1377,872 1306,888"/>
                <Baseline points="1316,929 1344,929 1372,928 1400,927 1428,927 1456,926 1484,926 1512,924 1540,924 1568,924 1596,924 1624,924 1652,923 1680,923 1708,924 1736,924 1764,925 1792,926 1820,926 1848,927 1877,930"/>
                <TextEquiv>
                    <Unicode>yssens der Burgeren, vnnd</Unicode>
                </TextEquiv>
            </TextLine>
            <TextLine id="r1l6" custom="readingOrder {index:5;} person {offset:0; length:19;}">
                <Coords points="1329,1019 1363,1004 1415,1037 1465,1011 1587,1042 1655,1006 1723,1026 1785,1009 1817,1042 1898,1026 1945,1047 1947,971 1873,943 1783,933 1719,961 1586,939 1519,957 1465,934 1331,948"/>
                <Baseline points="1340,993 1369,992 1399,990 1429,989 1459,989 1488,987 1518,987 1548,986 1578,987 1607,987 1637,987 1667,988 1697,989 1726,990 1756,993 1786,995 1816,997 1845,1000 1875,1003 1905,1007 1935,1010"/>
                <TextEquiv>
                    <Unicode>Wilhelmen vom stein Großwyble</Unicode>
                </TextEquiv>
            </TextLine>
            <TextLine id="r1l7" custom="readingOrder {index:6;}">
                <Coords points="1289,1086 1306,1080 1326,1091 1334,1081 1361,1096 1376,1093 1360,1010 1346,1011 1342,1018 1322,1011 1295,1047 1291,1043 1281,1045"/>
                <Baseline points="1296,1068 1327,1065 1359,1056"/>
                <TextEquiv>
                    <Unicode>Ist</Unicode>
                </TextEquiv>
            </TextLine>
            <TextLine id="r1l8" custom="readingOrder {index:7;} person {offset:0; length:15;}">
                <Coords points="1469,1115 1518,1123 1577,1093 1655,1114 1693,1087 1742,1092 1775,1122 1861,1102 1920,1115 1922,1033 1868,1049 1831,1029 1753,1047 1725,1037 1676,1058 1649,1035 1625,1051 1470,1020"/>
                <Baseline points="1479,1085 1504,1083 1529,1082 1555,1082 1580,1081 1606,1082 1631,1082 1656,1082 1682,1082 1707,1083 1733,1085 1758,1085 1783,1086 1809,1087 1834,1088 1860,1089 1885,1089 1911,1089"/>
                <TextEquiv>
                    <Unicode>Jchan Cotterloz uß dem</Unicode>
                </TextEquiv>
            </TextLine>
            <TextLine id="r1l9" custom="readingOrder {index:8;}">
                <Coords points="1570,1183 1609,1177 1641,1144 1657,1157 1671,1157 1680,1146 1690,1156 1698,1152 1722,1160 1759,1149 1756,1092 1717,1098 1693,1087 1669,1112 1655,1112 1647,1105 1621,1108 1609,1096 1565,1087"/>
                <Baseline points="1577,1148 1605,1144 1634,1141 1663,1139 1691,1139 1720,1139 1749,1140"/>
                <TextEquiv>
                    <Unicode>ormund</Unicode>
                </TextEquiv>
            </TextLine>
            <TextLine id="r1l10" custom="readingOrder {index:9;} place {offset:3; length:9;}">
                <Coords points="1297,1254 1350,1253 1375,1228 1565,1258 1595,1228 1616,1247 1675,1227 1760,1264 1909,1243 1908,1184 1828,1197 1798,1170 1669,1190 1520,1154 1451,1151 1416,1178 1345,1151 1296,1169"/>
                <Baseline points="1307,1226 1336,1227 1366,1229 1395,1229 1425,1229 1454,1229 1484,1229 1513,1227 1543,1227 1572,1227 1602,1226 1632,1226 1661,1226 1691,1224 1720,1224 1750,1224 1779,1224 1809,1224 1838,1226 1868,1226 1898,1227"/>
                <TextEquiv>
                    <Unicode>zu Marckhili rynlich befragen</Unicode>
                </TextEquiv>
            </TextLine>
            <TextLine id="r1l11" custom="readingOrder {index:10;}">
                <Coords points="1311,1301 1395,1321 1431,1290 1540,1320 1623,1305 1676,1323 1733,1290 1782,1314 1855,1279 1933,1282 1933,1233 1757,1261 1676,1227 1619,1248 1594,1230 1566,1258 1376,1227 1311,1254"/>
                <Baseline points="1320,1277 1350,1277 1380,1277 1410,1277 1440,1277 1470,1278 1500,1278 1531,1278 1561,1278 1591,1280 1621,1280 1651,1280 1681,1281 1711,1281 1742,1281 1772,1281 1802,1281 1832,1281 1862,1280 1892,1280 1923,1278"/>
                <TextEquiv>
                    <Unicode>unnd imme fürghallen worden.</Unicode>
                </TextEquiv>
            </TextLine>
            <TextLine id="r1l12" custom="readingOrder {index:11;}">
                <Coords points="1320,1362 1674,1355 1703,1378 1793,1348 1852,1343 1882,1364 1929,1350 1928,1291 1895,1286 1781,1314 1699,1300 1656,1326 1457,1320 1430,1292 1395,1322 1320,1313"/>
                <Baseline points="1331,1341 1360,1341 1389,1341 1419,1341 1448,1341 1478,1341 1507,1341 1536,1341 1566,1340 1595,1340 1625,1340 1654,1340 1683,1339 1713,1338 1742,1338 1772,1338 1801,1337 1830,1337 1860,1337 1889,1336 1919,1335"/>
                <TextEquiv>
                    <Unicode>wie das nun S. herrn briche</Unicode>
                </TextEquiv>
            </TextLine>
            <TextLine id="r1l13" custom="readingOrder {index:12;} person {offset:21; length:6;}">
                <Coords points="1336,1430 1396,1414 1485,1438 1600,1402 1646,1435 1708,1435 1792,1399 1826,1418 1938,1404 1937,1354 1879,1363 1851,1345 1704,1376 1555,1354 1514,1373 1480,1352 1386,1378 1335,1369"/>
                <Baseline points="1346,1401 1375,1401 1404,1401 1433,1401 1462,1401 1491,1401 1520,1401 1549,1401 1578,1401 1607,1400 1637,1400 1666,1400 1695,1400 1724,1400 1753,1400 1782,1400 1811,1398 1840,1398 1869,1397 1898,1397 1928,1395"/>
                <TextEquiv>
                    <Unicode>syend, das sin Eewyl Clonde</Unicode>
                </TextEquiv>
            </TextLine>
            <TextLine id="r1l14" custom="readingOrder {index:13;}">
                <Coords points="1340,1467 1446,1484 1493,1468 1538,1497 1701,1469 1765,1493 1807,1469 1920,1463 1920,1421 1869,1414 1824,1435 1777,1410 1748,1432 1648,1438 1596,1401 1489,1437 1455,1419 1339,1425"/>
                <Baseline points="1349,1455 1377,1456 1405,1457 1433,1457 1461,1458 1489,1458 1517,1458 1545,1458 1573,1458 1601,1458 1629,1458 1657,1458 1685,1458 1713,1457 1741,1457 1769,1457 1797,1456 1825,1455 1853,1455 1881,1455 1910,1454"/>
                <TextEquiv>
                    <Unicode>genampt, schwanger gsin, eines</Unicode>
                </TextEquiv>
            </TextLine>
            <TextLine id="r1l15" custom="readingOrder {index:14;}">
                <Coords points="1328,1522 1438,1525 1483,1552 1518,1519 1566,1558 1646,1526 1730,1543 1803,1523 1838,1556 1899,1519 1946,1526 1946,1481 1913,1462 1671,1498 1614,1481 1538,1497 1516,1478 1465,1496 1426,1468 1328,1461"/>
                <Baseline points="1337,1515 1367,1517 1397,1517 1427,1517 1457,1517 1487,1517 1517,1518 1547,1518 1577,1518 1607,1518 1637,1518 1667,1518 1697,1518 1727,1517 1757,1517 1787,1517 1817,1516 1847,1515 1877,1514 1907,1513 1937,1512"/>
                <TextEquiv>
                    <Unicode>khinds genasen, unnd er dasselbig</Unicode>
                </TextEquiv>
            </TextLine>
            <TextLine id="r1l16" custom="readingOrder {index:15;}">
                <Coords points="1346,1602 1373,1610 1418,1576 1464,1613 1540,1578 1573,1592 1618,1576 1658,1613 1728,1592 1824,1601 1854,1572 1909,1591 1908,1520 1851,1552 1763,1529 1681,1546 1645,1526 1569,1559 1345,1525"/>
                <Baseline points="1355,1572 1382,1573 1409,1574 1436,1575 1463,1575 1490,1575 1517,1577 1545,1577 1572,1577 1599,1577 1626,1577 1653,1575 1680,1575 1707,1575 1735,1574 1762,1574 1789,1572 1816,1571 1843,1570 1870,1569 1898,1566"/>
                <TextEquiv>
                    <Unicode>khindt, heimlich abs hindrich</Unicode>
                </TextEquiv>
            </TextLine>
            <TextLine id="r1l17" custom="readingOrder {index:16;}">
                <Coords points="1358,1650 1474,1629 1573,1675 1658,1640 1745,1670 1941,1641 1940,1590 1858,1572 1825,1600 1736,1609 1656,1610 1618,1576 1573,1592 1532,1579 1499,1611 1462,1612 1422,1575 1358,1603"/>
                <Baseline points="1367,1629 1395,1630 1423,1631 1451,1632 1479,1633 1508,1634 1536,1634 1564,1634 1592,1634 1620,1634 1649,1634 1677,1633 1705,1632 1733,1631 1761,1631 1790,1629 1818,1628 1846,1626 1874,1624 1902,1622 1931,1620"/>
                <TextEquiv>
                    <Unicode>geichn und vergralt habe, solle</Unicode>
                </TextEquiv>
            </TextLine>
            <TextLine id="r1l18" custom="readingOrder {index:17;}">
                <Coords points="1345,1701 1422,1690 1536,1718 1596,1686 1677,1718 1720,1694 1848,1716 1948,1693 1947,1642 1913,1634 1796,1663 1762,1634 1720,1659 1660,1640 1606,1670 1468,1664 1395,1638 1345,1650"/>
                <Baseline points="1355,1686 1384,1688 1413,1688 1442,1688 1471,1688 1500,1688 1529,1688 1559,1688 1588,1688 1617,1688 1646,1688 1675,1688 1704,1688 1733,1686 1763,1686 1792,1685 1821,1683 1850,1682 1879,1681 1908,1679 1938,1677"/>
                <TextEquiv>
                    <Unicode>derwägen sin bekhaumung darbe</Unicode>
                </TextEquiv>
            </TextLine>
            <TextLine id="r1l19" custom="readingOrder {index:18;}">
                <Coords points="1379,1768 1430,1766 1486,1732 1551,1777 1671,1738 1726,1742 1725,1696 1672,1715 1653,1697 1610,1700 1596,1688 1537,1718 1511,1698 1464,1713 1431,1689 1378,1698"/>
                <Baseline points="1388,1731 1413,1735 1438,1737 1463,1737 1488,1737 1513,1737 1538,1737 1564,1736 1589,1735 1614,1734 1639,1733 1664,1733 1689,1733 1715,1734"/>
                <TextEquiv>
                    <Unicode>übe eroffnen</Unicode>
                </TextEquiv>
            </TextLine>
            <TextLine id="r1l20" custom="readingOrder {index:19;}">
                <Coords points="1355,1865 1411,1884 1467,1856 1597,1877 1632,1855 1709,1881 1761,1841 1816,1864 1936,1840 1935,1785 1882,1770 1821,1799 1758,1766 1627,1818 1557,1811 1446,1756 1354,1763"/>
                <Baseline points="1365,1839 1393,1841 1421,1842 1449,1842 1477,1842 1505,1844 1533,1844 1561,1844 1589,1844 1617,1843 1645,1842 1673,1842 1701,1841 1729,1840 1757,1839 1785,1838 1813,1836 1841,1836 1869,1835 1897,1833 1925,1832"/>
                <TextEquiv>
                    <Unicode>uff söllichs er beschydt gäben</Unicode>
                </TextEquiv>
            </TextLine>
            <TextLine id="r1l21" custom="readingOrder {index:20;}">
                <Coords points="1358,1913 1492,1938 1515,1914 1589,1901 1637,1936 1709,1938 1766,1910 1813,1941 1956,1889 1955,1854 1924,1841 1812,1864 1763,1839 1710,1879 1632,1855 1595,1879 1512,1873 1445,1846 1414,1876 1357,1866"/>
                <Baseline points="1367,1901 1397,1901 1427,1901 1458,1901 1488,1901 1519,1901 1549,1901 1580,1901 1610,1901 1641,1901 1671,1901 1702,1901 1732,1899 1763,1899 1793,1898 1824,1896 1854,1895 1885,1893 1915,1892 1946,1889"/>
                <TextEquiv>
                    <Unicode>Neumlich das er sud Zwölff Jar</Unicode>
                </TextEquiv>
            </TextLine>
            <TextLine id="r1l22" custom="readingOrder {index:21;}">
                <Coords points="1348,1988 1431,1949 1487,1981 1576,1956 1623,1980 1662,1956 1711,1984 1764,1969 1803,1983 1848,1957 1923,1958 1923,1921 1841,1930 1808,1900 1727,1935 1572,1909 1499,1922 1472,1902 1425,1927 1348,1923"/>
                <Baseline points="1358,1949 1385,1949 1413,1949 1441,1949 1469,1949 1496,1949 1524,1950 1552,1951 1580,1952 1607,1953 1635,1953 1663,1955 1691,1955 1718,1955 1746,1955 1774,1955 1802,1954 1829,1953 1857,1950 1885,1949 1913,1944"/>
                <TextEquiv>
                    <Unicode>Jar mitt dahennen Inn Or¬</Unicode>
                </TextEquiv>
            </TextLine>
            <TextLine id="r1l23" custom="readingOrder {index:22;}">
                <Coords points="1360,2017 1455,2011 1484,2037 1576,2001 1641,2037 1772,2013 1911,2043 1961,2014 1962,1941 1800,1984 1767,1968 1610,1983 1581,1956 1498,1976 1438,1952 1361,1982"/>
                <Baseline points="1370,1998 1399,1998 1428,1998 1457,1998 1486,2000 1515,2000 1544,2001 1573,2003 1602,2005 1631,2006 1661,2007 1690,2009 1719,2010 1748,2010 1777,2010 1806,2009 1835,2009 1864,2007 1893,2004 1922,2000 1952,1995"/>
                <TextEquiv>
                    <Unicode>uund gewäsen, sonnders hieussen</Unicode>
                </TextEquiv>
            </TextLine>
            <TextLine id="r1l24" custom="readingOrder {index:23;}">
                <Coords points="1342,2079 1381,2070 1432,2094 1476,2068 1740,2093 1792,2066 1832,2102 1888,2068 1962,2069 1963,2022 1912,2042 1869,2024 1678,2039 1608,2032 1573,2000 1482,2038 1422,2008 1343,2023"/>
                <Baseline points="1353,2054 1383,2055 1413,2056 1443,2057 1473,2059 1503,2060 1533,2062 1563,2063 1593,2065 1623,2066 1653,2067 1683,2067 1713,2067 1743,2069 1773,2067 1803,2067 1833,2066 1863,2064 1893,2063 1923,2060 1953,2057"/>
                <TextEquiv>
                    <Unicode>In laund umbzogen ze eebeytten</Unicode>
                </TextEquiv>
            </TextLine>
            <TextLine id="r1l25" custom="readingOrder {index:24;}">
                <Coords points="1354,2133 1448,2119 1507,2156 1554,2122 1634,2163 1683,2163 1715,2137 1768,2162 1809,2133 1850,2148 1903,2130 1925,2150 1944,2142 1944,2085 1783,2068 1742,2092 1506,2074 1461,2097 1389,2074 1353,2090"/>
                <Baseline points="1364,2118 1392,2118 1421,2120 1449,2120 1478,2120 1506,2121 1535,2121 1563,2121 1592,2123 1620,2123 1649,2123 1677,2123 1706,2123 1734,2123 1763,2123 1791,2121 1820,2120 1848,2118 1877,2116 1905,2114 1934,2111"/>
                <TextEquiv>
                    <Unicode>denne so heysse sin frouw mit</Unicode>
                </TextEquiv>
            </TextLine>
            <TextLine id="r1l26" custom="readingOrder {index:25;} person {offset:0; length:6;}">
                <Coords points="1363,2188 1429,2213 1492,2196 1524,2223 1604,2188 1684,2202 1737,2186 1786,2216 1908,2182 1941,2196 1942,2145 1755,2163 1716,2139 1622,2155 1553,2123 1506,2154 1465,2133 1441,2154 1394,2125 1363,2135"/>
                <Baseline points="1373,2178 1400,2178 1428,2178 1456,2178 1484,2178 1512,2180 1540,2180 1568,2180 1596,2181 1624,2181 1652,2181 1679,2181 1707,2183 1735,2183 1763,2181 1791,2181 1819,2181 1847,2180 1875,2178 1903,2177 1931,2174"/>
                <TextEquiv>
                    <Unicode>Glonda, sonders Dincta eürrich</Unicode>
                </TextEquiv>
            </TextLine>
            <TextLine id="r1l27" custom="readingOrder {index:26;}">
                <Coords points="1387,2285 1483,2246 1550,2264 1623,2252 1642,2270 1675,2250 1705,2272 1785,2250 1844,2280 1907,2246 1907,2189 1776,2217 1662,2187 1617,2215 1528,2222 1497,2203 1468,2218 1387,2199"/>
                <Baseline points="1397,2244 1422,2244 1447,2243 1472,2243 1497,2243 1522,2243 1547,2244 1572,2244 1597,2244 1622,2246 1647,2246 1672,2247 1697,2247 1722,2247 1747,2247 1772,2247 1797,2246 1822,2245 1847,2243 1872,2241 1898,2237"/>
                <TextEquiv>
                    <Unicode>so wallig, mitt deren er pih</Unicode>
                </TextEquiv>
            </TextLine>
            <TextLine id="r1l28" custom="readingOrder {index:27;} place {offset:18; length:9;}">
                <Coords points="1373,2324 1445,2309 1469,2326 1496,2307 1555,2346 1618,2313 1736,2341 1818,2312 1875,2342 1983,2291 1983,2256 1926,2242 1832,2283 1783,2249 1705,2276 1601,2250 1550,2266 1485,2246 1444,2275 1373,2257"/>
                <Baseline points="1382,2297 1411,2297 1441,2298 1470,2298 1500,2300 1529,2300 1559,2301 1588,2303 1618,2303 1647,2304 1677,2306 1707,2307 1736,2307 1766,2307 1795,2307 1825,2306 1854,2304 1884,2301 1913,2298 1943,2295 1973,2291"/>
                <TextEquiv>
                    <Unicode>vor fünff jarn zu Solochunn</Unicode>
                </TextEquiv>
            </TextLine>
            <TextLine id="r1l29" custom="readingOrder {index:28;}">
                <Coords points="1387,2379 1454,2364 1507,2381 1570,2368 1607,2393 1662,2372 1697,2388 1717,2369 1742,2391 1801,2372 1856,2385 1947,2367 1948,2320 1877,2342 1765,2321 1733,2342 1616,2314 1553,2343 1496,2308 1461,2335 1388,2326"/>
                <Baseline points="1398,2354 1425,2354 1452,2355 1479,2357 1506,2358 1533,2360 1560,2360 1587,2362 1614,2364 1641,2365 1668,2366 1695,2367 1722,2367 1749,2367 1776,2367 1803,2367 1830,2367 1857,2364 1884,2362 1911,2360 1938,2357"/>
                <TextEquiv>
                    <Unicode>weeelichen daselbst zu mie ein</Unicode>
                </TextEquiv>
            </TextLine>
            <TextLine id="r1l30" custom="readingOrder {index:29;}">
                <Coords points="1386,2411 1644,2431 1759,2464 1951,2421 1953,2368 1894,2366 1830,2402 1773,2384 1708,2400 1628,2375 1606,2392 1564,2367 1387,2381"/>
                <Baseline points="1395,2403 1422,2406 1449,2408 1476,2410 1504,2414 1531,2415 1558,2417 1586,2420 1613,2421 1640,2423 1668,2424 1695,2425 1722,2426 1749,2426 1777,2426 1804,2426 1831,2426 1859,2424 1886,2422 1913,2420 1941,2417"/>
                <TextEquiv>
                    <Unicode>anndren zu kilchen gawge</Unicode>
                </TextEquiv>
            </TextLine>
            <TextLine id="r1l31" custom="readingOrder {index:30;}">
                <Coords points="1387,2473 1460,2464 1525,2510 1578,2515 1748,2486 1814,2501 1900,2481 1950,2501 1952,2450 1904,2430 1694,2457 1609,2429 1511,2437 1390,2416"/>
                <Baseline points="1398,2453 1425,2457 1452,2461 1479,2464 1506,2466 1533,2469 1560,2472 1588,2473 1615,2475 1642,2477 1669,2478 1696,2478 1723,2480 1750,2480 1778,2480 1805,2480 1832,2480 1859,2480 1886,2478 1913,2478 1941,2477"/>
                <TextEquiv>
                    <Unicode>d das hochgytt zum foonn</Unicode>
                </TextEquiv>
            </TextLine>
            <TextEquiv>
                <Unicode>ff Monay dem 12 tag juli
Im 1570. jar inn gagenwürtig,
Kheytt, Hern Ballins Baltis, Ef
Zorbolle des Phars, Beundicht
yssens der Burgeren, vnnd
Wilhelmen vom stein Großwyble
Ist
Jchan Cotterloz uß dem
ormund
zu Marckhili rynlich befragen
unnd imme fürghallen worden.
wie das nun S. herrn briche
syend, das sin Eewyl Clonde
genampt, schwanger gsin, eines
khinds genasen, unnd er dasselbig
khindt, heimlich abs hindrich
geichn und vergralt habe, solle
derwägen sin bekhaumung darbe
übe eroffnen
uff söllichs er beschydt gäben
Neumlich das er sud Zwölff Jar
Jar mitt dahennen Inn Or¬
uund gewäsen, sonnders hieussen
In laund umbzogen ze eebeytten
denne so heysse sin frouw mit
Glonda, sonders Dincta eürrich
so wallig, mitt deren er pih
vor fünff jarn zu Solochunn
weeelichen daselbst zu mie ein
anndren zu kilchen gawge
d das hochgytt zum foonn</Unicode>
            </TextEquiv>
        </TextRegion>
        <TextRegion orientation="0.0" id="r2" custom="readingOrder {index:1;}">
            <Coords points="2015,580 2015,2296 2723,2296 2723,580"/>
            <TextLine id="r2l1" custom="readingOrder {index:0;}">
                <Coords points="2006,679 2072,690 2122,656 2219,680 2264,635 2345,655 2446,614 2495,641 2556,609 2595,636 2682,637 2701,632 2694,542 2596,525 2521,571 2429,546 2325,586 2263,571 2110,628 2000,605"/>
                <Baseline points="2015,659 2048,654 2082,649 2116,644 2150,640 2183,637 2217,632 2251,628 2285,625 2318,622 2352,619 2386,617 2420,615 2453,612 2487,611 2521,609 2555,609 2588,608 2622,608 2656,608 2690,608"/>
                <TextEquiv>
                    <Unicode>thurn gehalln. Darnach er by der</Unicode>
                </TextEquiv>
            </TextLine>
            <TextLine id="r2l2" custom="readingOrder {index:1;} place {offset:21; length:9;}">
                <Coords points="2034,720 2150,747 2191,716 2267,732 2326,686 2509,712 2608,659 2717,679 2714,630 2596,635 2564,607 2498,642 2406,623 2345,654 2263,636 2221,677 2125,658 2071,688 2031,681"/>
                <Baseline points="2042,710 2075,708 2108,705 2141,702 2174,698 2208,695 2241,692 2274,689 2307,685 2340,683 2374,679 2407,676 2440,674 2473,672 2506,669 2540,668 2573,666 2606,666 2639,665 2672,665 2706,666"/>
                <TextEquiv>
                    <Unicode>selbige ein khind zu dieß bach über¬</Unicode>
                </TextEquiv>
            </TextLine>
            <TextLine id="r2l3" custom="readingOrder {index:2;}">
                <Coords points="2031,781 2258,769 2345,740 2380,761 2423,735 2701,758 2694,678 2623,697 2576,683 2510,712 2394,716 2355,692 2265,731 2197,718 2144,741 2065,712 2027,731"/>
                <Baseline points="2040,774 2072,770 2104,765 2137,761 2169,758 2201,754 2234,751 2266,748 2298,745 2331,743 2363,739 2395,737 2428,735 2460,732 2492,730 2525,728 2557,727 2589,725 2622,723 2654,720 2687,719"/>
                <TextEquiv>
                    <Unicode>khaumen unnd den wint alda</Unicode>
                </TextEquiv>
            </TextLine>
            <TextLine id="r2l4" custom="readingOrder {index:3;} place {offset:3; length:9;}">
                <Coords points="2035,859 2138,839 2220,859 2317,817 2504,791 2564,829 2597,794 2683,773 2681,740 2575,731 2518,752 2422,735 2379,760 2334,744 2201,780 2137,762 2080,814 2031,812"/>
                <Baseline points="2042,833 2073,830 2105,826 2136,823 2168,820 2199,817 2231,814 2262,811 2294,809 2325,806 2357,803 2389,800 2420,797 2452,794 2483,792 2515,789 2546,787 2578,785 2609,782 2641,780 2673,777"/>
                <TextEquiv>
                    <Unicode>zu dießsbach zu einem pfatter</Unicode>
                </TextEquiv>
            </TextLine>
            <TextLine id="r2l5" custom="readingOrder {index:4;}">
                <Coords points="2040,913 2316,870 2348,894 2388,859 2440,887 2572,861 2630,880 2704,847 2700,792 2598,794 2559,831 2462,796 2223,856 2037,864"/>
                <Baseline points="2048,885 2080,884 2112,882 2144,880 2177,878 2209,876 2241,873 2274,870 2306,868 2338,865 2371,863 2403,860 2435,857 2467,854 2500,852 2532,850 2564,847 2597,846 2629,843 2661,842 2694,840"/>
                <TextEquiv>
                    <Unicode>gerunnen, wölches khlind nun zwy</Unicode>
                </TextEquiv>
            </TextLine>
            <TextLine id="r2l6" custom="readingOrder {index:5;} person {offset:23; length:6;}">
                <Coords points="2031,975 2085,952 2146,988 2273,942 2401,971 2522,926 2573,960 2637,918 2698,946 2734,920 2729,848 2697,846 2629,882 2580,861 2439,888 2416,870 2351,900 2316,870 2028,917"/>
                <Baseline points="2039,953 2073,950 2107,947 2141,944 2175,941 2210,938 2244,936 2278,934 2312,932 2346,930 2381,929 2415,926 2449,925 2483,923 2517,921 2552,918 2586,916 2620,913 2654,911 2688,908 2723,905"/>
                <TextEquiv>
                    <Unicode>Järig siche unnd Hüsse Barbli, wölches</Unicode>
                </TextEquiv>
            </TextLine>
            <TextLine id="r2l7" custom="readingOrder {index:6;} person {offset:19; length:6;}">
                <Coords points="2038,1052 2103,1009 2139,1021 2171,1001 2305,1010 2336,1035 2448,990 2571,987 2649,1016 2701,983 2696,909 2636,918 2578,961 2513,931 2423,966 2219,983 2139,962 2034,984"/>
                <Baseline points="2045,1010 2077,1007 2109,1005 2141,1004 2174,1002 2206,1001 2238,999 2270,996 2303,995 2335,993 2367,992 2399,990 2432,988 2464,986 2496,984 2528,982 2561,981 2593,978 2625,976 2657,975 2690,972"/>
                <TextEquiv>
                    <Unicode>genampte sin frouw pineta uff</Unicode>
                </TextEquiv>
            </TextLine>
            <TextLine id="r2l8" custom="readingOrder {index:7;}">
                <Coords points="2050,1078 2145,1097 2250,1069 2280,1090 2340,1061 2557,1050 2662,1073 2712,1043 2710,1004 2632,1017 2600,995 2546,1019 2488,998 2442,1022 2396,998 2339,1034 2292,1008 2232,1029 2156,1003 2049,1048"/>
                <Baseline points="2060,1065 2092,1065 2124,1064 2156,1062 2188,1061 2220,1059 2252,1058 2284,1058 2316,1056 2348,1054 2381,1053 2413,1052 2445,1050 2477,1049 2509,1047 2541,1046 2573,1044 2605,1043 2637,1041 2669,1040 2702,1038"/>
                <TextEquiv>
                    <Unicode>einem Päff im lannd umbtrage</Unicode>
                </TextEquiv>
            </TextLine>
            <TextLine id="r2l9" custom="readingOrder {index:8;}">
                <Coords points="2043,1153 2078,1138 2145,1167 2200,1140 2329,1157 2399,1126 2472,1147 2535,1101 2584,1116 2647,1094 2645,1066 2560,1050 2537,1066 2516,1049 2447,1072 2340,1061 2285,1089 2209,1070 2142,1097 2107,1075 2076,1107 2040,1102"/>
                <Baseline points="2052,1134 2081,1131 2110,1130 2139,1128 2169,1126 2198,1124 2227,1122 2256,1119 2286,1118 2315,1115 2344,1113 2373,1111 2403,1109 2432,1108 2461,1105 2490,1103 2520,1101 2549,1099 2578,1098 2607,1097 2637,1095"/>
                <TextEquiv>
                    <Unicode>unnd sig dieselb sin eefouw yen</Unicode>
                </TextEquiv>
            </TextLine>
            <TextLine id="r2l10" custom="readingOrder {index:9;}">
                <Coords points="2045,1192 2198,1187 2299,1214 2402,1187 2458,1202 2509,1170 2547,1186 2655,1172 2652,1123 2536,1100 2471,1147 2433,1125 2344,1155 2245,1141 2112,1161 2076,1139 2043,1157"/>
                <Baseline points="2054,1184 2083,1182 2113,1182 2142,1181 2172,1179 2201,1178 2231,1177 2260,1175 2290,1174 2319,1173 2349,1172 2379,1169 2408,1169 2438,1167 2467,1166 2497,1164 2526,1163 2556,1161 2585,1160 2615,1158 2645,1157"/>
                <TextEquiv>
                    <Unicode>abermalcs schwanger, by wöllicher</Unicode>
                </TextEquiv>
            </TextLine>
            <TextLine id="r2l11" custom="readingOrder {index:10;}">
                <Coords points="2066,1252 2273,1256 2291,1237 2347,1238 2467,1260 2532,1223 2676,1226 2674,1179 2560,1188 2510,1171 2455,1204 2399,1187 2273,1213 2199,1187 2063,1192"/>
                <Baseline points="2075,1247 2104,1244 2134,1242 2163,1239 2193,1236 2222,1235 2252,1233 2281,1232 2311,1230 2340,1229 2370,1227 2400,1226 2429,1225 2459,1223 2488,1223 2518,1221 2547,1220 2577,1218 2606,1218 2636,1217 2666,1215"/>
                <TextEquiv>
                    <Unicode>r vor disem wuchen zu vnder¬</Unicode>
                </TextEquiv>
            </TextLine>
            <TextLine id="r2l12" custom="readingOrder {index:11;}">
                <Coords points="2063,1340 2136,1306 2199,1307 2252,1336 2297,1302 2334,1329 2416,1283 2505,1296 2549,1276 2628,1315 2684,1294 2680,1228 2648,1218 2529,1224 2487,1260 2421,1238 2399,1255 2292,1237 2265,1258 2174,1238 2059,1256"/>
                <Baseline points="2072,1301 2102,1299 2132,1299 2162,1299 2192,1298 2222,1296 2252,1296 2282,1295 2312,1293 2342,1291 2372,1290 2402,1287 2432,1286 2462,1284 2492,1282 2522,1279 2552,1278 2582,1276 2612,1273 2642,1271 2672,1269"/>
                <TextEquiv>
                    <Unicode>tuwin gsin sye, unnd wüsse</Unicode>
                </TextEquiv>
            </TextLine>
            <TextLine id="r2l13" custom="readingOrder {index:12;}">
                <Coords points="2041,1382 2150,1403 2240,1354 2307,1390 2384,1369 2442,1390 2505,1348 2549,1368 2674,1344 2672,1303 2478,1324 2420,1281 2328,1336 2291,1306 2253,1336 2199,1307 2082,1339 2038,1318"/>
                <Baseline points="2051,1364 2081,1362 2112,1361 2142,1361 2173,1359 2204,1359 2234,1358 2265,1357 2295,1356 2326,1355 2357,1353 2387,1353 2418,1350 2448,1350 2479,1347 2510,1346 2540,1344 2571,1342 2601,1340 2632,1337 2663,1334"/>
                <TextEquiv>
                    <Unicode>er deßhalb von söllicher gezustt</Unicode>
                </TextEquiv>
            </TextLine>
            <TextLine id="r2l14" custom="readingOrder {index:13;}">
                <Coords points="2057,1450 2284,1445 2317,1414 2376,1430 2442,1406 2575,1444 2656,1402 2715,1410 2713,1335 2624,1369 2498,1356 2442,1389 2310,1389 2246,1356 2189,1393 2055,1389"/>
                <Baseline points="2066,1418 2099,1417 2133,1416 2166,1415 2200,1413 2234,1413 2267,1412 2301,1412 2335,1411 2368,1410 2402,1410 2435,1409 2469,1409 2503,1407 2536,1406 2570,1404 2604,1402 2637,1400 2671,1397 2705,1394"/>
                <TextEquiv>
                    <Unicode>ganz unnd gar mitt doch vol</Unicode>
                </TextEquiv>
            </TextLine>
            <TextLine id="r2l15" custom="readingOrder {index:14;} person {offset:22; length:9; continued:true;}">
                <Coords points="2058,1512 2194,1523 2241,1485 2282,1522 2329,1502 2392,1517 2498,1472 2556,1493 2717,1463 2715,1410 2547,1442 2449,1406 2381,1445 2270,1438 2217,1463 2054,1439"/>
                <Baseline points="2066,1484 2098,1484 2130,1484 2162,1484 2194,1484 2226,1482 2258,1482 2290,1481 2322,1479 2354,1477 2387,1476 2419,1473 2451,1472 2483,1470 2515,1467 2547,1464 2579,1463 2611,1461 2643,1459 2675,1457 2708,1455"/>
                <TextEquiv>
                    <Unicode>hab er horen sagn das vorgeruee</Unicode>
                </TextEquiv>
            </TextLine>
            <TextLine id="r2l16" custom="readingOrder {index:15;} person {offset:0; length:6; continued:true;}">
                <Coords points="2061,1570 2135,1555 2228,1581 2298,1552 2385,1578 2414,1553 2475,1564 2513,1540 2591,1561 2704,1550 2701,1475 2518,1507 2466,1484 2428,1517 2375,1521 2351,1502 2273,1524 2058,1513"/>
                <Baseline points="2070,1551 2101,1548 2132,1547 2163,1545 2194,1544 2225,1542 2256,1542 2288,1541 2319,1540 2350,1539 2381,1539 2412,1538 2443,1536 2474,1536 2506,1534 2537,1532 2568,1530 2599,1527 2630,1524 2661,1520 2693,1517"/>
                <TextEquiv>
                    <Unicode>Blonda (ei zuchten zreden) ein</Unicode>
                </TextEquiv>
            </TextLine>
            <TextLine id="r2l17" custom="readingOrder {index:16;}">
                <Coords points="2054,1637 2131,1647 2178,1621 2231,1640 2288,1627 2337,1646 2358,1632 2396,1645 2415,1637 2414,1571 2383,1577 2363,1561 2297,1568 2267,1557 2232,1581 2191,1560 2124,1579 2094,1561 2053,1574"/>
                <Baseline points="2063,1610 2089,1607 2115,1605 2142,1604 2168,1604 2194,1602 2221,1602 2247,1602 2274,1602 2300,1604 2326,1604 2353,1602 2379,1602 2406,1601"/>
                <TextEquiv>
                    <Unicode>gmeine mäy sye.</Unicode>
                </TextEquiv>
            </TextLine>
            <TextLine id="r2l18" custom="readingOrder {index:17;}">
                <Coords points="2054,1813 2590,1782 2645,1821 2721,1797 2703,1712 2614,1717 2540,1753 2475,1719 2450,1740 2393,1715 2354,1739 2289,1724 2256,1746 2193,1741 2147,1704 2053,1725"/>
                <Baseline points="2064,1790 2096,1787 2128,1786 2161,1784 2193,1783 2225,1782 2258,1782 2290,1781 2322,1781 2355,1781 2387,1781 2419,1781 2452,1781 2484,1781 2516,1781 2549,1781 2581,1781 2613,1781 2646,1781 2678,1779 2711,1779"/>
                <TextEquiv>
                    <Unicode>Ist ein mal lär unnd zum</Unicode>
                </TextEquiv>
            </TextLine>
            <TextLine id="r2l19" custom="readingOrder {index:18;}">
                <Coords points="2089,1854 2540,1838 2639,1866 2731,1842 2730,1791 2624,1815 2591,1784 2526,1809 2271,1788 2207,1816 2089,1819"/>
                <Baseline points="2099,1838 2130,1838 2161,1838 2192,1838 2223,1838 2254,1838 2285,1838 2316,1838 2347,1838 2378,1836 2410,1836 2441,1836 2472,1836 2503,1835 2534,1835 2565,1835 2596,1833 2627,1833 2658,1833 2689,1833 2721,1833"/>
                <TextEquiv>
                    <Unicode>anderen mal mitt dem kleinsten</Unicode>
                </TextEquiv>
            </TextLine>
            <TextLine id="r2l20" custom="readingOrder {index:19;}">
                <Coords points="2095,1907 2205,1932 2289,1909 2352,1926 2475,1890 2709,1907 2708,1864 2671,1847 2638,1867 2568,1843 2461,1863 2425,1840 2288,1862 2215,1842 2176,1872 2094,1856"/>
                <Baseline points="2105,1895 2134,1895 2164,1896 2194,1896 2223,1896 2253,1895 2283,1895 2312,1895 2342,1893 2372,1893 2402,1892 2431,1892 2461,1892 2491,1890 2520,1890 2550,1889 2580,1888 2609,1887 2639,1887 2669,1886 2699,1886"/>
                <TextEquiv>
                    <Unicode>tein ufzogen worden unnd will</Unicode>
                </TextEquiv>
            </TextLine>
            <TextLine id="r2l21" custom="readingOrder {index:20;}">
                <Coords points="2078,1984 2195,1953 2263,1988 2431,1950 2580,1988 2657,1951 2723,1958 2723,1898 2686,1916 2628,1893 2454,1919 2420,1903 2370,1928 2077,1918"/>
                <Baseline points="2087,1949 2118,1949 2149,1950 2181,1950 2212,1950 2243,1950 2275,1950 2306,1949 2337,1949 2369,1949 2400,1948 2431,1947 2463,1947 2494,1946 2525,1946 2557,1944 2588,1944 2619,1944 2651,1944 2682,1943 2714,1943"/>
                <TextEquiv>
                    <Unicode>annder gestallt, dann obgschäiben</Unicode>
                </TextEquiv>
            </TextLine>
            <TextLine id="r2l22" custom="readingOrder {index:21;}">
                <Coords points="2081,2035 2130,2030 2160,2046 2222,2011 2283,2044 2357,2003 2399,2042 2462,2014 2519,2028 2532,2026 2532,1973 2484,1962 2463,1980 2392,1960 2353,1976 2333,1959 2294,1979 2249,1956 2190,1976 2155,1955 2080,1980"/>
                <Baseline points="2091,2003 2116,2004 2141,2004 2167,2004 2192,2004 2218,2004 2243,2003 2268,2003 2294,2001 2319,2000 2345,2000 2370,2000 2395,1998 2421,1998 2446,1998 2472,2000 2497,2000 2523,2001"/>
                <TextEquiv>
                    <Unicode>nütt beshantlich si</Unicode>
                </TextEquiv>
            </TextLine>
            <TextLine id="r2l23" custom="readingOrder {index:22;}">
                <Coords points="2095,2243 2181,2239 2241,2210 2303,2231 2329,2212 2358,2232 2392,2217 2476,2226 2502,2209 2572,2247 2573,2161 2534,2148 2465,2147 2406,2174 2302,2172 2267,2152 2214,2179 2157,2138 2097,2126"/>
                <Baseline points="2105,2217 2130,2215 2155,2211 2181,2210 2206,2209 2231,2208 2257,2208 2282,2208 2308,2210 2333,2211 2358,2211 2384,2213 2409,2215 2435,2216 2460,2217 2485,2217 2511,2217 2536,2217 2562,2216"/>
                <TextEquiv>
                    <Unicode>Ist ledig erklen</Unicode>
                </TextEquiv>
            </TextLine>
            <TextLine id="r2l24" custom="readingOrder {index:23;}">
                <Coords points="2108,2281 2159,2276 2216,2300 2283,2287 2346,2244 2377,2263 2387,2255 2424,2285 2454,2285 2481,2275 2482,2224 2439,2212 2421,2224 2348,2225 2333,2238 2292,2220 2260,2236 2199,2207 2109,2220"/>
                <Baseline points="2118,2282 2143,2273 2168,2267 2193,2263 2219,2261 2244,2259 2269,2261 2295,2262 2320,2265 2345,2266 2370,2269 2396,2271 2421,2273 2446,2273 2472,2271"/>
                <TextEquiv>
                    <Unicode>15. juli 7</Unicode>
                </TextEquiv>
            </TextLine>
            <TextEquiv>
                <Unicode>thurn gehalln. Darnach er by der
selbige ein khind zu dieß bach über¬
khaumen unnd den wint alda
zu dießsbach zu einem pfatter
gerunnen, wölches khlind nun zwy
Järig siche unnd Hüsse Barbli, wölches
genampte sin frouw pineta uff
einem Päff im lannd umbtrage
unnd sig dieselb sin eefouw yen
abermalcs schwanger, by wöllicher
r vor disem wuchen zu vnder¬
tuwin gsin sye, unnd wüsse
er deßhalb von söllicher gezustt
ganz unnd gar mitt doch vol
hab er horen sagn das vorgeruee
Blonda (ei zuchten zreden) ein
gmeine mäy sye.
Ist ein mal lär unnd zum
anderen mal mitt dem kleinsten
tein ufzogen worden unnd will
annder gestallt, dann obgschäiben
nütt beshantlich si
Ist ledig erklen
15. juli 7</Unicode>
            </TextEquiv>
        </TextRegion>
    </Page>
</PcGts>
