4032 3024
1262 534 1936 677 glägen, inne Brenz hinderucke
1261 606 1925 723 mit züche gmelden sein schöller
1349 655 1431 731 hult
1438 665 1929 774 Deßs er Brenz nach den
1276 713 1926 832 er der gefenckeub ledig worden.
1284 774 1952 877 segemellte tachsen fechtlich angly
1288 839 1937 938 und mit urhyl und rache dahin
1284 894 1940 1005 getruben, das er im vor offenlichen
1260 948 1925 1066 Pächten, einschlachnus thun soll
1286 1033 1943 1128 wölches aber sachs mit erstatten
1291 1095 1954 1186 wöllen, sonders in inne breng
1278 1142 1926 1253 daumb für than theer, darber
1286 1217 1913 1310 ein s herrn dun gsassen
1286 1268 1930 1369 khat, sy beydersydes gan vdr¬
1300 1325 1915 1437 seüwen bescheyden, ettliche k
1303 1405 1935 1499 dise hadells halb vfzenamen.
1282 1459 1951 1567 Da sye tachss imme Beenzikhoffn
1296 1525 1938 1623 biss ge Münstig hinuff vor¬
1308 1586 1939 1683 zog, daselbst inns winttshuß
1357 1646 1944 1755 sassen, vnd dme Frenz. Inn
1321 1710 1909 1809 sunen abwäsen gescheutzt ud
1315 1778 1947 1874 geschmächen, wie nun er Brentz.
1321 1841 1937 1935 auch dahin biß für das muetts
1302 1887 1935 1996 hus khommen, habe Im teches
1314 1952 1935 2062 him grufft, da dan ir aus
1333 2020 1968 2123 ein strunkt than, hiezwüschen
1326 2087 1926 2183 stiche tachs daruon greyssen.
1333 2138 1911 2242 vnd er Brez. Im auch glych
1330 2200 1966 2299 nachgemolget, also das er zu
1328 2261 1967 2366 noch ob keste Wichterauh vff den
1333 2314 1971 2433 vnld bezogen, jedoch h Brei
1349 2390 1977 2490 zuuor im wüneshuß zu Münstig
1344 2450 1953 2547 von Berenluchen vernommen
2024 522 2715 641 wie das Inne, Rachs alda Im murts
2015 578 2679 712 hußs, so höchlich geschnügzt und g
2023 640 2673 774 schmihn hätte, also das sy Im es
2033 690 2704 809 nun an ziygen dörfftind, vnnd es
2034 739 2722 870 waren innen leyden, das er ein fan
2044 794 2728 936 surlicher mann, wie er durch Tachst
2031 865 2715 992 beschallten wäre, haumb er Breiz.
2047 933 2707 1072 ölliche Techsten, vff fryem veld
2035 997 2679 1115 als er ein wyl naben Im dahar
2034 1072 2668 1190 gaupen fürghalten, sprächende
2048 1154 2662 1244 wenn er inn doch gung ge¬
2046 1202 2686 1314 sngt vnd geschmecht hätte
2047 1291 2670 1386 vff wolches Tachs vnnerholen
2056 1337 2710 1445 grauewiet, er Bretz hätte
2061 1400 2722 1510 es sein züchen greden) erscheyen
2052 1471 2720 1571 hernns er Brenzikhoffer, Im zor
2058 1537 2701 1630 ergrimnen, bemellen Tachsen
2066 1595 2692 1689 mitt der fust an den kopf pe¬
2064 1649 2662 1741 schlagen iinmasen, das ersan
2058 1710 2683 1809 einem hag gfallen, darnei
2054 1762 2680 1859 Ime widerub lassen ufsta
2055 1826 2652 1921 Inn wölchen ufstan tachs s
2064 1892 2616 1986 schweit zezücken undestnd
2058 1954 2666 2056 schon halb ußghan desswäge
2056 2030 2699 2122 er Brerz. mu vbehandes sin
2068 2091 2658 2184 gwer von d gwarffen, de
2059 2139 2725 2228 Tachsen an das sin schwent ger
2055 2199 2657 2301 fallin, vß den henden pern
2078 2269 2570 2365 vnd Imme dasselbig s
2087 2314 2733 2431 schrurtt, mitt schyde vnd allen
2075 2391 2689 2489 ettwan vier Streych flächlin
2066 2443 2716 2555 vber dun Ingschlagen, daran
