4032 3024
1244 538 1937 656 der rhäten verstorben, wenn nun
1270 617 1962 724 also vnnser Gergott, solliche hirtten
1266 674 1918 772 beruffen, so wurden bald die
1277 737 1947 835 armen schäfflin zeströmet weden
1376 799 1934 899 hab ir dieselbige sag, an die
1336 858 1933 957 uene der Ihenngn so darby
1346 911 1956 1008 in gelassen, das ein vertragen
1299 973 1959 1073 sye. und hab er ein g herr
1294 1028 1979 1127 und oben inn dheien wäg hiei
1332 1088 1855 1203 dachen noch guent
1274 1178 1957 1295 Zum dritten ist im auch für¬
1348 1250 1966 1354 halben worden uss was beweglich
1364 1304 1942 1400 ach er wider berurren Hans
1312 1373 1954 1476 Blägin gredt, ja du bist (ein
1403 1448 1968 1528 greden) ein vervätter ver-
1400 1494 1921 1594 st mich und bist mir p
1324 1555 1695 1661 herrn verrägee.
1314 1652 1952 1776 ff steinlichs in anzeygn, demnach
1372 1727 1977 1824 von tb Gnagi vernommen
1309 1771 1937 1880 er wölle sinen schwager Subin
1323 1835 1977 1936 zu wüssen ihu, das er inne ein
1353 1894 1966 1999 olff beschollen hätte vnd aber
1338 1955 1979 2054 er Linder vermeinn sollichs mit
1433 2016 1986 2114 gehaben, habe in Inne estlich
1448 2081 1972 2179 licher meyung, solchess
1837 2142 1982 2223 dess er
1351 2131 1843 2234 zugeschrygen, keinen
1355 2207 1984 2280 aber im nitt bewillig wöllen
1382 2244 1996 2343 ab er Inne also inn zorg
1476 2311 1998 2407 vnd wynfuchte, oberlurete
1381 2360 2005 2463 gstellen gescholtten, aber ein guhere
1595 2424 2035 2516 empt, noch hierin eredacht
1646 2491 1730 2571 and.
2111 533 2766 687 odem presente obstad
2254 628 2488 759 Ist auch
2173 720 2466 831 Better Lyro.
2039 815 2763 954 exambiner unnd befrast worden
2058 911 2745 1009 namlich, was das nun p hern
2083 963 2783 1079 ein großs bfduren sines liederlichen
2088 1038 2782 1143 gushaltens thun vnnd lassens halb
2098 1102 2740 1209 habind, inn dem das er sine
2106 1156 2732 1259 gälleen und plöübigern nitt
2094 1220 2751 1330 bepegne sonders zu widerspyl
2102 1278 2729 1385 sich lasterlicher schandtlicher thuey
2110 1343 2706 1461 gebruche, söll deßhalb an
2114 1409 2775 1512 zeeg wie lang er die Piedlina
2110 1482 2774 1575 vnnd adere dirnen Inn sinen
2113 1539 2774 1647 hus einhallen unnd wär sunst
2115 1606 2714 1698 zu Imme zewandlen genem¬
2144 1686 2216 1765 syn.
2114 1736 2702 1857 st hiruff sein bescheyde e
2134 1811 2760 1906 antwur, das er vorgemellte
2117 1865 2785 1968 Diedlina eitwen vff die drywig
2136 1921 2781 2026 lang inn sinem huß ghan, die
2139 1993 2743 2086 im darzwüsch₎n genägt ✳ unnd
2137 2051 2790 2144 sirge sunst niemandis, weder
2156 2110 2793 2196 namh noch wybs personen zu im
2142 2159 2768 2259 gewandlen. Diewyl er aber
2152 2220 2791 2313 von einem gällnn, seer genöttiget
2152 2290 2724 2375 sig ir uff dem tag surr pe¬
2142 2331 2680 2435 fangenschafft vorhabens es
2153 2392 2674 2502 hinufft gan dießbach her
