4032 3024
1256 515 1924 663 unnd alda, ira zwen tag lang un¬
1268 571 1921 715 bewüße gewäsen sye. wie sy aber
1267 649 1927 770 an einer mittwuchen, zun gedachts
1265 694 1917 815 Freis nachpuren hus, mitt Inen
1285 761 1926 883 äy weck rend worden unnd hein
1278 825 1919 933 gangen, da habe Hanns der
1285 886 1908 991 hurmacher, den man stunst schrab
1283 945 1924 1054 nempt, vnd gedachts pastions
1330 997 1942 1118 schwaper ist, inne den getzgesagen
1279 1070 1923 1177 Bastion, vff dem aben vor den
1293 1134 1914 1233 Nachmal, Ire zuhuß gebracht
1293 1188 1926 1290 der Ira zugunnen, sy solle Inen
1310 1246 1924 1353 zunacht kochen, vff welches sy
1297 1325 1954 1413 Inen geantmurtten sy hatte thei
1321 1366 1938 1477 vys noch tranck im huß, dan
1316 1422 1960 1535 sy träw 14 tag lang mitt dahir
1301 1504 1948 1613 gstin, doch habe sy nachenwertts
1320 1559 1928 1666 als gedochter hiemacher emst
1323 1624 1920 1733 an diser eitschuldigung nit
1331 1680 1936 1790 khommen, inen zwo maß wyns
1324 1731 1952 1845 unnd brott uß den galle, das ime
1317 1801 1918 1909 Ir nachpur dem sy gewerdken
1576 1858 1714 1910 longäbn
1344 1846 1899 1964 d genagt zatet, gekhaufft
1342 1914 1944 2023 demnach dem kkeinen hußmese
1338 1965 1954 2076 so des annderen d hußwolck sy,
1340 2027 1893 2134 vier byer zestieden gäben
1340 2092 1954 2198 wolchf dasselb meyeln uff seie
1332 2154 1936 2256 für gesotten, dann sy ihm
1327 2207 1952 2313 für angrachen ghan, Ally nun
1354 2268 1950 2370 vff disers nachtmal die necht
1352 2339 1940 2429 geuolgett, vnnd Iren viere
1352 2390 1951 2481 namlich benempter Gastion
1360 2443 1979 2555 sin schwager, der thutmachte, sur
2416 509 2561 565 Et 4
2017 514 2685 665 gschwiy Mangredn unnd sy ulei
2022 580 2651 702 den die vorgedachen zwo mass
2026 634 2654 774 wyns uss einem bächer unnd
2031 697 2693 842 gschier (dann sy sunste khein ander
2021 744 2717 897 truckgschirt mit gebracht habnd
2035 820 2696 961 esegeruncken, habind sy immer,
2032 889 2696 1003 dar meer wyn haben, den sy am
2026 951 2611 1062 aber mit reychen wöllen, da
2042 1001 2704 1118 essterspaat gstin, da sige erst
2034 1071 2700 1184 vorgerurte Margrede mergedechts
2026 1139 2683 1249 rastian gschrig ✳ hingangen ✳ und
2038 1198 2649 1298 also vmb die einliffe Inn der
2053 1256 2706 1354 nacht zum Polcken noch wyn
2053 1301 2707 1414 gwychen, demnach sy sich nun schier
2059 1361 2685 1462 muchter gegruncken, habend sy
2059 1423 2702 1528 ein stuphen begärtt völlhefff
2056 1483 2732 1577 stuppen, noch annders sy ui mit
2061 1545 2707 1653 kochten wöllen, harmb dann vor¬
2066 1598 2592 1706 ersagte Manpredt zupfarr
2069 1662 2697 1770 das für augnacht ein suppn
2076 1724 2711 1829 und ein pfandtkuchen gekochtet
2068 1792 2704 1890 deßhalb sy nun dasselbig mit
2091 1842 2706 1941 gechan habe, wol habe sy den
2101 1907 2725 1999 zuf darzu göben, vnd die manne
2106 1972 2677 2042 Inn der stuben, die supen
2085 2008 2720 2106 zugschnitten, aber sie habe weder
2091 2061 2722 2161 vil noch wenig geköhen, noch ge
2095 2130 2723 2224 dachtem Bastian, yenen eitwas
2094 2179 2704 2280 inn söllicher meyung, weder zu
2098 2235 2626 2343 ässen noch zu nircken gäben
2108 2298 2686 2401 daruff wöll sy mitt gurer
2097 2354 2681 2458 consciunu sterben vnd dem
2108 2411 2676 2514 tod elyden, denn wie
