4032 3024
1371 528 1977 677 oupferlich vor einem dar verlas
1369 604 1981 737 unnd dun bieg gryssen, de
1371 666 1988 787 nach ettwes zytts hieuor wider¬
1359 711 1975 857 umb anheinisch worden, sich ein
1364 784 1979 909 annderen Matzen zugehan, die¬
1366 831 1979 986 elbig huroigs hen unnd jehe
1376 909 1968 1019 gschleyfft, entlich zu Wolen ein
1370 976 1950 1102 Mayeren verdingett unnd erstil
1357 1019 1927 1143 ouch alda zedienen ingstellt
1371 1077 1962 1210 inn dem im begegnett unnd
1394 1144 1966 1264 ürgnommen umb Hanns Loze
1360 1203 1979 1321 zu Elzkhoffen tochter zewerben
1380 1255 1979 1385 des gesuinens, wann er also uff
1363 1325 1976 1442 denselbigen hoff lykhoffen
1348 1383 1974 1492 khommen, er sich mitt ganzen
1348 1441 1980 1557 flys unnd ernst ze würcken und
1350 1505 1976 1606 Zearbeytten wol Instellen, ere¬
1357 1568 1986 1677 lich unnd redlich hußhallten wöllen
1337 1624 1959 1728 Immassen das imme daruß vil
1362 1685 1959 1769 nutzes unnd gutts entstan unnd
1357 1738 1968 1836 volgen mußte, vnnd also des vor¬
1348 1788 1961 1884 habens (vor unnd er erweihben
1354 1846 1945 1944 dacht, ob sin vorgenempt be
1346 1899 1956 1990 frouw Eichoyna Larallt, die er
1338 1959 1965 2050 bupfarlich vor einem jar verlassen
1332 2008 1940 2113 noch läbend oder tod wäre) geben
1341 2072 1973 2174 mergemelltem loßen vurtah
1341 2128 1984 2226 halb inn der werbing fürgfernn
1340 2173 1976 2286 unnd damitt yezgemelte bo
1339 2238 1972 2345 bewruglich fürgëben unnd anzeh
1348 2297 1976 2402 wie das er ein sin gutt zu Münt
1347 2351 1959 2470 wyler glägen umb ein und e
2575 568 2663 618 112
2044 586 2701 702 pfernngen verkhonfft, darann imme
2059 650 2675 760 soch in  l ußbsteündig wärend.
2046 702 2691 809 die wöller er dahin zu im bekhern
2050 760 2700 855 vnnd anleggen, alles der meynung
2055 816 2710 928 gechen, uff das er benempten
2050 873 2709 965 oren zu seinem eegären breden
2405 930 2518 980 imme
2210 934 2671 1020 Da aber nun, uff sollich
2057 951 2188 1031 möcht.
2064 979 2731 1080 in anbringen, gemellter Lotzeügin
2046 1051 2679 1148 zusagen, noch des glouben gäben
2044 1108 2659 1211 wöllen, er khönnee unnd möclfe
2050 1163 2720 1261 dann zeuor sein mannräche ußbringe
2054 1218 2726 1327 unnd umb den fürgäbnen verkhouff
2052 1282 2690 1386 oder imme usgstende schuld, sigell
2057 1349 2653 1434 unnd brieff darleygen unnd
2048 1400 2706 1498 zygen. Wie nun imme sollichs
2041 1451 2712 1550 fürgeworffen, Da habe er by im
2067 1512 2706 1612 selbs wys mittell unnd wäg pe
2071 1573 2688 1668 sucht, sollich sin fürgäben glöub.
2056 1637 2687 1731 lich ze bewysen, unnd hiemitt
2049 1688 2713 1780 die von Mürtten umb ein mann,
2062 1744 2712 1852 rächn ankhertt, das selbig auch von
2048 1804 2702 1905 inen usbracht, danienihin gan
2038 1858 2703 1954 Kryburg ✳ zu seiner grosmutter
2060 1908 2690 2012 sya heimzestuchen gangen, unnd
2040 1971 2677 2069 Alda vff dem Marrtt vnnder
2047 2035 2681 2125 annderem einem gsellen, so ein
2041 2083 2678 2187 schrybzug an im hangen ghept
2059 2148 2667 2224 dem er dann einen namen uer
2053 2180 2337 2278 lougnett unnd
2343 2198 2696 2269 sich an statt des
2053 2244 2698 2343 namens Hanns Wyß Ulli Großs
2054 2298 2720 2403 Amman zu Münchenwyler gnempt
2053 2366 2669 2464 zugmutten unnd begartt, er
