4032 3024
1235 542 1928 680 diser sach halb geuepiert, sprchet
1257 606 1904 726 ei zuchten zuelden ) ey wir
1260 673 1890 775 allein ein gallt hur und auch
1261 730 1922 829 domalt sie froue zu In Ie
1270 784 1907 885 wutshuß khoinen, vnd In den
1276 840 1916 941 eckell ab dem hals dënnen
1297 907 1511 983 gnomen,
1504 899 1894 1002 ouch Inne sire byge¬
1295 955 1906 1065 sassne gsellne darob wycher ver¬
1290 1033 1929 1123 spotten, da möchte er villiche das
1284 1083 1932 1180 Inn aber so war im gott gnädig
1292 1142 1897 1242 fit nit meir ingeduncken sye.
1309 1189 1905 1297 söllichs predt haben, unnd ob
1300 1258 1907 1370 es beschächen wure, so habe er doch
1295 1322 1936 1426 söllichs mit der meynung gredt
1307 1385 1945 1479 noch in de aigezofnen mätzen
1302 1445 1915 1552 geschaffen ghan, das er begärte
1308 1498 1956 1604 von siiner eefrouwen geschyden
1307 1569 1931 1664 werden, sonndrs sollichs einfalter
1307 1621 1948 1719 meyung, vnd das er nit bedacht
1316 1686 1936 1778 ollichs dahin lix nocx  ge
1305 1737 1923 1840 than, begar auch gnglich nit
1309 1802 1909 1900 das er von siner fromeen ge¬
1342 1855 1908 1947 heyden werde, dan dieselb
1368 1906 1926 2009 In schwanger, vnd alle tac
1329 1971 1885 2068 der genißen erwartten syn.
1322 2020 1966 2125 Er Ist für ein armen thoren zeschen
1342 2175 1957 2322 Ist uff 1 jul 7o
1388 2245 1843 2374 redig erkhnntt
2537 546 2592 625 51
2002 599 2702 728 ff montag dem Leisten tag julii
2034 668 2678 778 Im 15 20. tar enn gëgen¬
2043 708 2703 827 württigkheytt Herr Hanns Buders
2218 794 2302 838 devnd
2048 790 2701 890 des Rhats, Herr Wilhelmen vom
2054 840 2602 957 Stein Grossweybells ist
2144 942 2637 1076 Michell Holzer stunst
2174 1042 2584 1118 Bollwyler genampt
2186 1089 2480 1184 zu Berlafing
2027 1169 2702 1294 in̄ bittlingers turn befray
2046 1233 2707 1327 unnd im fürgehallen worden anzu¬
2065 1286 2707 1404 zeygen, ob er bsteundig siin und
2085 1339 2721 1449 glouben wöll, das er zu Bela¬
2085 1412 2725 1512 fingen, inn offner rehi gredt
2083 1464 2737 1566 unnd ußgossen, er habe dennoch
2094 1529 2708 1617 sin läbenlang vil angfangen und
2086 1579 2700 1666 manchem biderman sein frouwen
2095 1627 2709 1731 mit zuchn zmelden) beschissen
2070 1692 2718 1801 Item das er ouch gredt er habe
2089 1760 2699 1854 der meentheyl wybere vß der
2095 1816 2704 1916 gmeind Töuffellen, und gr¬
2090 1881 2690 1979 lafing nach einem willen gho
2069 1998 2748 2120 ist hieruff sin antwurtt das
2103 2082 2724 2163 er zu Berlagmp im wirts
2090 2129 2735 2227 huse woln bezäshet worden, alßo
2104 2184 2725 2282 das er wed nitt gwüßt, was
2106 2250 2726 2340 er gredt oder gethan habe, nun
2092 2300 2760 2407 habe es sich begaben, des nach dem
2094 2371 2733 2473 er nuchtet worden, man Inn est
