3024 4032
142 197 256 284 26.
166 320 312 462 Stuhls
350 287 1421 472 Es betheiire, daß es hierbey keinen
326 404 1404 545 kösten von satz gehabt, habe niemahls
325 474 1436 633 gedacht, das Kind zu verbergen, oder
337 546 1419 710 um das Leben zu bringen, solches
330 655 1445 788 seye durch seine allzu geschwinde ge¬
328 728 1448 886 reist, die es nicht vorgestehen, unglück¬
328 816 1417 975 dlicher weise geschehen, seye ihm von
325 911 1415 1052 ganzem Herzen leis darfür: Er bätte
335 987 1436 1163 Gott um Gros und Barmherzigkeit
326 1084 1445 1245 und eine Hohe Obrigkeit um gnädige
333 1176 619 1330 Urhteil.
523 1285 1425 1482 Also abgelesen und bestächtiget.
325 1431 1446 1610 Actum in Ir Gnaden Spitthal
798 1568 833 1628 1
716 1568 800 1630 see
325 1567 1487 1703 durch Meine gnädigen Herren Herren Großweibel ussge
328 1657 1454 1799 und Herren Krichtschreiben Sillading
328 1733 1103 1881 den 16ten Marty 1769.
612 1951 852 2093 zedel
306 2062 1386 2225 der Meine gnädiger Herrn Raths Herren Gott
322 2166 1472 2330 attenwyl und Meine gnädige Herren Großweibel
313 2239 1459 2442 üssiger und Gricht schreiben Villading.
936 2349 1427 2483 sente auf dem
344 2355 1065 2544 Nachdeme Meine gnädige Herren
301 2450 1462 2619 von Herrn Großweibel und Herrn Vice¬
320 2549 1412 2719 Brichtschreiber mit Maria Junge
312 2645 1384 2820 von Buggisterg er dem Oberen
278 2735 1439 2942 Spittahl verführten Examine mit meh¬
321 2807 1419 2993 weren vernommen, welcher gestalten
305 2928 1406 3120 diese Jungi geständig worden, die
288 3012 1442 3188 Muter jenigen Kindes zu seyn, welches
298 3133 1427 3310 vor etwelcher Zeit in dem Ehre Graben
302 3201 1428 3397 an der Juden Waß in Herrn Oberst
292 3313 1434 3517 Tscharbiers Haus gefunden worden,
302 3391 1379 3587 So haben die staden, da die Kehr
1160 3521 1362 3663 Eiche
2741 281 2861 391 2
1684 408 2842 588 auch Meinen Hochgeehrten Herrn betrifft
1705 525 2812 622 als Ober Examinator die Procedur zu
1683 594 2788 703 vollführen, sich Meine gnädigen Herren freundlich
1684 675 2850 789 versinnen wollen, mit und neben Herrn
1687 764 2842 891 Großweibel und Herrn Grichtschreiber
1696 833 2827 991 die ferner nötigen Examina zu ver¬
1679 929 2836 1065 führen, und seiner Zeit diesere Procedie¬
1690 1015 2791 1185 Meine gnädigen Herren zu weiterer Verordnung
1688 1104 2760 1270 vorzutragen, zu welchem End die
1683 1212 2791 1359 Informationen und Examina Euch¬
1680 1303 2760 1435 Meine gnädigen Herren mit zugestendt werden.
1680 1387 2707 1530 Actum den 21ten Marty 1769.
1823 1495 2043 1648 Signirt
2256 1477 2805 1660 Lizley Berrn.
1914 1639 2482 1804 Examen
1672 1779 2746 1904 Mit Maria Engi aus dem
1687 1885 2780 2032 Buggisperg, so könfftigen Magen 18.
1666 1964 2808 2103 Jahr alt, und von H. Mace zu deli
1690 2052 2805 2195 in der Religion unterrichtet worden
1695 2129 2810 2284 seye. Verführt durch den Bohl
1686 2218 2821 2374 Gebohrner Meine gnädige Herren Rathsherrn
1701 2319 2827 2439 der Baltenet, als wohl verordneten
1688 2404 2791 2517 Herrn Ober Examinatoren, mit zu
1680 2480 2763 2629 zeüchung eine gnädige Herren Großweibel und
1690 2552 2190 2717 Brichtschreibend.
1685 2665 2791 2815 Nach einem kräfftigen Zuspruch die
1699 2751 2779 2892 keine Wahrheit über sein begangenes
1684 2845 2790 2990 Verbrechen offenherzig zu bekennen, und
1697 2925 2715 3072 sich dardurch den Zugang zu der
1703 3028 2792 3179 Barmherzigkeit Gotts zu bohnen,
1699 3109 2780 3259 und seiner Seele Teil zu bewercken.
1729 3228 2789 3351 . Ob es anoch bekennen und gestehen
1515 3241 1710 3389 Gefrag
1681 3313 2773 3471 müße, daß dasjenige Kind, so in
2546 3446 2720 3581 dem
