3024 4032
176 317 313 411 422.
666 297 1141 416 G
322 388 1439 555 etreffend die andere frage, nemlich über
352 499 1453 625 die Möglichkeit des von der Fählerin angege¬
343 579 1477 694 benen Umstandes, daß sie in einer Ehemacht
337 651 1451 777 ohne vorhers gestührte Sendationen Kinder¬
334 716 1417 849 niedergekommen, auch sich während solcher
327 801 1438 904 zumacht, und ihre unwißend, in dem bet
335 862 1436 1000 müße aufgesetzt und der einten Magd einen
329 940 1434 1051 guten Tag gewünschet haben, indeme Sie
333 1006 1394 1132 darvon keine Wüssenschaft haben will.
387 1085 1425 1231 hierüber geben Meine gnädige Herren und, daß bey
323 1179 1448 1306 einer gebahrenden Person, sich ohnmachten
316 1245 1469 1389 einstellen können, ja sogar wurden Exempel
317 1321 1396 1454 aufzubringen seyn, daß versohnen in
317 1402 1414 1527 einer Ehemacht darnieder gekommen, eine
292 1462 1433 1607 Zeitlang darinnen verblieben, und vielleicht
311 1566 1453 1688 ohne Hülfe sich kaum wieder sobald erhalt
293 1638 1441 1725 häten. Solche Personen aber, die bey einer
302 1705 1439 1837 nahen Riederkunst mit Ohnmacht bedrohet
297 1784 1399 1910 gewesen, haben allezeit vorher entweder
310 1874 1442 1989 solche Merkmale selbsten verspühret, die
291 1932 1367 2060 ihnen deutlich angezeigt, was nachhero bey
289 2008 1462 2113 ihnen vorgehen werde, oder auch solche geäußeret,
299 2081 1459 2202 daß die Umstehenden etwas berichnen hatten
301 2136 1332 2261 wahrnemen und bemerken müßen. Von
309 2204 1447 2342 diesem allein aber ist in gegenwärtigem fahl
306 2284 1431 2402 nichts wiederfahren, zumalen vor und nach
301 2344 1401 2495 der Benirt nicht das geringste, weder von
304 2431 1439 2562 der wählerin klagend geahndet, noch sonsten
303 2519 1429 2645 von den Umstehenden wahrgenommen worden,
303 2584 1378 2718 dahero glauben und schließen Meine gnädigen Herren die
294 2654 1402 2783 Fählerin seye nicht ohne Empfindung und ohne
298 2734 1006 2860 ihr wißen kinder genessen.
333 2795 1411 2932 Dieses ist nun über vorbeschriebene Zwey
291 2878 1404 3009 fragsfunkten die gehorsame Beantwortung,
308 2955 1444 3082 welche von Eingangs gemelten Meine gnädige Herren gewißen
293 3021 1400 3124 haft und einmühtig geäußeret worden, und
307 3074 1425 3208 aber Euer Wohlgebohrnen respectuos est
292 3164 1074 3274 vorgelegt und übergeben wird,
289 3226 1239 3320 Actum den 28. Novembris 1770.
300 3288 1364 3395 Ans Befehl Meine gnädigen Herren des Collegen Insulam
557 3353 1369 3499 Sigl. Febr. Frid Kirchberger
711 3412 1398 3547 des Collegii Insul. Secret:
2740 353 2865 435 428.
1974 334 2358 458 Dehler.
1774 417 2829 603 nautentes Disum repertum.
1681 521 2836 677 uf Befehl und in Beystern der Hochgeehrten
1676 623 2809 737 Herren, Herrn Großweibel Steiger und Herrn
1686 682 2793 766 Grichtschreiber Willaden, haben wir Ends¬
1681 750 2809 859 unterschriebene heute den 9ten Septembris 1770.
1687 810 2823 914 aabends um 3. Uhr in ihr Sonde Instul ein vatter
1684 871 2806 975 Kind bestichtiget und Seciert, verfanden, daß
1696 938 2733 1036 das Kind, so ganz in der Faulund wäre, den
1675 996 2824 1117 Korf mit haaren, die Einger mit Stäglen verste¬
1642 1067 2821 1187 gen, und mänlichen Geschlechts groß und wohl
1654 1130 2772 1239 " ausgetragen wäre, anbey befunde sich die
1681 1197 2793 1321 Stabelschnur, samt der daran hangungen Nach¬
1661 1272 2844 1398 geburth noch unverletzt, die heraus genommenen
2160 1341 2237 1397 Den
1649 1343 2833 1458 Lange schwamme in Waß der Worem sie gewor¬
1656 1409 2770 1534 efen worden, gantz oben, aus oberzehltem
1672 1485 2818 1610 schließen wir, daß dieser wohl ausgetragene
1686 1556 2806 1679 kind, schon vor einigen Tagen, lebendig gebohr¬
2591 1638 2629 1685 .
1685 1641 1994 1745 ren worden.
2259 1656 2632 1758 Rectog ord.
1787 1692 2081 1820 unterstehe.
2228 1735 2804 1863 J. Rahn. Sp. Indul
1687 1816 2739 1946 daß die obenbemelte faulente nur in
1695 1891 2810 2023 den außeren Theilen des Leibs bestanden,
1689 1961 2818 2072 und daß keine Merkmale einer gewaltthäti
1653 2028 2829 2156 igen Handanlegung an dem Kind wahrzunem¬
1672 2098 2827 2233 men gebessen, haben die Ehre, Eyd und Pflicht¬
1681 2186 2288 2313 mäßig einzuberichten.
2312 2227 2673 2372 Herzog ord.
1866 2260 1993 2375 Hehl.
1959 2321 2000 2381 .
1683 2325 2150 2422 den 28. 9. 1770.
2157 2313 2786 2449 H. Rahn. do. Inocl.
1616 2469 2773 2627 Zufolg des hiervor enthaltenen Befehlhedels von
1599 2559 2772 2657 von Meine gnädige Herren ein Rahten den 1. Wintermonats
1647 2652 2832 2724 hat der Wohlgebohrner Mhhl. Rahtsherr Nutzes
1672 2702 2792 2812 sandt Rath Großweibel und Grichtschreiber
1956 2751 2052 2798 der
1654 2745 2770 2864 heute den 7. Decembris sich abermal in die obern
1674 2811 2758 2932 Gefangenschaft veruget, und daselbst vorerst
1660 2888 2749 2991 folgende Verstohnen auf das frische vernommen,
1677 2941 2734 3058 Nachwerts die intastierte Anna Bähler in ein
1675 3015 2723 3130 nochmaliges ernstliches Examen gefaßet
1661 3070 2786 3198 und darauf die anbefohlene Confrontation vor
1652 3133 2092 3248 sich gehen laßen.
2102 3146 2773 3252 Wie das einte und andere
1647 3200 2021 3304 hienach stehet.
1623 3235 2742 3383 Barbara Harts die Doctor Muter
1641 3340 2270 3442 Magt aus, auf Befragen.
1673 3427 2781 3516 da sie ausgesagt, Sie habe dem Anneli Bahler
1557 3417 1673 3509 Fr.
1666 3460 2729 3582 auf den starken Geruch hin, seine Heider
2591 3559 2708 3638 e
