3024 4032
208 263 296 343 401.
600 274 1038 371 DAnna
246 365 335 494 fr.
357 373 1417 523 Ob vor Miternacht, ehe sie eingeschlaffen,
340 460 1393 605 sie das Anneli nicht achten oder sich klagen
329 524 532 613 gehört.
237 581 1433 755 Tanto, die habe gar nichts gehöret, noch gestehen,
343 667 1386 788 oder geachtet, ohngeacht in der Stuben ein
328 733 818 855 Nachliecht gewesen.
216 803 1409 962 Fr. Nachdeme sie am Morgen erwachet, ob die
329 901 925 999 wieder eingeschlaffen.
213 968 337 1062 Antl
350 956 1351 1104 Ja, bis die Muter, die Stuben gebuschet.
246 1053 317 1127 Er
331 1040 1423 1188 Ob die am Morgen, an dem Anneli nichts
315 1111 1428 1264 geachtet noch gestehen, oder etwas schreyen
316 1180 527 1285 gehört.
213 1240 340 1341 Ankl.
364 1255 1454 1403 Stein gar nichts, könne es vor Got bezeugen.
219 1336 298 1416 fr.
334 1322 1390 1471 Worüber Er sich in der Insul geklaget
189 1404 313 1496 Antlo
351 1413 1276 1540 Sein Geblüt seye ihm vertroknet.
206 1494 307 1584 fr.
303 1481 1297 1620 Ob Er sich sonst über nichts geklaget.
178 1564 329 1679 Antli
340 1549 1413 1714 das Geblich steige ihme obsich und Erstege
310 1637 1425 1779 Blut. Es habe ihr auch bald, als Erin die
287 1708 1400 1843 Susil gekommen, einen Rahtendungen mit
309 1780 689 1882 dlet gezeiget.
208 1836 292 1940 Fr.
306 1851 1466 1983 Ob Sie nichts an ihme geachtet, daß Er sich wanger
304 1919 484 2033 slagend
180 1987 1431 2116 Antl: den ersten Morgen, als Er sich angezogen,
276 2062 1444 2177 habe bin geachtet, daß Er große Brust habe:
298 2135 1437 2259 Welches die veranlaßet ihns zu befragen,
295 2206 1408 2319 ob Es etwan schwanger seye? Worauf Er ihr
288 2270 1399 2385 geantwortet, wolte Gottes wäre wahr, es
303 2352 1405 2459 könte ihm dern geholfen werden, indeme
303 2414 1337 2528 es einen brafen Vater zum Kind häte:
332 2465 1382 2603 darneben habe es einen Bauch gehabt,
295 2546 1310 2674 daraus man nichts schließen könne.
387 2630 1415 2734 Sie habe übrigens von diesem Mensch
304 2694 1423 2823 nichts nachtheiliges sagen gehört, außert
294 2761 950 2885 daß Er hochmühtig tage.
755 2834 937 2930 faule bei
883 2835 1135 2976 1778
198 2839 745 2958 Actum den 17.
641 3020 676 3060 .
500 2972 639 3094 Des
696 3043 1289 3166 Examen
292 3089 1463 3263 Mit Heinrad Ahler von Natur
242 3228 1444 3382 Nach deme ihme zuerst sein voriger Excemen
319 3312 1420 3435 wörtlich vorgelesen, und Er zugleich kräftigst
314 3382 1405 3490 ermant wurde, dermal die keine Warheit zu
316 3434 1432 3564 reden und dardurch sein gelaßen zu entladen.
1269 3510 1371 3608 Hoch
1622 432 1677 521 .
1572 610 1680 698 Er
1577 673 1695 775 mitl
2743 323 2860 404 102
1970 323 2059 390 e
2095 320 2426 420 Decolen
1966 378 2056 457 s
1708 404 2804 536 bezeügete es, daß Er bietlich alles aufrichtig
1684 463 2707 562 geoffenbaret habe, und darauf beharre.
1677 519 2842 623 Derohalb es ferners examinirt worden wie folget.
1695 582 2636 696 Solle sagen, wann Es kinds geneßen.
1715 649 2817 753 in der Nacht vom Zinstag bis am Mitwochen,
1683 715 2788 810 da ein starker Veter gewesen, habe zu der
1682 766 2833 877 Patientin so neben seinem Betgelegen, gesagt,
1666 826 2772 939 Sie wollen doch aufstehen und botten, seyen bis
1664 895 2795 1021 gegen 10 Uhr aufgeblieben, da Er sich wieder
1680 965 2770 1075 niedergeleget und wohl geschlaffen, bis am
1664 1022 2758 1151 Morgen Prühe da es gelautet habe. Seye
1676 1089 2824 1205 wieder eingeschlaffen, bald darauf aber wieder
1668 1157 2778 1285 erwachet, und zwey oder dreymal starken
1665 1220 2803 1340 Schmerzen im Bauch verspühret, da in deßen
1664 1298 2813 1405 die Genet müße vorgegangen seyn, wiße
1674 1360 2773 1476 aber nicht wie solche beschehen, zumalen Es
1671 1429 2677 1554 in Ohnmacht und von einen gewesen.
1676 1497 2796 1624 Ob Er erharten dörfe, daß Er sein Kind nicht ver¬
1550 1521 1664 1624 Fr.
1653 1562 2724 1684 bühret, als er solches zur Meltgebohren.
1702 1645 2464 1784 Nein, Es habe nichts verspühret.
1552 1683 1679 1755 Autho
1684 1740 2761 1871 dieses seye nicht wahrscheinlich, indeme
1539 1779 1653 1867 Gnst.
1656 1822 2749 1936 Es sage, Es habe angst gehabt, und seye
1654 1881 2771 1990 von dinnen können, welches ihm nicht wieder¬
1643 1949 2779 2078 fahren wäre, wenn Er nicht gebürt, daß Er
1649 2014 2141 2128 ein Kind gebohren.
1555 2084 1678 2167 Amts¬
1690 2079 2771 2206 Bezeüge, Es wiße gar nichts, seye von Sinnen
1666 2148 1869 2237 gewesen.
1552 2207 2799 2328 Fr. Ob Er nicht am Morgen frühe in dem Got aufge¬
1642 2276 2718 2410 steßen, und die Fuß über das Bethinab¬
1642 2351 1924 2439 gehänget.
1554 2415 2153 2534 Antladen wiße Er nicht.
1561 2494 2763 2617 Fr. Ob Er am Morgen nicht mit der Mater
1646 2568 1884 2657 geredet:
1565 2619 2795 2733 Antl: Ja. Sie habe ihm Weißenburger Waßer geben¬
1660 2711 2725 2827 welches Er aber nicht trinken wollen, sonder
1645 2785 2291 2904 habe warmes gehenschen.
1563 2850 2762 2975 Fr. Ob die Muter ihn nicht gefragt, warum Er
1667 2914 2782 3030 das Weißenburger Waßer nicht trieben wolle.
2691 3012 2725 3067 .
1554 2974 2689 3111 Antho. Ja, Er habe ihr lediglich gesagt, Er habe
1641 3064 2697 3159 seine Zeiten wieder bekommen, weilen Es
1654 3131 2767 3207 wegen denen vielen Leuten, so in der Stuben
1639 3195 2768 3315 gewesen, nicht offenbahren dörfen, was ihme
1655 3258 2026 3352 begegnet seyn.
1666 3304 2709 3434 Ob die Muter ihm darauf nicht erwiederet, die
1522 3325 1645 3437 Spr.
1651 3384 2566 3503 glaube nicht, daß Er seine Zeiten habe.
2572 3435 2701 3536 Antli¬
2812 1519 2849 1592 .
