3024 4032
226 307 338 402 387.
689 272 1041 390 Anric
481 394 1260 530 Copia Schreibend
360 487 1457 675 von Meine gnädigen Herren schulthiß Sierler von zun
867 590 962 652 an
370 603 1452 755 Mullehl. Pfarherrn Delosea zu Ratenwyl.
393 691 1184 837 WohlEhrendiger Herr
303 757 368 863 E
297 793 1418 958 me Dienstmagd und Koch, von Matenbyl
346 873 1427 1029 gebürtig, namens Anneli 1. deren Samen
360 953 1422 1068 mir nicht mehr bekant. Selbe ist bey mir eine
345 1019 1446 1157 Zeit von 8. oder 9. Jahren in dieser qualiter
345 1090 1414 1207 gestanden, ein ansehnliches Mensch und von
361 1175 1440 1287 allen seinen angehörigen wohl bekant, wie
352 1220 1389 1343 dann ein solches durch deren Besuch wohl
341 1290 814 1380 bemerken könnens
976 1307 1424 1418 dieser Mensche
339 1353 1428 1485 nun hat sich durch einen vertraulichen Um¬
339 1423 1425 1569 gang mit meines Sohns Knecht, der nemmehr
336 1502 1414 1631 in Holland seit 4. Monaten seinem Herrn
343 1565 1418 1695 nachgefolget sehr verdächtig gemachet, als
330 1630 1391 1764 ob Er schwängeren Leibes seye, diesen
322 1702 1436 1826 Verdacht hat Er noch vermehret durch einen
328 1783 1426 1908 niedergeschlagenen Richt und öftere Concul¬
316 1856 1413 1976 tationen bey den Operatoren, ja bey dem
309 1919 1400 2042 Scharfrichter selbst, mit Vorweisung seines
324 1990 1399 2122 Waßers, ohne Zweifel ward Er denenselben
884 2071 943 2129 lat
310 2058 1374 2195 Mitel abgeforderet, einmal seit einem
307 2136 1406 2259 Monat daher, hat es sich immer krank darge¬
316 2199 1324 2308 stellet und seine geschwollene Sein zum
320 2274 1411 2400 Vorwurf gehabt, bis Er endlich letzten Sontag
313 2346 1385 2476 den 2ten dies, den Entschluß gefaßet, sich
318 2422 1408 2537 nacher Haus zu begeben, und nachwerts
317 2492 1357 2593 von dar in das Baad zum Geringel zu
320 2563 605 2661 verfügen
712 2562 1393 2670 Dieser so schleunige Abtrit
607 2570 698 2648 b
310 2631 1366 2740 und alle die obwaltenden Umstand, haben
316 2695 1429 2820 bey mir den Verdacht erweket, daß Er wohl
316 2773 1415 2901 möchte eine Schwängerschaft seyn, und damit
320 2844 1423 2960 allein etwa besorgenden Übel und Unglück
318 2906 1402 3023 könte in Zeiten vorgebogen werden, so habe
316 2963 1437 3101 meiner Schuldigkeit zu sagen geglaubt einen die H
312 3038 1370 3172 deßen zu advisiren, und auf dieses Mensch
318 3106 1346 3210 durch die dortige Erbarkeit ein genaues
318 3166 1052 3270 Nachbares Anger zu halten.
346 3236 1396 3344 Bey diesem allem ist nicht unmöglich, daß
325 3295 1409 3413 voelleicht dieser Verdacht übel gegründet seyn.
318 3367 1366 3436 mag, und wann ich denselben bey seinem
320 3418 1370 3550 da seyn gehabt hate, so hätte ihne darüber
1575 469 1623 573 .
2696 344 2823 424 388.
1906 336 2303 442 Dahler.
1672 412 2819 552 dauber befragen laßen. Allein Er hätte es immer ver¬
1661 492 1850 571 laugnet.
1662 533 2805 642 Mann Mhhl. dieſes Menſch in das Examen nemmen,
1665 603 2797 705 der besorgen laßen wird, daß von mir oder meiner
1654 655 2753 760 Frauen durch neün Zaun kein Wort Meldung
1645 705 2770 814 geschehe auch des Menschen reputation nicht in
1648 768 2746 877 Gefahr zu setzen, so daß meines behalts das
1642 833 2750 940 beste seyn würde, bey habender Gelegenheit
1644 892 2764 997 daßselbe in geheim zu examinieren, was an der
1633 945 2750 1067 Sach seye, in bekennendem oder ablaugnenden
1623 1010 2755 1132 Fall, durch zwey beeydigte Männer, ohne daß
1642 1074 2768 1203 Er die wenigste Notiz davon haben solte, oder
1648 1128 2803 1262 merken könne, eine genaue Aufsicht zu halten,
1632 1217 2799 1325 und wan̄ Es seinem gegebenen Vorgeben nach¬
1644 1251 2821 1366 etwan wieder hieher zu begeben, oder anders¬
1614 1348 2814 1461 hor sich verfügen solte, mich deßen fürderlichst
1614 1404 2820 1532 zu berichten, um so darfender, als es vor seiner
1636 1472 2767 1584 Abreit mich versicheret, daß es in Zeit von 8.
1644 1545 2819 1632 oder 10. Tagen, sich alhier wieder einstellen werde
1620 1609 2812 1740 Ich depraecire andurch dero aufgetragene Mühe,
1640 1693 2740 1805 walt und versichere Ihne Eingegen, meiner
1627 1755 2785 1864 wahren aufrichtigen dienstbegierd. Wormit in
1634 1835 2795 1939 Erwartung des Erfolgs die Ehre habe zu verbleiben
1799 1899 2390 2039 Mrschlaher Pfarherrn
2193 1991 2734 2081 bereitwilliger Diener
1567 1998 1899 2100 Bern den 28ten
1572 2077 1850 2181 July 1770.
2007 2049 2670 2185 Sigl. J. Rod. Stürler
2194 2129 2728 2240 alt Schultz von Thun.
1812 2261 2605 2511 depuis laborationis
2107 2448 2213 2523 von
1627 2471 2783 2609 Mübel H. Pfarherrn Delosee zu Watenwyl,
2116 2572 2211 2622 an
1611 2563 2707 2720 Min gnädigen Großweibel Berger.
1635 2659 2355 2821 HochEdelgebohrner
2099 2744 2752 2901 Hochgeehrter Herr
1626 2776 1691 2928 3
1611 2860 2796 3001 Dem dero Helgbl. Befehl zu gehorchen habe
1626 2944 2803 3070 die Ehre beyliegend in Originale zu überstenden,
1612 3019 2800 3100 den an mich adressirten Brief von Meinen gnädige Herren Schelt,
1605 3080 2699 3200 heiß Stürler von Thun, als den Anlas und
1614 3153 2776 3271 Grund aller meiner darauf folgenden Verrich¬
1608 3222 2624 3325 tungen betreffend die Zusanna Bähler.
1610 3285 2790 3390 Ich befande mich selbst zu Bern, als dieser Brief
1614 3356 2753 3475 mir in meiner ausgetretenen Bruders Haus
1618 3417 2746 3551 ist übergeben worden. Kaum hate ich ihm
