<?xml version="1.0" encoding="UTF-8" standalone="yes"?>
<PcGts xmlns="http://schema.primaresearch.org/PAGE/gts/pagecontent/2013-07-15" xmlns:xsi="http://www.w3.org/2001/XMLSchema-instance" xsi:schemaLocation="http://schema.primaresearch.org/PAGE/gts/pagecontent/2013-07-15 http://schema.primaresearch.org/PAGE/gts/pagecontent/2013-07-15/pagecontent.xsd">
    <Metadata>
        <Creator>prov=University of Rostock/Institute of Mathematics/CITlab|PLANET AI GmbH/Gundram Leifert/gundram.leifert@planet-ai.de:name=German_Kurrent_XVI-XVIII_M5.4(htr_id=38771)::::v=2.6.7
prov=University of Rostock/Institute of Mathematics/CITlab|PLANET AI GmbH/Tobias Gruening/tobias.gruening@planet-ai.de:name=de.uros.citlab.module.baseline2polygon.B2PSeamMultiOriented:v=2.6.7
prov=University of Rostock/Institute of Mathematics/CITlab|PLANET AI GmbH/Tobias Gruening/tobias.gruening@planet-ai.de:name=/net_tf/LA73_249_0mod360.pb:de.uros.citlab.segmentation.CITlab_LA_ML:v=2.6.7
Transkribus</Creator>
        <Created>2022-06-16T10:54:17.049+02:00</Created>
        <LastChange>2022-09-12T15:43:06.193+02:00</LastChange>
        <TranskribusMetadata docId="1334854" pageId="52362945" pageNr="11" tsid="114644836" status="IN_PROGRESS" userId="9570" imgUrl="https://files.transkribus.eu/Get?id=AUCFFOARLCWUHKDRAWWAZLDN&amp;fileType=view" xmlUrl="https://files.transkribus.eu/Get?id=HVMCKLWYXGNITLHPNXTKCCHR" imageId="35487301"/>
    </Metadata>
    <Page imageFilename="IMG_8030.jpg" imageWidth="3024" imageHeight="4032">
        <ReadingOrder>
            <OrderedGroup id="ro_1687513590103" caption="Regions reading order">
                <RegionRefIndexed index="0" regionRef="r1"/>
                <RegionRefIndexed index="1" regionRef="r2"/>
                <RegionRefIndexed index="2" regionRef="r3"/>
                <RegionRefIndexed index="3" regionRef="r4"/>
            </OrderedGroup>
        </ReadingOrder>
        <TextRegion orientation="0.0" id="r1" custom="readingOrder {index:0;}">
            <Coords points="99,167 99,332 174,332 174,167"/>
            <TextLine id="r1l1" custom="readingOrder {index:0;}">
                <Coords points="94,294 109,295 121,285 155,294 168,288 176,278 184,277 175,232 123,221 109,211 92,234 84,237"/>
                <Baseline points="99,282 124,273 149,270 174,267"/>
                <TextEquiv>
                    <Unicode>14.</Unicode>
                </TextEquiv>
            </TextLine>
            <TextEquiv>
                <Unicode>14.</Unicode>
            </TextEquiv>
        </TextRegion>
        <TextRegion orientation="0.0" id="r2" custom="readingOrder {index:1;}">
            <Coords points="138,1981 138,2137 222,2137 222,1981"/>
            <TextLine id="r2l1" custom="readingOrder {index:0;}">
                <Coords points="129,2101 138,2103 158,2091 169,2101 181,2100 190,2106 207,2099 216,2104 229,2103 232,2050 206,2047 198,2054 190,2052 180,2056 169,2045 132,2048"/>
                <Baseline points="138,2081 166,2083 194,2084 222,2087"/>
                <TextEquiv>
                    <Unicode>.</Unicode>
                </TextEquiv>
            </TextLine>
            <TextEquiv>
                <Unicode>.</Unicode>
            </TextEquiv>
        </TextRegion>
        <TextRegion orientation="0.0" id="r3" custom="readingOrder {index:2;}">
            <Coords points="254,380 254,3535 1445,3535 1445,380"/>
            <TextLine id="r3l1" custom="readingOrder {index:0;}">
                <Coords points="286,447 415,441 487,486 622,431 821,436 986,480 1391,491 1406,408 1343,431 1192,380 1126,409 1052,366 767,366 659,325 585,360 294,276"/>
                <Baseline points="294,422 349,422 404,423 459,423 514,423 569,423 624,425 679,425 734,426 789,428 844,429 899,431 954,434 1009,437 1064,441 1119,446 1174,452 1229,458 1284,465 1339,473 1395,483"/>
                <TextEquiv>
                    <Unicode>Soll lang, und vermutlich mit einem</Unicode>
                </TextEquiv>
            </TextLine>
            <TextLine id="r3l2" custom="readingOrder {index:1;}">
                <Coords points="287,519 657,524 713,572 810,520 898,574 995,539 1389,575 1423,572 1426,505 709,439 489,488 290,445"/>
                <Baseline points="294,507 350,509 406,510 462,512 518,512 574,512 630,513 686,513 742,514 798,515 855,516 911,518 967,519 1023,522 1079,526 1135,531 1191,535 1247,542 1303,548 1359,557 1416,566"/>
                <TextEquiv>
                    <Unicode>Meßen oder Scheer abgeschnitten wor¬</Unicode>
                </TextEquiv>
            </TextLine>
            <TextLine id="r3l3" custom="readingOrder {index:2;}">
                <Coords points="285,630 406,597 523,647 766,651 860,607 1103,609 1321,674 1429,648 1431,594 1208,589 1160,548 1054,589 984,538 918,582 811,521 715,576 658,525 287,552"/>
                <Baseline points="293,597 349,599 405,599 462,599 518,599 575,600 631,600 688,600 744,600 801,600 857,602 913,603 970,605 1026,608 1083,611 1139,615 1196,620 1252,624 1309,632 1365,639 1422,648"/>
                <TextEquiv>
                    <Unicode>den, nicht unterbeiden wäre. Fer¬</Unicode>
                </TextEquiv>
            </TextLine>
            <TextLine id="r3l4" custom="readingOrder {index:3;}">
                <Coords points="286,718 416,704 488,741 541,705 764,704 881,762 1035,709 1181,774 1257,715 1375,727 1377,650 1309,678 1264,641 1193,680 973,607 766,653 419,610 288,650"/>
                <Baseline points="294,692 347,692 401,690 455,689 508,689 562,687 616,687 669,687 723,687 777,687 831,687 884,689 938,690 992,692 1045,694 1099,696 1153,700 1206,703 1260,708 1314,713 1368,719"/>
                <TextEquiv>
                    <Unicode>wierd siche man, daß deßen Hände</Unicode>
                </TextEquiv>
            </TextLine>
            <TextLine id="r3l5" custom="readingOrder {index:4;}">
                <Coords points="290,801 474,847 529,802 723,787 856,829 957,794 1027,837 1118,784 1321,852 1427,810 1427,760 1266,715 1184,772 989,713 881,762 597,703 488,740 417,704 290,718"/>
                <Baseline points="297,791 353,788 409,786 465,783 521,782 577,781 633,780 689,780 745,780 801,780 858,780 914,782 970,782 1026,783 1082,785 1138,788 1194,789 1250,792 1306,795 1362,798 1419,801"/>
                <TextEquiv>
                    <Unicode>und hüße, wie auch Greist und Bauch</Unicode>
                </TextEquiv>
            </TextLine>
            <TextLine id="r3l6" custom="readingOrder {index:5;}">
                <Coords points="286,911 947,878 1332,944 1426,910 1427,861 1118,784 874,848 713,788 529,803 476,848 287,834"/>
                <Baseline points="293,888 349,885 405,882 461,880 518,878 574,876 630,875 687,873 743,873 799,872 856,873 912,873 968,874 1024,875 1081,878 1137,880 1193,882 1250,886 1306,890 1362,894 1419,899"/>
                <TextEquiv>
                    <Unicode>ganz blau, weis in der Verlesung sich</Unicode>
                </TextEquiv>
            </TextLine>
            <TextLine id="r3l7" custom="readingOrder {index:6;}">
                <Coords points="277,997 766,986 871,1034 990,976 1251,1032 1309,987 1404,1016 1405,934 1255,951 1125,901 859,940 718,896 278,926"/>
                <Baseline points="284,983 339,980 395,977 450,975 506,974 562,972 617,971 673,971 729,971 784,969 840,971 896,971 951,972 1007,974 1063,975 1118,978 1174,980 1230,983 1285,987 1341,991 1397,996"/>
                <TextEquiv>
                    <Unicode>befanden, Eben also befunde sich die</Unicode>
                </TextEquiv>
            </TextLine>
            <TextLine id="r3l8" custom="readingOrder {index:7;}">
                <Coords points="279,1104 1096,1079 1409,1123 1392,1012 1093,1042 935,993 833,1039 602,987 473,1026 280,997"/>
                <Baseline points="287,1077 342,1076 398,1074 454,1073 509,1071 565,1071 621,1070 676,1070 732,1070 788,1070 844,1071 899,1071 955,1073 1011,1074 1066,1076 1122,1078 1178,1080 1233,1083 1289,1086 1345,1089 1401,1094"/>
                <TextEquiv>
                    <Unicode>Ringe, davon ein Stück, welches ins</Unicode>
                </TextEquiv>
            </TextLine>
            <TextLine id="r3l9" custom="readingOrder {index:8;}">
                <Coords points="274,1197 433,1175 544,1238 612,1195 690,1246 820,1192 874,1225 1215,1179 1369,1222 1370,1118 1251,1127 1175,1082 906,1112 786,1074 606,1138 406,1076 275,1104"/>
                <Baseline points="282,1172 336,1172 390,1172 444,1172 498,1172 552,1172 606,1170 660,1170 714,1170 768,1170 822,1170 876,1170 930,1172 984,1173 1038,1173 1092,1175 1146,1178 1200,1181 1254,1183 1308,1187 1362,1191"/>
                <TextEquiv>
                    <Unicode>Waßer geworffen, zu Boden fiele,</Unicode>
                </TextEquiv>
            </TextLine>
            <TextLine id="r3l10" custom="readingOrder {index:9;}">
                <Coords points="269,1311 391,1270 959,1279 1174,1337 1298,1292 1442,1319 1442,1225 1244,1204 880,1236 832,1199 691,1246 596,1195 421,1247 270,1198"/>
                <Baseline points="276,1271 333,1269 391,1269 449,1269 507,1269 565,1268 623,1268 681,1267 739,1266 797,1266 855,1266 912,1266 970,1266 1028,1268 1086,1269 1144,1270 1202,1272 1260,1274 1318,1278 1376,1282 1434,1286"/>
                <TextEquiv>
                    <Unicode>zwey andere aber oben auf schwammen,</Unicode>
                </TextEquiv>
            </TextLine>
            <TextLine id="r3l11" custom="readingOrder {index:10;}">
                <Coords points="258,1400 782,1364 884,1426 1032,1435 1103,1386 1394,1390 1394,1332 1352,1315 1088,1334 965,1280 841,1333 668,1288 521,1323 390,1269 259,1316"/>
                <Baseline points="266,1370 322,1367 378,1365 434,1365 490,1364 546,1362 602,1362 658,1362 714,1362 770,1363 826,1364 882,1365 938,1365 994,1367 1050,1368 1106,1369 1162,1371 1218,1373 1274,1374 1330,1376 1386,1377"/>
                <TextEquiv>
                    <Unicode>und dieser obigen schließen wir,</Unicode>
                </TextEquiv>
            </TextLine>
            <TextLine id="r3l12" custom="readingOrder {index:11;}">
                <Coords points="267,1475 573,1455 715,1516 822,1461 1058,1461 1138,1518 1311,1473 1387,1502 1387,1395 1144,1388 1064,1440 888,1436 783,1364 731,1392 548,1364 476,1416 268,1394"/>
                <Baseline points="275,1464 330,1463 385,1461 440,1460 496,1458 551,1457 606,1457 661,1455 717,1455 772,1455 827,1455 882,1456 938,1457 993,1457 1048,1458 1103,1458 1159,1460 1214,1460 1269,1461 1324,1463 1380,1463"/>
                <TextEquiv>
                    <Unicode>daß das Kind stehen einige Zeit, die</Unicode>
                </TextEquiv>
            </TextLine>
            <TextLine id="r3l13" custom="readingOrder {index:12;}">
                <Coords points="274,1571 483,1593 549,1563 611,1614 719,1561 815,1601 930,1560 1196,1606 1409,1556 1317,1475 1200,1529 1050,1461 736,1525 632,1479 519,1468 394,1517 274,1476"/>
                <Baseline points="282,1562 340,1559 399,1557 458,1554 517,1553 576,1551 635,1550 694,1550 753,1548 812,1548 870,1548 929,1547 988,1547 1047,1547 1106,1548 1165,1548 1224,1550 1283,1550 1342,1551 1401,1553"/>
                <TextEquiv>
                    <Unicode>wir nicht eigentlich beſtimmen können</Unicode>
                </TextEquiv>
            </TextLine>
            <TextLine id="r3l14" custom="readingOrder {index:13;}">
                <Coords points="286,1658 799,1697 954,1646 1042,1684 1169,1643 1431,1663 1431,1626 1339,1589 1248,1612 1043,1563 286,1619"/>
                <Baseline points="294,1656 350,1654 407,1652 463,1650 520,1647 576,1646 633,1646 689,1644 746,1644 802,1643 859,1643 915,1643 972,1643 1028,1643 1085,1643 1141,1644 1198,1644 1254,1644 1311,1644 1367,1644 1424,1644"/>
                <TextEquiv>
                    <Unicode>rre obbemeltem Stuhl Graben gelegen,</Unicode>
                </TextEquiv>
            </TextLine>
            <TextLine id="r3l15" custom="readingOrder {index:14;}">
                <Coords points="280,1805 450,1761 836,1804 902,1745 1022,1742 1271,1793 1407,1756 1406,1661 903,1676 847,1721 478,1655 279,1710"/>
                <Baseline points="287,1754 342,1751 398,1749 453,1748 509,1745 565,1743 620,1743 676,1742 732,1742 787,1740 843,1740 899,1740 954,1740 1010,1740 1066,1740 1121,1740 1177,1740 1233,1740 1288,1740 1344,1740 1400,1740"/>
                <TextEquiv>
                    <Unicode>daß es vollkommen zeitig und ausge¬</Unicode>
                </TextEquiv>
            </TextLine>
            <TextLine id="r3l16" custom="readingOrder {index:15;}">
                <Coords points="285,1895 348,1915 443,1855 654,1833 984,1892 1203,1833 1366,1875 1450,1846 1449,1776 1226,1801 1121,1757 1041,1810 961,1760 890,1811 702,1772 536,1819 357,1771 284,1812"/>
                <Baseline points="291,1850 348,1847 406,1844 463,1842 521,1841 578,1839 636,1838 693,1838 751,1836 808,1836 866,1836 924,1836 981,1835 1039,1835 1096,1835 1154,1834 1211,1833 1269,1833 1326,1832 1384,1830 1442,1829"/>
                <TextEquiv>
                    <Unicode>tragen gewesen, durch Mangel nöthi¬</Unicode>
                </TextEquiv>
            </TextLine>
            <TextLine id="r3l17" custom="readingOrder {index:16;}">
                <Coords points="267,1993 419,1936 513,1972 660,1948 745,2001 935,1938 1372,1951 1446,1942 1445,1864 1276,1878 1202,1834 928,1916 825,1838 658,1868 534,1839 388,1926 265,1905"/>
                <Baseline points="273,1949 331,1947 389,1945 447,1944 506,1943 564,1941 622,1940 681,1938 739,1938 797,1937 856,1935 914,1935 972,1934 1030,1932 1089,1931 1147,1929 1205,1928 1264,1928 1322,1925 1380,1923 1439,1922"/>
                <TextEquiv>
                    <Unicode>iger Stelfte und fernerer Verwahrlo¬</Unicode>
                </TextEquiv>
            </TextLine>
            <TextLine id="r3l18" custom="readingOrder {index:17;}">
                <Coords points="285,2108 411,2109 454,2070 553,2101 643,2049 792,2097 993,2033 1268,2045 1365,2013 1364,1965 1263,1931 1185,1964 985,1947 856,2005 623,1970 476,2021 370,1959 282,2021"/>
                <Baseline points="290,2045 343,2045 396,2043 450,2043 503,2042 557,2040 610,2040 663,2039 717,2037 770,2036 824,2034 877,2033 930,2031 984,2030 1037,2028 1091,2027 1144,2025 1197,2023 1251,2021 1304,2019 1358,2018"/>
                <TextEquiv>
                    <Unicode>stung nothwendig habe sterben</Unicode>
                </TextEquiv>
            </TextLine>
            <TextLine id="r3l19" custom="readingOrder {index:18;}">
                <Coords points="283,2153 378,2142 421,2175 483,2182 569,2142 680,2168 678,2091 653,2099 632,2086 596,2114 528,2089 487,2093 460,2067 411,2109 339,2096 282,2109"/>
                <Baseline points="290,2144 315,2144 340,2144 366,2142 391,2141 417,2141 442,2139 468,2139 493,2138 519,2137 544,2136 570,2136 595,2136 621,2136 646,2138 672,2139"/>
                <TextEquiv>
                    <Unicode>müßen.</Unicode>
                </TextEquiv>
            </TextLine>
            <TextLine id="r3l20" custom="readingOrder {index:19;}">
                <Coords points="248,2304 341,2258 480,2313 601,2256 821,2256 866,2291 1277,2237 1338,2279 1434,2245 1433,2176 1270,2154 1130,2196 1019,2160 945,2211 757,2224 508,2170 351,2229 246,2188"/>
                <Baseline points="254,2262 312,2261 371,2259 429,2259 488,2258 547,2258 605,2256 664,2256 723,2256 781,2255 840,2255 899,2253 957,2253 1016,2252 1075,2250 1133,2249 1192,2246 1251,2244 1309,2241 1368,2238 1427,2235"/>
                <TextEquiv>
                    <Unicode>deß tags hernach, als den 11ten Mari</Unicode>
                </TextEquiv>
            </TextLine>
            <TextLine id="r3l21" custom="readingOrder {index:20;}">
                <Coords points="276,2392 420,2346 545,2395 674,2340 785,2389 883,2351 931,2380 988,2333 1200,2338 1256,2381 1324,2329 1396,2337 1395,2275 966,2254 864,2290 829,2257 608,2255 493,2315 341,2260 274,2291"/>
                <Baseline points="282,2349 337,2348 392,2346 447,2346 503,2345 558,2344 613,2343 669,2342 724,2341 779,2340 835,2339 890,2337 945,2336 1000,2334 1056,2333 1111,2331 1166,2330 1222,2328 1277,2327 1332,2324 1388,2321"/>
                <TextEquiv>
                    <Unicode>Vormittags zwischen 9. und 10 Uhr¬</Unicode>
                </TextEquiv>
            </TextLine>
            <TextLine id="r3l22" custom="readingOrder {index:21;}">
                <Coords points="260,2451 523,2476 648,2434 1069,2421 1277,2450 1389,2425 1388,2366 989,2333 920,2389 675,2342 538,2395 258,2388"/>
                <Baseline points="267,2447 322,2444 378,2442 434,2439 490,2438 545,2435 601,2435 657,2433 713,2432 768,2430 824,2429 880,2427 936,2426 991,2424 1047,2423 1103,2421 1159,2420 1214,2417 1270,2415 1326,2412 1382,2409"/>
                <TextEquiv>
                    <Unicode>besuchten Wir die in Ir Gnaden</Unicode>
                </TextEquiv>
            </TextLine>
            <TextLine id="r3l23" custom="readingOrder {index:22;} organization {offset:0; length:7;} person {offset:28; length:5; continued:true;}">
                <Coords points="249,2589 304,2548 402,2579 728,2518 879,2573 984,2510 1104,2565 1199,2514 1398,2500 1396,2448 1069,2421 999,2459 843,2427 793,2469 694,2440 566,2483 393,2444 244,2465"/>
                <Baseline points="254,2540 310,2537 367,2534 424,2531 481,2529 538,2526 595,2525 651,2523 708,2520 765,2519 822,2517 879,2515 936,2513 993,2511 1049,2510 1106,2507 1163,2505 1220,2503 1277,2501 1334,2498 1391,2495"/>
                <TextEquiv>
                    <Unicode>Spitahl in Verhafft sizende Maria</Unicode>
                </TextEquiv>
            </TextLine>
            <TextLine id="r3l24" custom="readingOrder {index:23;} person {offset:0; length:5; continued:true;} place {offset:32; length:7; continued:true;}">
                <Coords points="260,2659 392,2676 518,2618 735,2663 786,2619 1191,2592 1290,2624 1440,2579 1438,2542 1334,2502 1104,2565 1001,2510 880,2573 765,2521 679,2574 559,2535 256,2585"/>
                <Baseline points="266,2639 324,2636 382,2633 441,2630 499,2627 557,2624 616,2620 674,2618 732,2615 791,2610 849,2607 907,2604 966,2600 1024,2597 1082,2594 1141,2589 1199,2586 1257,2582 1316,2578 1374,2573 1433,2570"/>
                <TextEquiv>
                    <Unicode>Ruigi, so 18. Jahr alt, und von Schwart</Unicode>
                </TextEquiv>
            </TextLine>
            <TextLine id="r3l25" custom="readingOrder {index:24;} place {offset:0; length:7; continued:true;}">
                <Coords points="272,2758 364,2721 536,2769 598,2723 1037,2684 1237,2738 1316,2681 1453,2669 1450,2615 1389,2593 1232,2653 785,2620 736,2663 451,2638 268,2679"/>
                <Baseline points="278,2720 336,2719 394,2718 453,2717 511,2715 569,2714 628,2712 686,2709 744,2706 803,2704 861,2701 919,2697 978,2694 1036,2690 1094,2686 1153,2681 1211,2677 1269,2672 1328,2667 1386,2663 1445,2657"/>
                <TextEquiv>
                    <Unicode>genburg gebürtig seyn soll, nach vor¬</Unicode>
                </TextEquiv>
            </TextLine>
            <TextLine id="r3l26" custom="readingOrder {index:25;}">
                <Coords points="258,2869 319,2822 375,2851 716,2799 925,2830 1096,2785 1279,2803 1402,2771 1399,2711 1245,2745 1114,2690 874,2763 685,2714 561,2789 254,2797"/>
                <Baseline points="263,2822 319,2821 376,2819 432,2817 489,2815 546,2813 602,2810 659,2807 715,2804 772,2801 829,2797 885,2794 942,2791 998,2787 1055,2783 1112,2780 1168,2775 1225,2772 1281,2768 1338,2765 1395,2762"/>
                <TextEquiv>
                    <Unicode>genom̅enen Suitation fanden, wie</Unicode>
                </TextEquiv>
            </TextLine>
            <TextLine id="r3l27" custom="readingOrder {index:26;}">
                <Coords points="269,2927 810,2925 848,2893 1445,2861 1442,2815 1149,2789 1099,2830 1030,2792 979,2842 846,2853 760,2817 265,2861"/>
                <Baseline points="276,2919 334,2918 392,2916 450,2913 508,2912 566,2909 624,2907 682,2904 740,2901 798,2897 856,2894 914,2891 972,2886 1030,2882 1088,2877 1146,2874 1204,2868 1262,2864 1320,2859 1378,2854 1436,2849"/>
                <TextEquiv>
                    <Unicode>deroselben Greiste etwas aufgetrieben,</Unicode>
                </TextEquiv>
            </TextLine>
            <TextLine id="r3l28" custom="readingOrder {index:27;}">
                <Coords points="271,3037 416,3022 520,3081 663,3016 1407,2982 1404,2924 1192,2873 1074,2940 849,2894 813,2926 265,2929"/>
                <Baseline points="278,3017 334,3015 390,3015 446,3014 502,3011 558,3009 614,3007 670,3003 726,3001 782,2998 838,2994 894,2990 950,2987 1006,2982 1062,2977 1118,2973 1174,2968 1230,2964 1286,2960 1342,2955 1398,2951"/>
                <TextEquiv>
                    <Unicode>und durch das Brucken derselben</Unicode>
                </TextEquiv>
            </TextLine>
            <TextLine id="r3l29" custom="readingOrder {index:28;}">
                <Coords points="275,3127 478,3145 540,3109 615,3165 698,3107 838,3141 964,3083 1142,3107 1418,3063 1414,2995 1292,2984 1207,3026 1060,2991 927,3033 789,3007 668,3080 413,3095 331,3040 272,3072"/>
                <Baseline points="282,3114 338,3114 394,3114 451,3112 507,3110 564,3108 620,3107 676,3103 733,3099 789,3097 846,3093 902,3088 958,3084 1015,3080 1071,3074 1128,3069 1184,3064 1240,3058 1297,3051 1353,3046 1410,3039"/>
                <TextEquiv>
                    <Unicode>komen einige Tropfen diese Milche</Unicode>
                </TextEquiv>
            </TextLine>
            <TextLine id="r3l30" custom="readingOrder {index:29;} person {offset:5; length:9;}">
                <Coords points="264,3251 432,3207 596,3270 764,3202 884,3244 963,3180 1129,3199 1411,3147 1312,3072 1192,3132 1036,3094 732,3182 564,3117 439,3169 257,3122"/>
                <Baseline points="269,3212 325,3210 382,3210 439,3209 495,3207 552,3206 609,3204 665,3203 722,3200 779,3197 836,3194 892,3191 949,3187 1006,3183 1062,3178 1119,3174 1176,3168 1232,3162 1289,3157 1346,3150 1403,3143"/>
                <TextEquiv>
                    <Unicode>Hern Vorschein, noch fernerer Ge¬</Unicode>
                </TextEquiv>
            </TextLine>
            <TextLine id="r3l31" custom="readingOrder {index:30;}">
                <Coords points="276,3368 368,3384 475,3330 541,3363 630,3298 1131,3311 1439,3229 1435,3165 967,3183 865,3263 702,3229 596,3270 438,3206 268,3249"/>
                <Baseline points="279,3309 336,3308 394,3306 451,3305 509,3303 567,3302 624,3300 682,3298 739,3296 797,3294 855,3290 912,3287 970,3284 1027,3279 1085,3274 1143,3269 1200,3263 1258,3256 1315,3249 1373,3240 1431,3231"/>
                <TextEquiv>
                    <Unicode>richtigung zeigte sich ihr hembd, wie</Unicode>
                </TextEquiv>
            </TextLine>
            <TextLine id="r3l32" custom="readingOrder {index:31;}">
                <Coords points="291,3487 552,3403 1003,3419 1094,3379 1243,3411 1390,3378 1443,3340 1440,3280 1261,3266 1007,3348 911,3288 826,3342 630,3298 542,3363 284,3371"/>
                <Baseline points="294,3413 351,3410 408,3408 465,3407 522,3404 579,3402 636,3400 693,3398 750,3395 807,3393 865,3389 922,3386 979,3381 1036,3378 1093,3373 1150,3369 1207,3363 1264,3357 1321,3351 1378,3344 1436,3336"/>
                <TextEquiv>
                    <Unicode>auch der Unter Koch oder Woltheils</Unicode>
                </TextEquiv>
            </TextLine>
            <TextLine id="r3l33" custom="readingOrder {index:32;}">
                <Coords points="1059,3529 1133,3534 1160,3516 1203,3545 1214,3537 1256,3540 1248,3439 1208,3431 1153,3482 1125,3481 1078,3457 1054,3460"/>
                <Baseline points="1065,3513 1090,3513 1116,3510 1142,3509 1167,3505 1193,3503 1219,3503 1245,3504"/>
                <TextEquiv>
                    <Unicode>mit e</Unicode>
                </TextEquiv>
            </TextLine>
            <TextEquiv>
                <Unicode>Soll lang, und vermutlich mit einem
Meßen oder Scheer abgeschnitten wor¬
den, nicht unterbeiden wäre. Fer¬
wierd siche man, daß deßen Hände
und hüße, wie auch Greist und Bauch
ganz blau, weis in der Verlesung sich
befanden, Eben also befunde sich die
Ringe, davon ein Stück, welches ins
Waßer geworffen, zu Boden fiele,
zwey andere aber oben auf schwammen,
und dieser obigen schließen wir,
daß das Kind stehen einige Zeit, die
wir nicht eigentlich beſtimmen können
rre obbemeltem Stuhl Graben gelegen,
daß es vollkommen zeitig und ausge¬
tragen gewesen, durch Mangel nöthi¬
iger Stelfte und fernerer Verwahrlo¬
stung nothwendig habe sterben
müßen.
deß tags hernach, als den 11ten Mari
Vormittags zwischen 9. und 10 Uhr¬
besuchten Wir die in Ir Gnaden
Spitahl in Verhafft sizende Maria
Ruigi, so 18. Jahr alt, und von Schwart
genburg gebürtig seyn soll, nach vor¬
genom̅enen Suitation fanden, wie
deroselben Greiste etwas aufgetrieben,
und durch das Brucken derselben
komen einige Tropfen diese Milche
Hern Vorschein, noch fernerer Ge¬
richtigung zeigte sich ihr hembd, wie
auch der Unter Koch oder Woltheils
mit e</Unicode>
            </TextEquiv>
        </TextRegion>
        <TextRegion orientation="0.0" id="r4" custom="readingOrder {index:3;}">
            <Coords points="1640,262 1640,3616 2828,3616 2828,262"/>
            <TextLine id="r4l1" custom="readingOrder {index:0;}">
                <Coords points="2732,359 2740,360 2746,355 2758,359 2772,351 2791,355 2796,351 2812,359 2819,368 2829,369 2841,276 2822,278 2805,259 2795,255 2759,258 2755,253 2747,253"/>
                <Baseline points="2747,306 2774,309 2801,311 2828,318"/>
                <TextEquiv>
                    <Unicode>2.</Unicode>
                </TextEquiv>
            </TextLine>
            <TextLine id="r4l2" custom="readingOrder {index:1;}">
                <Coords points="1685,540 1783,503 2422,508 2474,555 2571,494 2832,502 2831,402 2610,448 2163,401 2064,442 1684,443"/>
                <Baseline points="1691,500 1747,498 1804,498 1861,498 1917,498 1974,498 2031,500 2087,500 2144,501 2201,501 2258,503 2314,503 2371,503 2428,501 2484,501 2541,499 2598,497 2654,494 2711,491 2768,485 2825,479"/>
                <TextEquiv>
                    <Unicode>mit getrocknetem Gebluet sehr befle¬</Unicode>
                </TextEquiv>
            </TextLine>
            <TextLine id="r4l3" custom="readingOrder {index:2;}">
                <Coords points="1678,594 1866,585 1915,623 2044,579 2167,634 2253,588 2484,570 2590,613 2820,567 2809,528 2568,495 2475,555 2423,508 2331,547 1823,505 1678,541"/>
                <Baseline points="1686,585 1742,581 1798,579 1855,576 1911,575 1967,575 2024,573 2080,573 2136,573 2193,573 2249,573 2305,575 2362,575 2418,575 2474,575 2531,574 2587,573 2643,572 2700,570 2756,567 2813,563"/>
                <TextEquiv>
                    <Unicode>ibet, die Haut an gemelter Gefange¬</Unicode>
                </TextEquiv>
            </TextLine>
            <TextLine id="r4l4" custom="readingOrder {index:3;}">
                <Coords points="1676,685 1815,662 1942,720 2100,654 2741,679 2817,663 2816,591 2641,634 2392,577 2287,633 2167,635 2056,585 1914,623 1839,586 1772,640 1675,642"/>
                <Baseline points="1683,663 1739,661 1795,658 1852,657 1908,654 1964,654 2021,653 2077,653 2133,653 2190,653 2246,653 2302,653 2359,651 2415,651 2471,651 2528,650 2584,650 2640,648 2697,647 2753,644 2810,641"/>
                <TextEquiv>
                    <Unicode>mnen Rauch wäre mit kuntlen eins blei¬</Unicode>
                </TextEquiv>
            </TextLine>
            <TextLine id="r4l5" custom="readingOrder {index:4;}">
                <Coords points="1664,772 1951,740 2106,787 2280,736 2374,772 2464,734 2787,736 2787,691 2343,655 2062,713 1939,722 1844,677 1770,722 1663,717"/>
                <Baseline points="1670,749 1725,744 1781,741 1836,739 1892,737 1947,736 2003,735 2058,734 2114,734 2169,734 2225,734 2280,734 2336,734 2391,734 2447,734 2502,732 2558,732 2613,729 2669,728 2724,725 2780,722"/>
                <TextEquiv>
                    <Unicode>den Strennen behaftet, das Gerinaeum</Unicode>
                </TextEquiv>
            </TextLine>
            <TextLine id="r4l6" custom="readingOrder {index:5;}">
                <Coords points="1674,871 1824,895 1970,814 2095,876 2368,821 2600,880 2811,810 2810,748 2311,758 2258,799 1909,743 1672,804"/>
                <Baseline points="1680,831 1736,829 1792,827 1848,825 1904,824 1961,822 2017,822 2073,822 2129,822 2185,822 2242,822 2298,821 2354,821 2410,821 2466,819 2523,818 2579,816 2635,812 2691,808 2747,804 2804,800"/>
                <TextEquiv>
                    <Unicode>oder Grüt zwischen der Scham und Uster</Unicode>
                </TextEquiv>
            </TextLine>
            <TextLine id="r4l7" custom="readingOrder {index:6;}">
                <Coords points="1681,936 1873,911 2141,971 2366,919 2474,957 2778,873 2550,881 2366,821 2293,872 2213,845 2094,875 1971,817 1831,893 1680,863"/>
                <Baseline points="1688,911 1742,911 1796,911 1850,911 1904,912 1958,912 2012,914 2067,914 2121,914 2175,914 2229,914 2283,913 2337,912 2391,911 2446,909 2500,907 2554,905 2608,901 2662,897 2716,892 2771,887"/>
                <TextEquiv>
                    <Unicode>wäre etwas schlage, der Eingang in</Unicode>
                </TextEquiv>
            </TextLine>
            <TextLine id="r4l8" custom="readingOrder {index:7;}">
                <Coords points="1678,1028 1845,1006 1926,1051 2039,1003 2111,1033 2304,1004 2490,1045 2636,993 2824,992 2823,924 2778,912 2626,958 2525,918 2474,957 2302,923 2139,973 2102,939 1677,932"/>
                <Baseline points="1685,1002 1741,1001 1798,999 1854,999 1911,999 1967,999 2024,999 2080,999 2137,999 2193,999 2250,999 2307,999 2363,998 2420,998 2476,996 2533,994 2589,992 2646,989 2702,986 2759,982 2816,977"/>
                <TextEquiv>
                    <Unicode>die Mutterscheide samt eben dieser Muter</Unicode>
                </TextEquiv>
            </TextLine>
            <TextLine id="r4l9" custom="readingOrder {index:8;}">
                <Coords points="1662,1154 1857,1099 2636,1103 2794,1083 2793,1037 2260,1019 2072,1075 1842,1021 1658,1029"/>
                <Baseline points="1667,1098 1723,1097 1779,1097 1835,1095 1891,1095 1947,1094 2003,1094 2059,1094 2115,1092 2171,1092 2227,1091 2283,1090 2339,1089 2395,1086 2451,1085 2507,1083 2563,1080 2619,1076 2675,1072 2731,1067 2787,1062"/>
                <TextEquiv>
                    <Unicode>Scheide wären zimlich erweiteret, und</Unicode>
                </TextEquiv>
            </TextLine>
            <TextLine id="r4l10" custom="readingOrder {index:9;}">
                <Coords points="1676,1235 2156,1187 2320,1235 2371,1198 2439,1224 2657,1160 2812,1169 2795,1105 2385,1141 2102,1089 1949,1132 1857,1099 1674,1162"/>
                <Baseline points="1682,1190 1738,1189 1794,1188 1850,1187 1906,1185 1962,1184 2018,1184 2074,1182 2130,1181 2186,1180 2243,1179 2299,1178 2355,1176 2411,1173 2467,1172 2523,1170 2579,1167 2635,1163 2691,1160 2747,1157 2804,1152"/>
                <TextEquiv>
                    <Unicode>die Offerung der Muter selbst noch nicht</Unicode>
                </TextEquiv>
            </TextLine>
            <TextLine id="r4l11" custom="readingOrder {index:10;}">
                <Coords points="1676,1318 1794,1339 1885,1283 2007,1342 2085,1285 2259,1273 2391,1323 2457,1284 2784,1257 2795,1183 2712,1162 2592,1237 2378,1197 2317,1242 2209,1200 1991,1260 1919,1199 1834,1205 1762,1269 1673,1238"/>
                <Baseline points="1682,1290 1737,1287 1792,1284 1848,1283 1903,1281 1958,1279 2014,1277 2069,1276 2124,1274 2180,1272 2235,1271 2290,1269 2346,1268 2401,1266 2456,1264 2512,1262 2567,1260 2622,1257 2678,1255 2733,1251 2789,1248"/>
                <TextEquiv>
                    <Unicode>geschloßen, sondern weich uns offen</Unicode>
                </TextEquiv>
            </TextLine>
            <TextLine id="r4l12" custom="readingOrder {index:11;}">
                <Coords points="1661,1429 1876,1453 2053,1368 2178,1424 2274,1384 2345,1424 2459,1376 2823,1361 2822,1312 2756,1275 2401,1322 2348,1284 2225,1321 2101,1285 1963,1357 1849,1298 1658,1367"/>
                <Baseline points="1667,1394 1724,1391 1781,1388 1839,1385 1896,1383 1954,1380 2011,1377 2069,1375 2126,1373 2184,1371 2241,1368 2298,1367 2356,1364 2413,1362 2471,1361 2528,1358 2586,1356 2643,1353 2701,1351 2758,1349 2816,1346"/>
                <TextEquiv>
                    <Unicode>zu fühlen. Übrigens hat die Gefan¬</Unicode>
                </TextEquiv>
            </TextLine>
            <TextLine id="r4l13" custom="readingOrder {index:12;}">
                <Coords points="1665,1547 1915,1481 2297,1523 2388,1468 2797,1455 2795,1399 2654,1366 2527,1415 2343,1423 2271,1385 2014,1456 1662,1450"/>
                <Baseline points="1670,1487 1728,1485 1787,1484 1846,1481 1905,1479 1964,1478 2023,1475 2082,1473 2141,1472 2200,1469 2258,1467 2317,1464 2376,1463 2435,1460 2494,1458 2553,1455 2612,1454 2671,1451 2730,1448 2789,1445"/>
                <TextEquiv>
                    <Unicode>wgene eine sehr gute farb im Ange¬</Unicode>
                </TextEquiv>
            </TextLine>
            <TextLine id="r4l14" custom="readingOrder {index:13;}">
                <Coords points="1658,1637 2201,1559 2386,1584 2446,1555 2533,1600 2766,1542 2765,1511 2630,1523 2553,1474 2350,1535 2222,1496 2000,1527 1946,1491 1722,1509 1655,1550"/>
                <Baseline points="1664,1587 1718,1584 1773,1581 1828,1578 1883,1577 1937,1574 1992,1572 2047,1571 2102,1568 2156,1566 2211,1564 2266,1562 2321,1560 2375,1557 2430,1556 2485,1554 2540,1551 2594,1548 2649,1546 2704,1543 2759,1539"/>
                <TextEquiv>
                    <Unicode>sicht, und scheinet wegenwärtig von</Unicode>
                </TextEquiv>
            </TextLine>
            <TextLine id="r4l15" custom="readingOrder {index:14;}">
                <Coords points="1670,1701 1907,1710 2014,1668 2153,1730 2231,1691 2462,1714 2790,1676 2787,1611 2673,1563 2485,1619 2414,1573 2197,1563 2114,1601 1977,1586 1866,1650 1806,1616 1668,1651"/>
                <Baseline points="1676,1683 1731,1682 1786,1678 1841,1676 1897,1674 1952,1671 2007,1670 2062,1667 2118,1664 2173,1662 2228,1660 2283,1658 2339,1655 2394,1653 2449,1651 2504,1649 2560,1646 2615,1643 2670,1640 2725,1637 2781,1635"/>
                <TextEquiv>
                    <Unicode>anderen Krankheiten gantz frey</Unicode>
                </TextEquiv>
            </TextLine>
            <TextLine id="r4l16" custom="readingOrder {index:15;}">
                <Coords points="1940,1796 1950,1796 1953,1793 1956,1795 1965,1789 1972,1789 1972,1685 1964,1683 1959,1685 1955,1680 1947,1686 1940,1686"/>
                <Baseline points="1947,1766 1965,1766"/>
                <TextEquiv>
                    <Unicode>d</Unicode>
                </TextEquiv>
            </TextLine>
            <TextLine id="r4l17" custom="readingOrder {index:16;}">
                <Coords points="1658,1808 1688,1787 1709,1783 1730,1793 1742,1780 1757,1784 1777,1766 1810,1785 1845,1768 1884,1793 1935,1762 1935,1750 1854,1748 1818,1717 1795,1734 1739,1728 1697,1701 1655,1713"/>
                <Baseline points="1665,1776 1691,1775 1717,1773 1743,1772 1770,1772 1796,1770 1822,1770 1849,1769 1875,1768 1901,1767 1928,1766"/>
                <TextEquiv>
                    <Unicode>zuvern</Unicode>
                </TextEquiv>
            </TextLine>
            <TextLine id="r4l18" custom="readingOrder {index:17;}">
                <Coords points="1633,1898 2173,1864 2247,1918 2548,1853 2664,1907 2734,1848 2818,1859 2817,1793 2460,1748 2284,1793 2045,1745 1824,1848 1631,1808"/>
                <Baseline points="1640,1877 1698,1872 1757,1869 1815,1866 1874,1864 1932,1862 1991,1860 2049,1859 2108,1857 2166,1856 2225,1854 2283,1854 2342,1853 2400,1852 2459,1851 2517,1850 2576,1848 2634,1847 2693,1845 2751,1843 2810,1841"/>
                <TextEquiv>
                    <Unicode>Man aber die Gefangene Uns ange¬</Unicode>
                </TextEquiv>
            </TextLine>
            <TextLine id="r4l19" custom="readingOrder {index:18;}">
                <Coords points="1673,2007 1819,1948 1972,1975 2067,1941 2119,1979 2188,1938 2248,1985 2338,1930 2791,1948 2789,1889 2630,1907 2551,1853 2405,1901 2354,1868 2264,1919 1984,1863 1671,1904"/>
                <Baseline points="1679,1947 1734,1946 1789,1944 1844,1943 1899,1941 1955,1940 2010,1939 2065,1938 2120,1937 2175,1937 2231,1935 2286,1934 2341,1933 2396,1932 2451,1931 2507,1929 2562,1928 2617,1926 2672,1923 2727,1922 2783,1919"/>
                <TextEquiv>
                    <Unicode>zeigt, wie sie erst jetzt ihre Reinigung</Unicode>
                </TextEquiv>
            </TextLine>
            <TextLine id="r4l20" custom="readingOrder {index:19;} person {offset:27; length:12; continued:true;}">
                <Coords points="1661,2098 1858,2034 2521,2012 2613,2044 2779,2013 2667,1927 2350,1985 2198,1947 2021,1996 1889,1946 1659,2011"/>
                <Baseline points="1667,2033 1722,2031 1777,2030 1832,2028 1887,2026 1943,2025 1998,2024 2053,2022 2108,2021 2163,2021 2219,2019 2274,2018 2329,2016 2384,2015 2439,2013 2495,2012 2550,2010 2605,2009 2660,2007 2715,2004 2771,2003"/>
                <TextEquiv>
                    <Unicode>gehabt, item die obgemelte blaue Strei¬</Unicode>
                </TextEquiv>
            </TextLine>
            <TextLine id="r4l21" custom="readingOrder {index:20;} person {offset:0; length:5; continued:true;} place {offset:15; length:6;}">
                <Coords points="1672,2121 1875,2158 1968,2110 2311,2136 2395,2101 2484,2152 2806,2099 2804,2018 2656,2058 1889,2033 1819,2096 1671,2097"/>
                <Baseline points="1679,2117 1737,2115 1796,2113 1855,2111 1914,2110 1973,2109 2032,2108 2091,2106 2150,2106 2209,2105 2267,2103 2326,2102 2385,2100 2444,2099 2503,2097 2562,2095 2621,2092 2680,2089 2739,2086 2798,2082"/>
                <TextEquiv>
                    <Unicode>rinen sich von Tugend auf an ihrem leib</Unicode>
                </TextEquiv>
            </TextLine>
            <TextLine id="r4l22" custom="readingOrder {index:21;}">
                <Coords points="1661,2215 1874,2197 1991,2250 2107,2184 2168,2215 2519,2182 2594,2223 2772,2188 2771,2146 2592,2111 2503,2165 2214,2111 1800,2186 1660,2148"/>
                <Baseline points="1668,2207 1722,2204 1777,2202 1832,2200 1887,2199 1942,2197 1997,2196 2051,2195 2106,2193 2161,2192 2216,2192 2271,2190 2326,2189 2381,2189 2435,2187 2490,2186 2545,2184 2600,2183 2655,2181 2710,2179 2765,2177"/>
                <TextEquiv>
                    <Unicode>Bauch gezeiget, als wird eine fernere</Unicode>
                </TextEquiv>
            </TextLine>
            <TextLine id="r4l23" custom="readingOrder {index:22;}">
                <Coords points="1664,2329 2376,2325 2432,2282 2650,2309 2782,2261 2780,2186 2515,2254 2192,2202 1991,2251 1661,2226"/>
                <Baseline points="1671,2297 1726,2294 1781,2292 1836,2289 1891,2288 1947,2286 2002,2284 2057,2283 2112,2282 2167,2280 2223,2279 2278,2277 2333,2276 2388,2276 2443,2274 2499,2273 2554,2271 2609,2268 2664,2267 2719,2264 2775,2262"/>
                <TextEquiv>
                    <Unicode>Erforschung wohl nöthig seyn, vonn zu</Unicode>
                </TextEquiv>
            </TextLine>
            <TextLine id="r4l24" custom="readingOrder {index:23;}">
                <Coords points="1685,2391 2776,2390 2773,2286 2637,2320 2456,2290 2369,2326 1781,2320 1684,2357"/>
                <Baseline points="1692,2384 1745,2382 1799,2381 1853,2379 1907,2378 1961,2375 2014,2373 2068,2373 2122,2371 2176,2370 2230,2368 2283,2367 2337,2366 2391,2364 2445,2363 2499,2361 2552,2360 2606,2358 2660,2357 2714,2355 2768,2354"/>
                <TextEquiv>
                    <Unicode>stehen, wie alle obbemelte Theile wied</Unicode>
                </TextEquiv>
            </TextLine>
            <TextLine id="r4l25" custom="readingOrder {index:24;}">
                <Coords points="1689,2532 1828,2470 1935,2517 2062,2460 2136,2511 2208,2468 2317,2501 2399,2465 2788,2468 2785,2381 2676,2371 2593,2419 2203,2383 1956,2434 1685,2391"/>
                <Baseline points="1694,2472 1748,2471 1802,2468 1856,2466 1911,2465 1965,2463 2019,2462 2074,2460 2128,2459 2182,2457 2237,2456 2291,2455 2345,2454 2399,2453 2454,2451 2508,2450 2562,2447 2617,2445 2671,2444 2725,2442 2780,2439"/>
                <TextEquiv>
                    <Unicode>Erscheinungen bey verschiedener Zeit</Unicode>
                </TextEquiv>
            </TextLine>
            <TextLine id="r4l26" custom="readingOrder {index:25;}">
                <Coords points="1666,2596 1795,2617 1975,2550 2482,2581 2788,2542 2786,2481 2740,2459 2639,2514 2416,2473 2297,2512 2044,2472 1925,2517 1664,2501"/>
                <Baseline points="1673,2561 1728,2559 1783,2557 1839,2555 1894,2553 1949,2552 2005,2550 2060,2549 2115,2548 2171,2547 2226,2546 2281,2544 2337,2543 2392,2541 2447,2540 2503,2538 2558,2535 2613,2534 2669,2531 2724,2528 2780,2525"/>
                <TextEquiv>
                    <Unicode>sich zeigen werden, und in wie weit</Unicode>
                </TextEquiv>
            </TextLine>
            <TextLine id="r4l27" custom="readingOrder {index:26;}">
                <Coords points="1678,2651 2255,2640 2364,2695 2610,2670 2805,2631 2802,2522 2576,2577 2234,2558 2099,2612 1952,2557 1678,2628"/>
                <Baseline points="1685,2645 1740,2643 1796,2642 1851,2640 1907,2640 1963,2639 2018,2637 2074,2637 2130,2636 2185,2634 2241,2633 2297,2631 2352,2630 2408,2628 2464,2627 2519,2624 2575,2623 2631,2620 2686,2618 2742,2614 2798,2612"/>
                <TextEquiv>
                    <Unicode>man, als dann mit gewißheit etwas</Unicode>
                </TextEquiv>
            </TextLine>
            <TextLine id="r4l28" custom="readingOrder {index:27;}">
                <Coords points="1673,2779 1768,2732 1853,2760 1927,2723 1960,2743 1988,2728 2045,2751 2102,2731 2146,2746 2145,2663 2054,2642 1970,2701 1790,2649 1671,2660"/>
                <Baseline points="1680,2727 1705,2726 1730,2726 1756,2726 1781,2726 1807,2726 1832,2724 1858,2724 1883,2724 1909,2724 1934,2723 1959,2723 1985,2723 2010,2721 2036,2721 2061,2721 2087,2720 2112,2720 2138,2720"/>
                <TextEquiv>
                    <Unicode>schließen könne.</Unicode>
                </TextEquiv>
            </TextLine>
            <TextLine id="r4l29" custom="readingOrder {index:28;}">
                <Coords points="1692,2880 1976,2817 2542,2811 2579,2847 2621,2809 2796,2818 2795,2739 2679,2731 2610,2777 2550,2741 2346,2740 2204,2794 2102,2731 1690,2776"/>
                <Baseline points="1698,2823 1752,2823 1807,2822 1861,2821 1916,2820 1970,2819 2025,2819 2079,2817 2134,2817 2188,2816 2243,2814 2298,2814 2352,2813 2407,2813 2461,2811 2516,2811 2570,2810 2625,2808 2679,2808 2734,2807 2789,2805"/>
                <TextEquiv>
                    <Unicode>diß ist, was wir gegenwärtig pflicht,</Unicode>
                </TextEquiv>
            </TextLine>
            <TextLine id="r4l30" custom="readingOrder {index:29;}">
                <Coords points="1691,2958 2358,2895 2664,2942 2731,2891 2819,2916 2818,2833 2690,2809 2579,2846 2517,2809 2183,2873 2005,2821 1804,2830 1690,2883"/>
                <Baseline points="1698,2909 1753,2907 1809,2905 1864,2903 1920,2901 1976,2900 2031,2898 2087,2898 2143,2897 2198,2895 2254,2895 2310,2894 2365,2894 2421,2892 2477,2892 2532,2892 2588,2892 2644,2892 2699,2892 2755,2892 2811,2892"/>
                <TextEquiv>
                    <Unicode>mäßig und respectuos dem Hoher Richten</Unicode>
                </TextEquiv>
            </TextLine>
            <TextLine id="r4l31" custom="readingOrder {index:30;}">
                <Coords points="1680,3044 1758,3048 1894,2988 1970,3013 2188,2986 2453,3020 2451,2953 2355,2915 2071,2943 2000,2915 1932,2967 1786,2928 1743,2967 1677,2942"/>
                <Baseline points="1686,2991 1725,2990 1765,2989 1805,2988 1845,2987 1885,2985 1925,2985 1965,2984 2005,2982 2045,2981 2085,2981 2125,2979 2165,2978 2205,2978 2245,2978 2285,2976 2325,2976 2365,2976 2405,2976 2445,2976"/>
                <TextEquiv>
                    <Unicode>referieren können und sollen.</Unicode>
                </TextEquiv>
            </TextLine>
            <TextLine id="r4l32" custom="readingOrder {index:31;}">
                <Coords points="1802,3144 1816,3139 1824,3147 1842,3145 1867,3117 1900,3100 1941,3099 1976,3117 1993,3106 1991,3027 1969,3025 1918,3044 1842,3001 1816,3016 1798,3012"/>
                <Baseline points="1808,3089 1833,3086 1858,3086 1883,3084 1909,3083 1934,3083 1959,3083 1985,3083"/>
                <TextEquiv>
                    <Unicode>Signire</Unicode>
                </TextEquiv>
            </TextLine>
            <TextLine id="r4l33" custom="readingOrder {index:32;} place {offset:6; length:10;}">
                <Coords points="2122,3110 2494,3094 2765,3108 2821,3135 2822,3056 2794,3048 2703,3069 2666,3039 2559,3057 2394,3009 2277,3047 2207,3017 2124,3023"/>
                <Baseline points="2130,3096 2164,3097 2198,3098 2232,3098 2266,3099 2301,3099 2335,3099 2369,3099 2403,3099 2437,3098 2472,3098 2506,3098 2540,3099 2574,3099 2608,3099 2643,3101 2677,3102 2711,3104 2745,3105 2779,3108 2814,3111"/>
                <TextEquiv>
                    <Unicode>Sand. Wyttenbach. Med. Ord.</Unicode>
                </TextEquiv>
            </TextLine>
            <TextLine id="r4l34" custom="readingOrder {index:33;}">
                <Coords points="2169,3198 2275,3195 2303,3171 2492,3218 2533,3184 2712,3183 2712,3155 2686,3138 2593,3147 2549,3106 2495,3095 2436,3100 2397,3134 2326,3106 2169,3122"/>
                <Baseline points="2177,3176 2203,3175 2229,3174 2256,3173 2282,3173 2309,3172 2335,3171 2361,3171 2388,3171 2414,3171 2441,3171 2467,3171 2493,3171 2520,3171 2546,3171 2573,3171 2599,3171 2625,3171 2652,3171 2678,3171 2705,3171"/>
                <TextEquiv>
                    <Unicode>und Stadt Physicus.</Unicode>
                </TextEquiv>
            </TextLine>
            <TextLine id="r4l35" custom="readingOrder {index:34;} person {offset:3; length:5;}">
                <Coords points="2168,3267 2202,3262 2242,3287 2309,3267 2358,3293 2442,3267 2509,3297 2642,3260 2707,3281 2706,3212 2657,3196 2591,3224 2550,3204 2493,3221 2349,3176 2309,3197 2167,3198"/>
                <Baseline points="2175,3261 2201,3260 2227,3260 2253,3260 2279,3259 2306,3258 2332,3258 2358,3257 2384,3257 2410,3257 2437,3257 2463,3255 2489,3255 2515,3255 2541,3255 2568,3254 2594,3254 2620,3254 2646,3254 2672,3254 2699,3254"/>
                <TextEquiv>
                    <Unicode>P. Kuser. Opt. Ins.</Unicode>
                </TextEquiv>
            </TextLine>
            <TextLine id="r4l36" custom="readingOrder {index:35;} person {offset:8; length:7;}">
                <Coords points="2094,3412 2167,3382 2237,3397 2296,3374 2319,3393 2419,3354 2541,3406 2586,3376 2672,3388 2794,3324 2794,3296 2615,3266 2505,3302 2442,3267 2389,3295 2310,3268 2241,3287 2203,3263 2093,3284"/>
                <Baseline points="2100,3347 2134,3345 2168,3344 2203,3342 2237,3341 2271,3341 2306,3339 2340,3339 2374,3338 2409,3338 2443,3338 2477,3338 2512,3338 2546,3338 2580,3338 2615,3339 2649,3339 2683,3339 2718,3341 2752,3341 2787,3342"/>
                <TextEquiv>
                    <Unicode>I. Jar. Hartman̄ Cherl. Pro</Unicode>
                </TextEquiv>
            </TextLine>
            <TextLine id="r4l37" custom="readingOrder {index:36;}">
                <Coords points="2561,3607 2584,3604 2592,3598 2605,3600 2605,3553 2592,3554 2581,3548 2580,3550 2577,3548 2571,3550 2568,3547 2561,3547"/>
                <Baseline points="2568,3594 2598,3594"/>
                <TextEquiv>
                    <Unicode>2</Unicode>
                </TextEquiv>
            </TextLine>
            <TextEquiv>
                <Unicode>2.
mit getrocknetem Gebluet sehr befle¬
ibet, die Haut an gemelter Gefange¬
mnen Rauch wäre mit kuntlen eins blei¬
den Strennen behaftet, das Gerinaeum
oder Grüt zwischen der Scham und Uster
wäre etwas schlage, der Eingang in
die Mutterscheide samt eben dieser Muter
Scheide wären zimlich erweiteret, und
die Offerung der Muter selbst noch nicht
geschloßen, sondern weich uns offen
zu fühlen. Übrigens hat die Gefan¬
wgene eine sehr gute farb im Ange¬
sicht, und scheinet wegenwärtig von
anderen Krankheiten gantz frey
d
zuvern
Man aber die Gefangene Uns ange¬
zeigt, wie sie erst jetzt ihre Reinigung
gehabt, item die obgemelte blaue Strei¬
rinen sich von Tugend auf an ihrem leib
Bauch gezeiget, als wird eine fernere
Erforschung wohl nöthig seyn, vonn zu
stehen, wie alle obbemelte Theile wied
Erscheinungen bey verschiedener Zeit
sich zeigen werden, und in wie weit
man, als dann mit gewißheit etwas
schließen könne.
diß ist, was wir gegenwärtig pflicht,
mäßig und respectuos dem Hoher Richten
referieren können und sollen.
Signire
Sand. Wyttenbach. Med. Ord.
und Stadt Physicus.
P. Kuser. Opt. Ins.
I. Jar. Hartman̄ Cherl. Pro
2</Unicode>
            </TextEquiv>
        </TextRegion>
    </Page>
</PcGts>
