3024 4032
216 1104 296 1197 fr.
158 1191 306 1299 Antl
211 1575 312 1690 fr.
173 1748 287 1840 Antb
190 2211 278 2317 Ir.
146 2314 289 2399 Ant.
144 2410 267 2536 n
114 2659 270 2750 Auth.
167 2821 249 2927 fr.
99 3202 248 3294 Ants.
207 302 311 415 291.
550 268 1077 419 Ralmer
308 371 1291 518 gefallen, welches Er noch zusamen
338 471 1324 580 über den Zaun geworfen. Seÿe darauf
324 524 1287 663 weg zu seiner Schwester Anna Ry
328 596 1309 726 in die Standbeid gegangen, und habe
328 679 1259 801 derselben nichts geoffenbahret, sie
327 746 1283 874 habe auch nichts gemerket. Habe im
314 814 1270 945 Sinn gehabt diesen Morgen auf die
311 897 1285 1030 Redi zu seinem unehelichen Kind zu
324 959 1280 1088 gehen, welches 4. Jahr alt seye, um
311 1031 1001 1156 das Kostgeld zu bringen.
325 1105 1300 1232 keit welcher Zeit Er schwänger seye?
330 1196 1265 1311 E habe fast allezeit seine Reglen
309 1261 1287 1387 gehabt, so daß Er solches nicht wohl
310 1351 1266 1470 wißen möge, habe sich im Greng,
297 1411 1336 1539 von david Baley dem Müllerknecht
288 1482 870 1598 schwängern laßen.
325 1576 1273 1712 Ob Er der Schwangerschaft halb nicht
312 1656 1083 1780 zu Red gestellet worden?
312 1729 1289 1879 Die Frau Knüchel habe ihm solcher
298 1821 1253 1960 zugemuhtet, und ihns vor ohngefehrd
292 1893 1293 2020 14. Tagen durch die Hebamme visitieren
298 1974 1252 2082 laßen; Es habe Ihr aber gesaget,
297 2056 1274 2172 Es wiße es nicht, weilen Er geglaubt
294 2111 1090 2237 am Waßerkalb zu tragen.
308 2206 1257 2343 Ob Er das Kind nicht gespühret?
318 2299 1235 2446 Es habe freylich etwas gespühret.
307 2386 1332 2538 folglich müße Er geburt haben, daß
272 2483 1270 2625 Es schwänger seye, weilen Er schon
277 2576 1084 2695 zuvor ein Kind gehabt?
298 2651 1339 2808 Es habe zu Zeiten geglaubt, Es möchte
287 2737 755 2856 schwänger seyn
298 2811 1215 2949 Ob Er nicht gewußt, daß Er eine
1228 2895 1290 2976 .
271 2895 1226 3021 er schrökliche That begehe, seine
249 2969 1230 3106 Leibes frucht also weg zu werfen.
266 3040 1216 3160 zu verlaßen, und nicht wie eine
274 3122 1158 3254 treue Muter zu besorgen
276 3188 1297 3343 Es wiße wohl, daß Er hierin liechtstung
279 3288 1235 3392 gewesen, und seine pflicht aus acht¬
261 3351 1301 3482 gelaßen, worüber Er sich nicht verant¬
1122 3419 1255 3509 worten
1457 642 1537 738 st
1440 1121 1540 1224 Actbr.
2545 257 2690 360 298.
1770 247 2355 374 Galmen
1550 351 2679 482 verantworten könne. Es habe aber von niemand
1544 429 2621 564 weder hulf noch Straß gehabt, und seye von
1534 504 2114 631 jederman verlaßen.
1549 538 2707 688 Weilen Er den Leuten so bey ihm vorbey gegan¬
1541 636 2648 783 gen, nicht geoffenbahret, was ihm begegne,
1539 703 2668 850 und und Hulf gebeten, und da ohnweit davon
1537 772 2646 880 auch ein Hans seye, dahin Er seine Zuflucht
1539 843 2657 952 hate nemmen können, Es solches aber nicht
1550 895 2672 1036 gethan, so zeige dieses an, daß Er sein Kind
1544 968 2712 1117 vorsetzlicher Meiste zu verbahrlosen gesucht.
1556 1103 2603 1235 Obschon es zuvor niemal den bösten
1531 1147 2642 1291 Vorsatz gehabt, sein Kind zu verderben,
1538 1227 2709 1358 so seyen leider diese gotlosen Gedanken
1545 1302 2707 1424 erst in der Geburt ihm zu Sinn gestiegen,
1542 1382 2680 1513 und habe darin keine Hülf begehrt, dero¬
1532 1466 2725 1589 halb Er auch solches, weilen Er nicht gebeinet,
1553 1530 2729 1656 noch sich gerühret, neben den Zaun geworfen,
1544 1616 2218 1728 glaubende, es seye tod.
1467 1653 2730 1813 Fr. Ob Er keine gewalthätige Hand an daßelbe
1547 1777 1764 1890 geleget.
1573 1870 1744 1956 Nem¬
1455 1863 1550 1946 Ants.
1570 1921 2497 2053 Warum Er dann verritzet seyn?
1467 1952 1536 2024 Fr.
1442 2031 1554 2117 An16.
1569 2020 2689 2137 boseye, da herum Gestand, davon es
1554 2100 2445 2226 werde geritzet worden seyn.
1462 2178 2764 2315 Fr. Ob Er in der Religion unterwiesen seyn.
1450 2298 2756 2411 Ants. Jar von Herrn Pfarrer Malacrida stel
1558 2366 2687 2512 wegen Schwachheit würde mit fernerein
1537 2458 2748 2596 Fragen ingehalten, und die Delinquentin,
1569 2533 2751 2681 wie auch das Kind zu behöriger Besorgung
1569 2605 1899 2728 anbefohlen.
1678 2673 2532 2810 Abgelesen und bestättiget
1492 2752 2716 2916 Actum den 3ten Hornung 17703
1580 2906 2720 3073 Weilenn, das Kind Tage hernach vor d
1574 3019 2762 3145 Uhren in den Gnaden Spitahl verstorben,
1578 3096 2737 3217 so ist daßelbe aus Mort. Aints
2273 3171 2390 3236 E
1541 3164 2764 3300 Schultheisen von Wachs hohen
1570 3254 2751 3345 Befelch behörig deciert, und befunden worden,
1572 3326 2762 3446 war das nachfolgende Visum repertum
1580 3392 1919 3504 ausweiset.
2587 3485 2774 3558 verum
