3024 4032
514 262 1273 446 Ritten Examen.
403 419 1261 601 Mit Maria unge
355 528 1467 745 Uwann eine Stund nach vollführten
346 663 1465 847 u. Examen hat das Maria Jurgi
355 748 1455 942 durch den Kesich Knecht anlagen
344 849 1456 1005 laßen, es könne nicht bättern, es habe
333 948 1438 1108 die Wahrheit verhalet, und möchte
349 1035 1421 1207 num sein Gewißen gänzlich ent¬
335 1127 1449 1276 laden und beruhigen. Worauf
344 1238 1438 1402 also bal Meine gnädigen Herren Großweibel und
340 1339 1418 1503 Grichtschreiber sich wiedermahl in
334 1423 1444 1556 die Gefangenschafft verfüeret, und
329 1524 1436 1690 dieses elende Mensch vor sich ge¬
328 1631 1372 1778 gnommen, da dann Er von selbst
322 1725 1362 1889 folgende Bekan̄tnuß gethan.
324 1821 1405 1990 ainheiligen Wienacht Tag seye
322 1939 1413 2086 es etwann im 10. Ihr Morgens
301 2033 1424 2187 zu Kersaz bey seinen Leuten an¬
315 2123 1453 2271 gelanget, daselbst habe es alsobald
302 2226 1441 2405 Bauch Schmerzen bekommen, so daß
310 2326 1435 2455 Es sich er das Obergaden in seines
307 2405 1357 2581 Vätters Seit geleget, solches
288 2511 1397 2697 Bauch wehr habe gedauret biß
289 2604 1411 2775 Abends um 10. Uhr, da es dann
298 2687 1432 2861 im Beit eines todten Kindes ge¬
297 2800 1422 2963 wiesen, das Kind habe er neben
300 2885 1428 3069 sich in das Seit geleget, und an
291 3012 1404 3193 Montag Morgens etwann um
288 3090 1405 3270 11 Uhr seyn die Nach Geburt
298 3217 1398 3398 auch von ihm gegangen, da es
290 3300 1398 3498 erst dennzenmal die Nabel Scheue
1022 3443 1207 3566 mit e
1529 2136 1657 2279 Parg.
1523 2427 1662 2541 Ant.
1525 2890 1639 3042 frag
1523 3154 1665 3286 Ants
2002 226 2303 385 Hunge
2705 267 2830 369 39.
1662 365 2784 551 mit dem Meßer entzwey gehauen
1639 457 2752 608 die Nach Geburth habe es in einen
1654 557 2806 683 linnen eingewichtet, und unter das
1653 639 2775 784 Seit verborgete, das Kind aber in
1650 724 2802 907 ein fürtlich gepackt, weid in dem
1651 841 2829 983 Seit bis gen Gerstag Murgerrligen
1655 924 2775 1084 laßen, weil solches, wie gesagt
1635 1012 2818 1202 Sed auf die Stelt gekommen, da dann
1648 1127 2793 1307 Es solches weit dem Fürtlich in seinen
1639 1235 2758 1355 Wand Sach gethan, ward durch die
1660 1324 2836 1474 warten Mags in die Stadt tragen laßen.
1658 1416 2779 1569 wo es selber zu erst in seinen Schafft
1657 1510 2786 1666 einbeschloßen, gleichen Abens aber
1664 1605 2827 1749 durch das heimlich gemach hinab in
1658 1711 2590 1854 der Ehr Graben geworffen.
1653 1796 2827 1980 und seye nun seine wahre gekan̄t¬
1659 1897 2819 2064 muß, und jetzt habe es ein ruhiges
1653 2000 1987 2134 gewißen
1690 2102 2778 2241 Ob sein vatter und seine leüt zu
1663 2196 2776 2344 Kerstat vor seiner Genicht keine
1636 2285 2395 2450 Bekantschafft gehabt.
1690 2391 2814 2569 Stein, es habe ihnen nichts großen.
1659 2500 2793 2661 bahret, und Sie haben Ihre nichts¬
1648 2591 2826 2762 gefraget, ob schon sein Gatter und der
1656 2679 2818 2811 Knecht in gleichem Baden in einem
1654 2786 2440 2934 anderen Seit gelegen.
1680 2859 2784 3049 Da es zu Kersatz angekommen, und
1654 2952 1685 3030 d
1659 2954 2805 3131 es sich gedeck geleget wer damahl
1655 3049 2298 3216 zu Haus gewesen?
1694 3123 2782 3287 Seine halb Schwester und die Magd,
1652 3236 2781 3410 es haben beyden gesagt, es haben
1632 3329 2786 3504 Bauch wehr, die Magd habe ihm auch
2540 3434 2707 3572 das
