3024 4032
70 263 201 335 241.
216 361 272 472 .
101 611 286 739 Den 9ten
620 262 1013 414 Raber
281 355 1269 541 Nuleberg in ein Glas schaden laßen,
295 476 1262 619 doch daß es ihme von seinen Räglen
285 539 931 658 und Haaren abgefordert.
309 622 1295 793 Art. pag. 228. bekente Er dahin. Es habe
279 708 1316 861 dem Maille ein Stückeli Kräuter gegeben,
270 782 1228 916 für das Jaheben, und nichts anders.
326 837 1306 1005 Die ihme vorgewiesene Mitel, habe
273 914 1160 1051 Es ihm auch zugestelt. Nemlich die
1157 999 1196 1045 5
267 1000 1217 1114 krauter für ein Fußbaad. Und das
270 1062 1239 1185 Muterlaßer und Normarmohl für
287 1137 1260 1265 die Colie. Die 2. Paquet Krauter habe
267 1209 1291 1330 Es bey H. Wagner, und die Zwey Güterli
280 1277 1281 1423 an der Kreüzgaß gekauffet: Habe ihm
273 1346 1273 1486 aber bey Leib und Seel keine Mitel
272 1436 1277 1565 gegeben, für sein Kind abzutreiben:
270 1520 1252 1647 Indeme Er nur nicht geburt, daß Er
261 1593 702 1704 schwänger seye.
278 1663 1323 1788 Endlich wolte die Räberin keiner beyd
270 1769 1243 1874 eingestehen, das Madle zum stälen
274 1832 1275 1951 angestiftet, und ihme versprochen zu
259 1906 1263 2022 haben, daß es nicht auskommen werden.
218 2043 1264 2205 Esowohl während, als nach dieser beit
266 2156 1252 2240 käuffigen Confrontation, verbliebe
264 2221 1250 2335 das Machte Sonster Standhaft auf
272 2295 1292 2426 seinem Vorgeben, und dem gantzen
261 2357 1261 2488 Inhalt seines letzten Examens¬
256 2447 1343 2584 und klagte die Räberin noch deutlich
269 2527 1298 2667 an, daß sie ihns zum stälen ange¬
254 2594 1327 2741 führt, und in dieses Unglük gebracht,
276 2675 1318 2809 daß sie ihme noch mehrere Medailles
261 2756 1300 2880 abgefordert, unter dem vorgeben, Sie
270 2835 1307 2955 wolle dann, das halbige mehr als für die
266 2899 1274 3015 erstern bekommen. Sie habe ihm auch
251 2964 1305 3107 Schlaffulter geben wollen, für dem Herr
260 3041 1321 3185 fenner ein zugeben, damit Er nicht erwache,
272 3109 1319 3252 und sie ihn im Schlaf bestälen können, darmit
257 3194 1219 3310 Es aber nichts zu thun haben wollen.
264 3224 1275 3390 desgleichen habe Sie zu ihm gesagt. Er
269 3321 1332 3432 solle mit dem Gelt behutsame eingehen,
259 3383 1354 3535 damit Er nicht auskomme, Sie wolte sich eher
1210 3433 1308 3508 de
2703 212 2849 319 2. 4. D.
1966 265 2433 418 Raber
1635 361 2586 519 die Eingerberi abbeißen, als bekennen:
1646 415 2821 585 Auch diese frische Punkten, wolte sie keines,
1633 490 2813 653 wegs eingestehen, sonder verbliebe kech auf dem
1611 549 2805 725 Ablaugnen, mit dem getheüren, daß Er unschuldig
1615 610 2800 774 angeklagt werde, und niemal des Herr Jenners
1618 729 2136 857 Stuben betreten habe.
1512 758 2808 931 fr. An die Mäberin. Es komme dennoch aus allem was
1618 840 2799 992 Es gestanden, wenigstens dieses an den Tag, daß
1612 904 2778 1064 Es geburt habe, daß das Mädi seinen Herrn
1615 980 2749 1125 bestäle, und daß Er von diesem gestohlenen
1625 1061 2213 1199 Beld empfangen habe?
1627 1126 2786 1288 Was das Mädi gemacht, seye ihm unbekante
1481 1190 1598 1285 Autis
1604 1223 2759 1355 habe mit ihm nichts gestolen. Das Geld so
1609 1307 2813 1446 es ihm entlehnt, habe Er gesagt, solches von
1620 1392 2741 1521 seiner Baase von Haus empfangen zu
1617 1487 1811 1562 haben.
1622 1522 2765 1665 Weilen Er den Umstand wegen dem
1501 1560 1596 1668 Fr.
1611 1622 2818 1740 Schlüßel gelaugnet, so seye ihm im übrigen
1602 1690 2611 1811 auch kein Glauben beyzumeßen?
1489 1781 2516 1908 Antho Es seye nichts destoweniger wahr¬
1485 1892 1581 1982 Fr.
1602 1883 2733 2009 Ob ein gar nicht geburt, daß die 14 t. so er
1605 1956 2768 2062 vorgeben gethon von dem Madle entlehnt
1608 2024 2465 2169 zu haben gestolen Geld seyen?
1461 2103 1583 2201 Autho
1618 2113 2770 2306 Nein, indeme Er ihme vorgegeben, solches
1604 2199 2716 2373 von seiner Basten zu haben: Es habe
1591 2279 2785 2439 selbes in des Mädis Gegenwart einge¬
1587 2347 2762 2537 paket, darzu Er ihm das Zeug gegeben.
1485 2440 1582 2536 1.
1618 2437 2790 2651 das Mädi bekente hier, daß Er ihr auf
1589 2525 2776 2732 Abforderen einen Lumpen gegeben
1575 2619 2789 2791 habe sie aber nichts darein einraken
1589 2675 2695 2902 gestehen. Und wüße Er nicht was sie
1594 2778 2085 2918 damit gemachet:
1483 2856 1571 2960 .
1597 2866 2757 3056 In die Räberin. Aus was Grund dann
1579 2958 2735 3157 Es bis zur Überführung abgeläugnet,
1595 3034 2784 3273 daß Er den Bart an den Schlußel habe
1587 3098 2036 3240 laten laßen.
1456 3140 1596 3284 Ants
1593 3195 2735 3425 Erlaße nicht warum Es solches gethan.
1473 3280 1553 3382 Im
1591 3305 2807 3512 Er habe gesagt den Passe partout dem Mädi¬
1577 3410 2756 3615 zugestelt zu haben, und daß daßelbe
2562 3565 2771 3677 Darmit
