3024 4032
100 208 276 323 249.
671 251 1106 419 Daber
220 348 1284 553 Fr. Er wege ja bey 2. 4. mehr Geld bey
268 464 1246 633 ihme, auf eine verdächtige Weiste
274 533 1316 732 eingenahet, gefunden worden, als Er
268 595 1314 802 von dem Venner zu Maus und dem
272 679 1131 856 Maille solle entlehnt haben.
88 751 247 864 Antl
271 777 1322 967 Es habe solches schon zu vor gehabt, keine
270 864 1104 1035 von seines Sohns Einbunden her¬
147 937 234 1048 fa.
280 948 1184 1114 daegerst in der Confrontation,
269 1059 1285 1219 gestanden, daß es von dem Maille
262 1117 1243 1256 8. Stuk von einer, und 7. von einer
278 1201 1269 1366 andern Gattung verrufften Gelde
261 1270 1331 1444 zum verwechslen empfangen, so ergebe
255 1350 1292 1511 sich aus seinem ersten Ablaugnen,
278 1425 1314 1591 daß Er gewurt, daß solches gestohlen
269 1502 636 1607 Steld seyn.
79 1577 247 1704 Autho¬
281 1586 1256 1735 Das Madle habe ihm vorgegeben
265 1663 1164 1809 selbiges von Haus zu haben.
144 1759 232 1854 Er:
280 1766 1155 1899 bey wenn Er solche gebührlet.
96 1840 266 1967 Autl.
297 1865 1252 1977 Bey einem unbekanten Mann
268 1938 1306 2058 ohnweit St. Blaise, der ein Wägeli
280 2011 1194 2135 bey sich gehabt. Er habe ihm eine
277 2087 1296 2213 neue dublonen darfür gegeben.
280 2155 1246 2295 darauf Er ihm noch etwas zurück¬
275 2240 547 2364 gegeben.
303 2304 1288 2472 Ob es auch laugnen dörfe, von dem
184 2329 267 2438 fr.
282 2381 1362 2546 Machte Medailles empfangen zu heben.
295 2523 1195 2652 Nein, habe keine empfangen.
96 2513 265 2630 Antb
338 2598 1290 2761 Da ungeacht seines Schreyens und
279 2696 1252 2837 Weheklagens, nichts weiters aus
284 2778 1269 2912 ihme zu bringen war, wurde Er
293 2854 1269 2998 wieder herabgelaßen, und ihm
282 2937 1240 3074 ernstlich zugesprochen doch in sich
285 2999 1318 3133 selbst zu gehen, und seinen Leib
298 3082 1243 3224 nicht mehr peinigen zu laßen,
302 3164 1331 3275 sonsten, wo es in seiner Hartnäkig,
300 3225 1300 3327 keit verharren solte, die Marter
298 3299 1305 3427 plötzlich wieder angewendt würde.
1104 3401 1228 3496 da
2656 292 2776 371 250
2089 287 2468 434 Eicher
1624 395 2665 534 Da Er aber allezeit stand hoff betheürete.
1640 483 2730 640 daß Es monal in Herr Jenners Stuben gewesen
1585 572 2719 685 daß Er den Passe partout von dem Mädli
1625 666 2747 796 zum läben empfangen, und es ihme solchen
1637 733 2740 866 zuvor nicht zugebracht habe, auch selbigen
1622 805 2495 927 vorher niemal in Handen gehabt.
1644 864 2677 1022 daß Er von dem Madli, keine Medailles
1625 961 1872 1062 erhalten.
1633 1007 2746 1160 Auch von dem, dem Herr Jenner gestolenen
1637 1111 2730 1213 Beld, seines Wißens keines empfangen,
1637 1178 2734 1306 stander von dem Malle 14. R. abgelichen
1618 1251 1783 1346 habe.
1631 1317 2712 1453 Und endlich, sendenen dem Herr Jenner
1623 1408 2759 1520 beschehenen Geld diebstälen, keine Wißen¬
1606 1479 2595 1607 schaft, noch Antheil daran gehabt.
1654 1558 2706 1721 Wurde dem Maille auch ernsthaft zu¬
1615 1657 2747 1793 geredt, daß Er das Cathri nicht unschul¬
1621 1737 2707 1878 dig beklage. Welches vor Gott noch
1616 1818 2690 1947 eine größere Sunde wäre, als der
1611 1891 2102 1994 Diebstal selbst.
1711 1962 2691 2106 Da daßelbe hierauf bey Leben und
1607 2039 2642 2200 Sterben versicherte, daß Er ihm in
1609 2119 2571 2261 keinem Punkten unrecht thue.
1606 2204 2723 2346 Wurde das Cathri Räber zum Zweyten,
1627 2288 2726 2418 mal leer aufgezogen. Und über nächst
1610 2349 2669 2485 vorbemelte fünf Sät, nach einander,
1627 2431 2725 2567 unter starkem Weheklagen, nochmal
1620 2510 2738 2647 befragt. Welches aber ohngeacht deßen,
1621 2579 2682 2737 nicht das geringste mehr eingestehen
1619 2676 2722 2802 woltz Sonder verbliebe unveränderlich
1621 2749 2678 2869 auf seiner Unschuld. Und, daß Er
1606 2814 2697 2952 von dem diebstahl, keine Wißenschaft
1614 2885 2732 3031 gehabt, den Schlüßel auch von dem Mädi¬
1624 2954 2135 3070 empfangen habe.
1627 3048 2716 3170 Worauf Er nach einer kleinen Viertelstund
1631 3115 2678 3265 wieder herunter gelaßen und lobge¬
1630 3186 2050 3284 bunden würde.
1615 3254 2696 3373 Unter dem ernstlichen Zuspruch sich eines
1632 3323 2699 3467 andern zu bedenken, indem Er nicht
