3024 4032
170 326 290 427 173.
656 310 1048 456 Dabler
195 450 1421 564 heute den 9ten bris 1770. Abends um 9. Uhr
322 495 1430 668 in Ihro Gudt Instul ein todtes Kind beslich¬
323 590 1365 706 veget und decirten seigen funden, daß das
306 664 1374 761 Kind, so gantz in der Paulens wäre, den
309 717 1383 856 Kopf mit Haaren, die Einger mit Räglen
308 792 1358 913 verstehen, und mänlichen Geschlechts¬
306 881 1413 1011 geschen zu stahl ausgesegnen herren anbey
315 949 1378 1086 befände, sich die Rabelschnur, standt der
314 1026 1418 1150 daran hangenden Nachgeburt noch unter¬
304 1097 1291 1242 letzt. Die herausgenommene Runge
275 1170 1309 1283 Schwamme in dem Waßer, worein sie
289 1243 1397 1359 geworfen worden gantz oben: Aus ober¬
280 1318 1341 1446 zahltem schließen wir, daß dieser
278 1399 1395 1521 wohl ausgetragene Kind, schon vor
288 1476 1422 1599 einigen Tagen lebendig gebohren worden.
769 1540 1129 1649 Flatzog ord¬
483 1583 647 1692 Sigl.
777 1610 1322 1737 9. Rugn Opt gno.
454 1920 1187 2037 Exceppen
200 1997 1393 2162 Elit Anna Gachler von Waten
278 2100 1325 2231 wyl, 37. Jahren Alters, habe noch seine
267 2177 1316 2304 Ruter, namens Elisabeth Schneider bey
261 2251 1341 2378 Leben. Habe 4. Bruder, und 2. Schloestern,
252 2323 1306 2448 seyn ehelich versprochen mit Joh. Chridrich
271 2395 1367 2516 Stoker von Schafhausen, dabey Herr
276 2458 1348 2540 Lieutenant Würler von Thun, Bedienter,
276 2538 1372 2661 und dermal in Holand seyn, von dem
261 2600 1400 2731 selben Er eine schriftliche Eheversprechung
262 2680 430 2782 habe.
158 2726 1246 2878 Frag. Wo Er in diensten gestanden.
309 2848 1343 2991 bey herren schultheiß Stürler von Thun,
132 2882 272 2974 Antlo
267 2942 1305 3056 als Koch in 82 Jahr. von da Er drey
265 3030 1345 3133 Wochen vor letztem Jakobstag sich heim
261 3079 1307 3196 auf Schatenwyl zu seinen Reuthen
265 3149 1280 3276 begeben, dahin der Herr Pfarrer
249 3219 1361 3344 gekommen, welcher zu ihm gesagt. Der
243 3280 1359 3420 HHr. Schultheiß Stücker habe ihm aufge¬
276 3346 1394 3483 tragen, ihme zu befragen, ob Er schwänger
1241 3419 1388 3519 Klage.
2729 285 2843 372 274.
1798 280 2285 445 Dadlen
1641 397 2809 527 seyn, deme Er geantwortet, Er wolte gern, daß
1572 489 1626 561 .
1623 484 2845 600 ihm jemand sagen könte, ob Er schwänger wäre,
1636 553 2809 668 Es habe eine Eheversprechung, und habe solche
1628 604 2602 733 auch dem Herr Pfarrer vorgewiesen.
1550 669 2748 821 fr aus war darund der H. Schultheiß Stürler.
1617 746 2685 873 solches dem Herr Pfarrer zugeschrieben:
1529 822 2794 953 Anth. Weil man ihm werde gesagt haben, Es seye
1627 905 2804 1030 mit seines Herrn Sohns Bedienten versprochen.
1630 982 2761 1140 Ob der Herr oder die Frau Schultheißin, oder
1523 1037 1594 1132 Ihr.
1618 1090 2795 1220 jemand anders im Haus, ihme die Schwänger,
1599 1159 2447 1288 schafft niemals zugemuhtet.
1513 1241 1816 1341 Ant. Stein.
1635 1309 2792 1452 dieses seye fast unglaublich, zumalen der
1535 1351 1613 1441 fr.
1583 1403 2731 1520 HH. Schultheiß dem H. Pfarrer darüber
1608 1476 2081 1596 zugeschrieben?
1511 1579 1616 1677 Antl
1653 1556 2815 1699 Er seye doch dem also. Sie haben ihm nichts
1629 1643 2761 1767 angemerket, und Er habe seine Sachen
1622 1713 2783 1820 und den dienst nichts destoweniger Verrich¬
1612 1786 2749 1907 tet: Sie haben er nur geglaubt, weil Er
1610 1851 2543 1978 traurig aus dem Haus gegangen.
2541 1877 2786 1967 habe.
1606 1905 2807 2065 der Frau Schultheißin, die ihns wieder auf
1611 1989 2802 2124 Bern beruffen, zugeschrieben, Es möchte nur
1609 2076 2416 2204 laßen, ob Er schwänger seyn.
1522 2161 1606 2262 Fr.
1629 2166 2668 2295 Ob Er nicht geglaubt schwänger zu seyn.
1514 2233 2769 2403 Anth. Er habe allezeit zweiflet: Derohalb habe Er im
1608 2327 2724 2445 Drachmonat durch H. Doctor Langhausen
1590 2377 2732 2521 Kachin, zweymal sein Waßer zu dem
1587 2463 2746 2592 Scharfrichter geschikt, und dann einsten
1606 2540 2756 2667 von Watenwyl aus, durch seinen Bruder
1599 2610 2703 2749 auf Langnau zu dem Rector. Beyde
1586 2685 2710 2826 haben gesagt, Es seye nicht schwänger,
1601 2750 2712 2896 und haben ihm Mitel gegeben, die Er
1605 2829 2043 2936 nicht gebrauchet.
2179 2840 2737 2956 Darauf habe Er, als
1581 2910 2790 3037 Er von Watenwyl wieder alher gekommen,
1593 2975 2720 3113 mit H. Hilfer geredet, und ihm gesagt,
1588 3052 2775 3158 Es habe große Matigkeit in den Weinen
1609 3119 2759 3252 und Gliederen, der ihm auch Mitel ver¬
1594 3200 2714 3312 ordnet, die Er aber nicht genommen, weil
1590 3259 2699 3393 Es tags hernach vordem Schaustaal sich
1584 3319 2738 3467 gestellet, da Er das gleiche dem H. Doctor
1576 3404 2790 3545 Herzog geklaget, wie dem H. Hilfer. Seyn
