3024 4032
36 -26 172 86 131
503 9 882 175 Athlersch
186 137 1394 406 zuvor von dern gekommen, auch nicht
212 213 942 365 das wenigste gesagt,
85 290 170 403 Er
241 298 1398 572 Was er darüber seinem Weib gesagt
188 390 422 496 habe?
51 458 221 562 Anti
242 480 1375 700 Er habe ihn hierauf schlagen wollen,
215 555 1369 776 und ihm schard vorgehalten, es seye
194 621 1376 824 wohl ein gottloses Weib. Worauf
179 699 1362 892 Die außert dem Haus übernachten
182 794 1381 963 gehen, er aber habe es nicht zugeben,
206 861 1361 1030 wollen. Auf ferneres zusprechen
182 932 1331 1113 habe es ihm den diebstahl endlich
189 1021 1359 1188 bekent end angegeben, entwendet
176 1102 1279 1256 zu haben, bey dem Kauenbrat.
207 1193 1324 1342 Anchen so es verkauft habe ein
162 1256 1318 1414 Rütel, drey neue Thalerintheld und
171 1342 1250 1473 ein halb Mas Schnitt, weiter nichts.
182 1412 1335 1564 die schuch habe es ihme gesagt gekocht
165 1483 1343 1623 zu haben. Er erinnere sich auch, daß er
171 1548 1322 1694 von solchen geeßen, und dabey das
160 1616 1332 1749 Weib gefragt habe, wo es dieselben
161 1689 1320 1826 genommen. Welches ihm verdrucket
148 1768 1342 1902 es habe ihm selbige des Hauenkraten
135 1847 1274 1984 Frau gegen etwelche eher gegeben
142 1934 1321 2068 ob ihme von dem diebstahl weiters
12 1955 110 2061 Ih
158 2019 788 2121 nichts bekan̄t seye.
172 2107 1329 2231 Nein. 1. Er hat aber selbst ohne an ihne
-11 2124 150 2225 Arets.
150 2174 1293 2306 beschehene Fragen angezeigt, bei
111 2257 1283 2376 Weib seye schon zu thun, glaube ein
133 2321 1338 2445 Merz diß Jahr mit der gefangenschafft
141 2392 1287 2510 abgestrafft worden, da es auf dem
137 2469 1294 2618 Märit Spizen entwendet. Er habe
144 2551 1313 2691 aber alles ersetzet und die Kosten be¬
140 2663 301 2781 hat
157 2689 1294 2826 Warinner Sifft zu thun gekaufft.
7 2732 113 2867 Ihn
721 2812 772 2876 1
173 2811 1278 2939 wegen denen Mansen, dem Weid
10 2849 140 2936 rnts.
128 2881 1258 3017 habe ihm gesagt, er gehöfftens nach
108 2938 1267 3085 dern und thun, er solle doch um 16.
118 2999 1304 3153 Gifft anschaffen, den die Milch vor den
111 3083 1209 3216 Mariten in Sicherheit zu stellen.
112 3152 1295 3310 Worauf er zu Ihm in der unteren
127 3218 1291 3391 Apotheck für 1 lb gekaufft, und das
121 3304 1123 3471 seye zwar das einzige mal
981 3385 1149 3490 the
2672 185 2823 285 233
1893 193 2201 311 Bipp
1593 316 2798 429 Was er darnach mit dem Gift gemacht
1501 358 1572 444 Hr.
1548 399 1722 505 habe
1494 459 2731 585 guts. Als er heim gekommen, habe er
2024 527 2062 573 2
1556 533 2744 654 ohngeferd mit Mehl trocken auf
1544 591 2762 690 en Breithin vermischet, und in dem
1533 648 2775 776 Kellen, wo die Mich ein Sommen seye, auch
1542 717 2221 831 einen laden gethan.
1551 800 2658 923 Wader mit denen zwey anderen
1494 830 1554 917 Er
1516 887 2141 1011 Dritteln gemacht.
1485 952 2765 1090 Ants. Sein Weib habe ihm wieder angegeben
1548 1038 2648 1136 seine Muter des Weibel Sappens
1547 1121 2776 1212 Wittwe, gebohrne Hani habe ihm angerathen
1548 1164 2616 1286 um das Krant im Barten vor den
1531 1226 2764 1358 Mansen zu verwahren. Bist mit Amten
1538 1292 2654 1410 zumischen, und im Garten in die
1544 1362 2734 1481 Mänsen Lochen zu thun, da er dan wie¬
2074 1452 2112 1491 4
1541 1437 2716 1533 der ohngeferde. Gift mit Quebere
1538 1498 2728 1636 vermeint auf ein Breithin zugereistet
1543 1566 2690 1699 und in ein entziger hoch ein Garten
1535 1667 1730 1763 gethane
1473 1733 2693 1861 Hr. Was er mit dem Resten Gift gemacht.
1454 1817 2751 1930 With. Er habe es in die hintere Stuben auf einen
1535 1912 2747 2007 Taden geleget, ohne es jemanden zu ſagen,
1545 1955 2582 2069 ammt die Kinder nicht darüber kommen
1508 2001 2740 2098 Das Schmidelenn mit Bist, so er in dem Keller
1536 2079 2717 2164 mit trocknen Mehl gemüschet gehabt, seye
1534 2136 2702 2243 von dem Weib nach seinem vorgeben weg¬
1533 2195 2659 2291 und in die heutere Stuben unter ein Zeit
1516 2275 2735 2373 gethan worden. Das Schindelein habe man
1525 2327 2710 2445 daselbst, aber ohne Gift gefunden. Den
1524 2392 2716 2505 dwar in daher etwas ich aber werden nach hinderen
1523 2459 2725 2572 sinter zu schinnemmen zogene Concedat
1556 2522 2693 2628 In einem Kachelstück habe man noch zu¬
1511 2591 2713 2703 gerüsteter Dis hielter einem Trog gefun¬
2098 2656 2134 2696 di
2148 2654 2223 2689 heit
1529 2651 2683 2754 den, so er aber nicht gethan. Dem Weib
1523 2700 2701 2827 habe ihm gesagt, er habe auch den Mansten
1530 2783 1934 2885 Bifft gebriget.
1554 2833 2667 2972 Nachdeme von Meine gnädigen Herrn Schultheiß zu
1463 2858 1533 2965 Ihr
1523 2925 2701 3045 thun gemachten Experienz habe sich erfun¬
1518 2988 2659 3098 den, daß er etwan ein Seitel Gott
1532 3034 2673 3156 den Keller und Garten verbraucht, und
2605 3115 2651 3192 2
1531 3115 2602 3234 daß zwey Trittel übergeblieben wären
1427 3190 2660 3310 Auth. Er könne gar wohl seyen, daß bey stel
2474 3237 2509 3293 3
1537 3257 2656 3385 voer diesem Bazen Gifft übergeblieben.
2402 3325 2570 3462 Pr
