3024 4032
217 255 346 342 383.
669 232 1079 384 Anna
285 360 1051 499 fr. Worfür er heimgekommen.
252 445 1295 585 Ants. Es habe vorgegeben, Er seye krank¬
275 517 951 645 Fr. Worüber Er sich geklaget:
256 591 1397 755 Weitlo. Es seye ungestund, habe geschwollene Kein
264 674 1030 811 Fr. Ob es sonst nichts gesaget.
267 743 577 855 Antl. Stein.
276 795 1317 943 Fr. Ob Er ihn nicht auf Langnau geschiket.
235 884 506 998 Rantlo. Ja
260 964 1427 1155 Fr. Wie lang hernach, als Er daheim angelanget,
320 1036 933 1159 Es ihn dahin gestendet.
236 1094 1399 1284 vntl. Der H. Predigkant, seyn zuerst zu ihm
328 1198 1417 1334 kommen und habe mit ihm geredet. Die
309 1277 1442 1426 Schleser habe, darauf ihm Deptgesagt, der
1023 1366 1061 1417 de
307 1348 1425 1506 Herr Predigkant habe ihm gerahten, den
307 1410 1365 1570 Doctor zu Langnau zu gebrauchen.
228 1486 321 1579 Pr.
346 1484 1419 1664 Was Er ihn geheißen, dem Doctor zu¬
304 1560 911 1687 Langnau zu sagen.
189 1615 1441 1818 Antricht habe ihm lediglich stein, Waß er gegeben,
299 1740 1363 1871 um ihm selbiges zu bringen, ohne ihm
303 1793 1406 1942 etwas dazu zu Tagen, als Erstelle dann
299 1863 1422 2016 die Mitel nemen, so er ihm geben werden,
212 1918 1068 2088 Fr. Wann Er dahin gegangen.
177 2027 1398 2165 Antl. etliche Tag hernach, als Er heimgekommen.
206 2099 1036 2255 Fr. Was der Doctor gestags
175 2201 1383 2341 Antlo. Es seyn ungestund, ohne ihm etwas mehr
282 2277 1410 2391 rers zu stagen, habe ihm viel Mitel gege¬
1256 2365 1325 2409 6.
291 2346 1409 2475 ben, und ihn berichtet, wie Er solche brauchen
269 2412 454 2513 stolle,
182 2490 1454 2660 Fr. Ober ihm nicht gesagt, daß Er schwänger seyn.
147 2576 307 2683 Ancto.
312 2569 1379 2719 Stein, Er habe darauf fleißig geachtet,
280 2639 1375 2799 wohl aber habe Er ihm gesagt, Es seyn an
290 2722 1283 2851 der Lunge oder Lebern angegriffen.
184 2788 278 2879 Fr.
314 2800 961 2923 3682 die Mitel gebrauchet:
164 2866 290 2965 Autb.
304 2863 810 2968 Sur etwas weniger.
183 2935 1337 3062 Fr. Aus was Grund, Er solche nicht gebrauchet.
155 3008 1309 3144 Antl: Es habe ihm nichts gesagt, er seye ein
1310 3027 1383 3109 .
279 3088 1406 3209 Zimmermann, der alle Tag auf die Arbeit gehe,
273 3139 826 3255 und Rath heimkomme,
313 3203 1389 3309 Warum Eracht gehabt, ob der Doctor ihn
187 3230 293 3306 Fr.
285 3276 1304 3381 nicht tagen werde, Es seye schwanger.
309 3337 1369 3485 Weilen der H. Predigkeit ihm solches
148 3350 289 3455 Amtl.
271 3417 630 3553 zugemuhtet.
1176 3484 1290 3577 Fr.
2729 308 2836 391 381.
1853 291 2328 445 ähler.
1667 443 2814 553 Ob Er dabey gewesen, als der H. Predigkant mit
1581 476 1652 571 che
1636 514 1976 613 ihm geredet.
1544 536 2825 688 Anth. Stein, der H. Predigkeit habe ihn geheißen, hinaus
1628 621 2831 745 zu gehen, und nachwärts, als derselbe weg gegan¬
1631 681 2747 814 gen, seye Er wieder in die Stuben getreten,
1633 745 2787 897 und habe ihns gefraget, ob der H. Predigkeit
1628 820 2761 946 dire etwan zugemuhtet, Es seyn schwänger.
1631 889 2774 1003 darauf es ihm geantwortet, da Er habe ihn
1632 933 2751 1061 darüber befraget, Es habe ihm aber gesaget,
1626 1037 2207 1168 Es wiße nichts davon.
1653 1093 2646 1226 36. Es nicht gesagt, Es seyn versprochen?
1534 1139 1623 1242 fr.
1658 1187 2805 1301 dismal habe Er nichts dergleichen von ihm stagen
1525 1226 1642 1315 Amts¬
1631 1261 2776 1356 gehört, wohl aber, als Er zuvor einsten auch
1621 1313 2805 1428 heimgekommen, habe Er Dept. aus der andern
1617 1400 2825 1500 Schwester Reden, verstanden, daß Er ihr muße
1630 1459 2826 1581 gesagt haben, Es seye mit einem versprochen.
1633 1532 2773 1659 Auf was Grund, Es wieder alhero auf Bern
1512 1538 1602 1655 I
1617 1629 1896 1723 gekommen.
1529 1691 2812 1812 Ants Er habe Gotschaft bekommen, und der H. Pre¬
1629 1797 2733 1891 digkant habe ihns auch geheißen, wieder
1606 1835 2652 1964 Einunter zu seinem Herrn zu gehen.
1539 1932 1619 2011 Fr.
1647 1908 2816 2037 Ob Er niemand von seinen Beschlasterten, oder
1630 1990 2782 2120 der Muter, oder jemand anders gesaget, Es
1619 2064 2759 2200 Neye schwänger, oder glaube schwänger zu
1621 2136 1790 2238 segn
1529 2192 2772 2339 Antl. Sein Sie haben nichts dergleichen an ihme
1616 2276 1921 2372 gemerket.
1702 2332 2682 2485 das seye seine gewißenhafte Außag
1521 2462 2787 2617 Dr David Bahler von Katenbyl.
1654 2563 2781 2684 31. Jahren Alters, seines Handwerks ein¬
1621 2621 2631 2765 Tischmacher. Sagt aus, auf Befragen.
1505 2689 1608 2820 6e.
1641 2712 2762 2874 Wann das Anneli heim auf Wastenwyl
1617 2808 1887 2898 gekommen?
1526 2866 2782 3018 Antl. Er bestinne sich nicht. Er seyn verheürahtet
1627 2966 2777 3078 und wohne nicht in gleichem Haus. an dem
1604 3029 2683 3152 Sontag seye er zu ihm hinausgegangen,
1623 3089 2786 3219 weilen Er die Woche hindurch zu Herzensee
1605 3158 1938 3264 gearbeitet.
1520 3214 2399 3339 Fr. Warum Er heim gegangen.
1501 3284 1628 3388 Actis
1641 3293 2666 3412 Sie haben ihn berichtet, Es seye kränklich,
1614 3361 2760 3482 derohalb Er Er am Sontag, da Er denn gekom¬
1615 3415 2027 3517 men, besuchet.
2555 3518 2658 3610 Er¬
