3024 4032
184 355 304 439 319.
583 331 1049 470 DIt
333 453 1393 601 Er seinen Bruder, zu Ihr der Frau Schultheiß in
336 540 1387 670 geschikt, seinen Lohn, Absichen und Kleider zu
329 617 1399 716 begehren, weilen Er vernommen, daß Sie mit
321 677 1412 791 einer anderen Köchin verstehen seyn. Sie die
316 739 1425 858 Frau Deponentin habe diesem Bruder alsobald
322 802 1449 931 auf seinen Quittant hin, aller geforderte zugestelt,
324 863 1326 985 und vermitlest deßen, seye er nicht mehr in
325 937 1445 1045 ihrem dienst gestanden, sonder erlaßen worden.
315 1009 1401 1129 dennoch aber habe Sie hernach aus Erbarend ihm
315 1066 1359 1176 zuschreiben laßen, und ihm angeboten zu
322 1144 1314 1251 verschaffen, daß Er in die Insul komme.
328 1189 1391 1317 daßelbe habe aber anfänglich austo von der
307 1255 1390 1383 Instul nichts hören wollen. Derohalb Sie
300 1345 1370 1465 ihm antragen laßen, Es solle nur her¬
307 1415 1405 1519 kommen, Sie wolle ihn anderwärts versorgen.
310 1467 1385 1607 Auf dieses seyn Er angelanget, da Er dann
304 1553 1403 1680 sich bey ihr über Engbrustigkeit, Gängigkeit,
297 1616 1391 1749 Mätigkeit und Senkenwehe geklaget. Habe
312 1700 1359 1814 sich eine Burze Zeit bey Herrn Sanherrn
313 1757 1347 1881 Otths Knecht aufgehalten, und endlich selbst
305 1844 1406 1960 begehrt in die Insul zu gehen, wo Er hernach
312 1908 1389 2030 angenommen worden. Invor aber habe
297 1960 1133 2078 Er Mitel von H. Hilfer genommen.
336 2028 1389 2165 Die versichere, daß Sie niemalen verdäch¬
296 2105 1405 2239 tige Ausschweisungen, im Gegentheil aber
298 2192 1425 2286 ein eingezogenes Leben an ihm vermerket,
299 2256 1421 2387 sonderlich wahrend der Zeit, als Er versprochen
273 2324 523 2428 gewesen.
184 2408 1408 2574 E. E. HH. Schultzers Dürter von
284 2513 1397 2657 shund bekräftigte obige seiner Frau Ehrge¬
292 2604 1350 2735 mahlin außagend ihrem gantzen Inhalt¬
150 2728 1388 2889 3. Datorias Atten Kammermags
280 2870 1295 2991 bey frau Schultheil in Stürler, sagst aus¬
249 2905 1373 3061 Wie habe bey dem Anneli in gleichen Bet
275 3024 1358 3155 geschlaffen, und habe nicht die geringsten
266 3091 1418 3218 Zeichen einer Schwängerschafft an ihm bemerket:
271 3161 1373 3288 Es stege geweilen Rahter zu Betgekommen, und
280 3240 1411 3350 auch spahter als die Deponentin aufgestanden.
265 3298 1358 3416 habe auf seine Zeiten nicht Achtung gegeben.
267 3376 1339 3491 Sie glaube aber, Es habe solche noch ein Monat
267 3443 1367 3549 vor der Zeit gehabt, als Er aus dem Dienst gegangen.
272 3499 1358 3611 habe neinal einen verdächtigen Umgang von ihm
269 3557 484 3666 gestehen.
1208 3563 1340 3643 A.
1515 3070 1565 3155 6
1526 502 1590 611 4.
2708 276 2826 354 380
1902 284 2341 446 Radler
1581 375 2812 553 Eustadt G. von Fraubrunnen, Rächin bey
1611 475 2474 608 Herrn Doctorn Landhaus sagt aus¬
1583 558 2819 707 Sie habe an dem Anneli Bähler niemal etwas
1616 642 2768 762 bemerket, daraus Sie häte schließen sollen, en
1620 708 2825 827 möchte schwänger seyn. Es habe ihr wohl gesagt,
1611 765 2836 911 Es habe händigkeit auf der Gruß und und geschwol¬
1610 846 2829 964 kenes sein. Er habe ihr auch einmal das Waßer
1598 897 2752 1033 gegeben zum Nachrichter zu tragen, der Sie
1606 965 2757 1091 gefraget, ob Er etwan schwangen seye. Wie sie
1608 1029 2728 1163 ihm verdeütet, sie wiße er nicht, habe Er sie
1609 1103 2768 1226 nach dem Alter gefragt, dasie gesagt, zwischen
1612 1170 2778 1297 60. und 10. Jahren, habe Er ihr, nachdem sie glei¬
1614 1238 2803 1345 chen Tag wieder zu ihm gegangen, um die Mitel
1605 1309 2697 1425 zu holen, eine Essenz gegeben, so, wie das
1617 1376 2817 1496 Anneli ihr nachwerts gesagt, stüße Ehenz gewesen
1601 1457 2776 1571 seye. Sie habe den Nachrichter dabey erin¬
1605 1519 2752 1641 neret, wann Er jetz schwanger seyn solte, so
1605 1590 2773 1694 werde Er ihm da nichts geben, das ihm schaden
1609 1650 2809 1779 möchte. Worauf Er ihr geantwortet, das werde
1609 1737 2273 1847 ihm gar nichts schaden.
1505 1823 2768 1996 S. Herr Gerstul verwalter Pactier
1596 1931 1914 2031 deponirt.
1601 2001 1740 2095 .
2774 2081 2804 2128 .
1585 2068 2745 2165 Die Doctor Muter seye gestern auf den
1599 2111 2811 2250 Abend, gegen 6 Uhr zu ihm gekommen, ihme
1593 2179 2808 2317 zu offenbahren, es habe sich etwas auf deror¬
1602 2250 2771 2366 deutliches zugetragen. Steinlich da Sie in
1608 2323 2742 2458 der Stube einem starken hatt. Gestand
1602 2401 2829 2528 gerochen, seye Sie von Bet zu bet gegangen,
1611 2470 2798 2594 und habe sich bey der Anneli Bähler bet, wo¬
2617 2553 2843 2639 Da haben
1611 2541 2621 2670 es am meisten gerochen, gestellet.
1604 2616 2810 2743 Sie das Bet durchsuchet, und ein in einer Loche
1606 2673 2753 2790 und wandstäklein eingewihelter Todtes Kind
1598 2748 1874 2858 gefunden.
2030 2765 2776 2895 Er H. Deponient habe anbe¬
1591 2823 2820 2935 fohlen das Kind in das tochten Kämmerli zu legen.
1613 2890 2772 3035 Und habe diese Begebenheit behörigen Orts
1611 2965 1893 3081 angezeigt.
1579 3045 1738 3140 I
1611 3071 2800 3202 Herben 5. die Doctor Muter
1621 3178 2433 3306 von Reütl bey Buren, sagtens.
1564 3243 2825 3414 Die habe von der vorgegangenen Geniet nichts
1610 3357 2784 3471 gemerket noch gespühret, bis gestern Abends,
1615 3429 2462 3531 da ein starker Beschmak in der
2478 3427 2756 3522 Stuben und
1608 3479 2443 3622 sonderlich bey der Anneli Bählers
2455 3498 2718 3596 bet gewesen
2715 3529 2814 3598 Daro
