3024 4032
92 246 208 333 225.
613 250 999 412 Decisi
302 366 1314 540 zugemachet, und sie seyen darauf mit
296 451 1306 621 dem Geld in sein Stublein gegangen,
292 536 1330 699 wo sie solches mit einander zu gleichem
289 602 904 742 Stük für Stuk, getheilet.
328 696 1272 854 darauf habe die Schmiedin gesagt,
291 752 1257 927 sie wolle jezt das mit der Strangen
297 854 1251 1000 machen, damit es nicht auskomme
329 928 1318 1053 Es habe Ihr 8. Stuk von einer Sortenn
273 996 1331 1118 S. von einer andern, verrufftes Geld
298 1079 1288 1239 zugestelt, um selbes zu Neüenburg
288 1147 1344 1302 zu verwechslen, worfür sie ihm darnach
295 1249 1300 1387 eine neue dublonen gebracht. Ehes
286 1316 1330 1471 als sie damal von einander gegangen,
274 1406 1273 1542 habe die Schmieden ihm zugemachtet.
283 1489 1241 1615 Es solle noch strachten, daß Er die
281 1560 1227 1704 Schlüßel zum Cabinet, zur Hand
286 1657 1308 1774 bringen könne. Es habe ihr aber zur
277 1710 1276 1855 Antwort gegeben. Er habe es nicht en
287 1795 1264 1942 der Zeit, die Predigt seye aus¬
255 1864 1078 2014 Es müße zu Mitag kochen.
203 1977 288 2071 36.
298 1975 1327 2119 twan 14. Tag hernach auch an einem
158 2023 250 2106 e.
270 2085 1267 2216 Sontag, seyn die Schmiedig wieder ein
271 2158 1318 2293 Morgen, da Er noch zu Stet gelegen,
292 2236 1348 2359 anklopfen kommen, habe ein Körblein
279 2320 1274 2442 unter dem Arm gehabt, und seye
1326 2342 1382 2406 hr.
289 2391 1372 2527 darauf zu ihm in sein Stüblen gebeten
282 2469 1342 2578 gegangen, wo Sie ihm erst die Tublonen
287 2551 1306 2674 für das verruffte Geld zugestelt
274 2626 1319 2761 habe. In während der Predigt seyen
290 2703 1349 2835 sie wieder mit einander in H. Jenners
283 2802 1319 2921 Stuben gegangen, wo die Schmiedin¬
286 2859 1357 2985 mit einem Meßer ohne Heffte, so
280 2935 1276 3076 auf dem Tisch gelegen, das Rigeli
297 3007 1327 3145 ein obern Bracon hinauf gestoßen,
289 3083 1356 3209 und also daßelbe geöfnet. Damal
267 3139 1384 3299 haben sie alle Schubladen hervorgezogen,
292 3205 1333 3362 aber kein Geld mehr gefunden, wohl
286 3307 1313 3447 aber einen Schlüßel, darüber Sie ihns
283 3377 1367 3542 gefraget, ob selbiger nicht zum Cabinet
1194 3428 1374 3552 gehörde
1464 2376 1568 2496 60
1466 2495 1521 2589 6
2655 203 2760 307 226.
2005 242 2366 407 Parisir.
1593 357 2763 523 gehöre, wie Er solches bezahet. So habe Er gege
1599 421 2684 563 selbst das Cabinet darmit geöfnet, worin
1593 482 2766 625 ein mit eisten beschlagener trag, der zugedekt,
1604 554 2729 700 aber nicht beschloßen wäre, sich befände, den
1579 616 2741 749 detel habe es Inquil aufgethan, darin ein Sekel
1590 689 2701 816 mit Lomblane und Medailles gelegen.
1576 764 2734 878 Woraus sie von beyder Gatung genommen.
1601 827 2762 978 habe darnach das Cabinet wieder beschloßen,
1580 895 2738 1044 die Schlüßel an sein Ort geleget, das Gu¬
1599 970 2744 1106 ven zugemachet und mit dem Geld sich in
1575 1030 2735 1174 sein Stublein begeben. Die kleinen Stük
1574 1113 2763 1259 haben sie zu gleichem mit einander getheilet.
1574 1178 2756 1313 4. oder 5. große Medailles, habe die Schmiedin
1587 1255 2700 1406 allein zur Hand genommen, vorgebende,
1580 1337 2681 1486 Sie wolle solche zu Steuenburg wehrlen,
1580 1411 2750 1545 und zugleich einen Passe partout machen
1581 1491 2690 1640 laßen, für das untere Schafftlich öfnen
1574 1596 2728 1713 zu können, worin dublonen liegen, wie
1572 1656 2717 1795 sie solches aus den Tasses und Spiel
1585 1772 1850 1864 geschehen.
1573 1813 2722 1953 für seinen Antheil von den Medailles
1584 1902 2689 2038 habe sie ihm hernach 20 th gegeben.
1601 1983 2782 2100 und verheißen, noch so viel zu überliefern.
1622 2052 2779 2210 denne habe sie gesagt, in the zu Freyburg
1588 2150 2753 2292 im Kloster bezalt zu haben, daß sie für
1575 2221 2735 2371 seiner Magn bäten, damit Er nicht an
1591 2288 2056 2420 Golgen komme,
1598 2396 2781 2584 Klan 3. Wochen nach diesem L. diebstal
1597 2502 2750 2665 an einem Montag Abends, zwischen Tag
1599 2568 2719 2733 und Nacht, seye die Schmiedin wieder
1578 2645 2676 2800 zu ihm gekommen, und habe dem erst
1595 2725 2754 2862 damal den Zwantzger für die Medailles
1586 2797 2705 2930 zugestelt, mit dem verdeüten, die
1586 2868 2760 3040 Medailles seyen nicht pur Silber gewesen
1598 2957 2742 3099 kosten Ermehr darfür bekommen häte:
1660 3036 2779 3208 Damal habe sie einen Passe partout
1583 3119 2725 3289 her vorgezogen, welchen Er Ingts an
1603 3207 2775 3352 seinem eigenen Schafft probirt, womit
1606 3272 2722 3438 Es denselben eröfnet, der Bart aber
1596 3358 2772 3524 seye im Schloß abgebrochen und darin
2493 3494 2766 3603 verblieben.
