3024 4032
135 2250 215 2352 ihr
111 2711 259 2843 Guth
125 3187 195 3290 In
156 283 213 340 15
197 3213 237 3286 .
156 901 286 1070 ihe
127 1409 278 1545 Antb.
557 236 845 365 Anna
321 343 1348 497 des Kauenbraten Weit sein junge
244 408 306 511 .
279 439 1339 585 eres Stief Kind zum Ungehorsam
283 499 1310 674 gegen und 1796. aufgewiesen,
275 566 1352 744 und daß es nicht mehr habe batten,
279 650 1319 793 wollen. Sonsten habe es weiter
280 730 1351 873 richts auf dem Gewißen noch zu
274 831 673 975 offenbahren.
307 903 1320 1034 da es vormals gesagt, es habe den
276 982 1236 1105 Hauenkrat und stein Weib nur
259 1051 1304 1183 kranck machen wollen, so solte er
268 1126 1318 1267 nun sagen, wie es gewust, wie
259 1209 1285 1373 viel Gifft es nemmen müße, für
259 1304 1151 1432 sie mir brauch zu enachen,
291 1382 1268 1556 Es habe geglaubt, das wenige
258 1487 1291 1638 dißt, so es nemme, könne sie ein
249 1572 1293 1728 möglich fodern, sonder werde Sie
251 1660 1313 1782 ein brauch machen. Habe es
239 1731 1310 1883 aus Einfalt gethan, und niemals
254 1827 1309 1977 ein Vorsatz gehabt, Sie darmit zu
236 1909 1313 2047 toden, sonder habe gleich Anfangs
248 1986 1325 2145 im bin gehabt, er ihnen selbst zu
229 2112 689 2236 offenbahren.
267 2212 1311 2364 dabey habe es keine Einfall gezeigt
247 2306 1279 2442 indem es bey sich selbst gedenckt, daß
248 2379 1300 2513 dieses die mir kranck machen könne.
236 2459 1306 2595 folglich müße es schon zuvor auch
239 2542 1311 2673 mit Gott eingegangen seyn, weilen
231 2615 1084 2737 es deßen Krafft geloufft.
285 2694 1296 2858 Es bezeuge von Gott, daß es solches
291 2797 354 2851 5.
245 2799 1285 2927 aus Einfalt begangen, und keine
238 2871 1292 3005 weitere Absicht dabey gehabt, als Sie
241 2965 1286 3081 brauch zu machen, ihme seye auch
242 3018 1310 3144 die Würckung in der Quantitas nicht
231 3102 485 3195 bekannt.
269 3164 1283 3291 da es in seinem ersten Examen
249 3265 1325 3376 vorgeben. Es habe diese böse that
2696 144 2862 250 158.
1917 218 2330 379 dannen.
1563 321 2834 523 gethan, weilen den Hauenkrat ihme
1573 404 2812 567 viel mehr Geld zureich gefordert, als
1560 478 2853 642 es ihm entwendet. Und in dem Zwey¬
1570 566 2741 747 den Examen gesaget, weilen des
1567 653 2837 821 Hauenkraten Weib ihm vorgehalten.
1566 719 2803 910 Dem Vatter seye nicht in seiner Suche
1556 814 2760 1003 jetzt dann wieder anderst rede und
1547 893 2809 1107 sage, es seye auch aus dem Greis
1554 997 2799 1170 geschehen, indeme es sein Stiefkind
1554 1086 2775 1274 ungehorsam gemacht. So zeige
1548 1187 2779 1362 dieses alles deutlich an, daß es den
1546 1273 2758 1456 selber das diß, mit Vorsatz und
1549 1363 2812 1553 aus herer Raach beygebracht. Solle
1548 1474 2709 1625 also die keine Wahrheit hierüber
1552 1584 1776 1705 reden.
1479 1619 2781 1795 Auts. Da es müße gestehen, daß es solches
1547 1731 2797 1874 uns gorn gethan, und daß es ihnen
1550 1818 2747 1957 auch etwas leids dargegen thun
1538 1901 2715 2030 wollen, doch aber betheure es
1544 1991 2786 2120 daß solches ihm erst in der gleichen
1541 2062 2794 2201 Stund zu dingekommen, da es selben
1557 2145 2008 2250 ausgeriebet.
1595 2217 2776 2365 Ob von dieser seinem bösten von
1482 2228 1566 2357 Hr.
1569 2321 2768 2445 sat, noch von Peiner nachherigen Aus¬
1567 2404 1599 2444 t
1537 2391 2757 2532 gebung meinen gekantschafft gehabt.
1459 2482 2729 2647 Antl. Stein, es habe dieser von selbst unter¬
1546 2590 2745 2723 non̄en, allein ausgenebet, und ne¬
1533 2651 2416 2808 emand was davon gesagt.
1642 2779 2699 2975 Aber die von Meine gnädigen Herren ein be¬
1524 2897 2737 3058 heiß von Ihnn eingekommene Gerichten
1534 2967 2645 3111 und Examiner, würde es befragt.
1570 3047 2690 3209 Ob es zu litigen den Ullrich Kupfer
1459 3049 1554 3201 Hr.
1538 3133 2689 3278 Schmid und sein weib Veren Scheide
1541 3218 1739 3353 penne
1461 3275 2699 3443 Ants. Es tetine sich nicht, daß es kent von
2429 3439 2508 3516 .
2581 3389 2725 3524 ode
