<?xml version="1.0" encoding="UTF-8" standalone="yes"?>
<PcGts xmlns="http://schema.primaresearch.org/PAGE/gts/pagecontent/2013-07-15" xmlns:xsi="http://www.w3.org/2001/XMLSchema-instance" xsi:schemaLocation="http://schema.primaresearch.org/PAGE/gts/pagecontent/2013-07-15 http://schema.primaresearch.org/PAGE/gts/pagecontent/2013-07-15/pagecontent.xsd">
    <Metadata>
        <Creator>prov=University of Rostock/Institute of Mathematics/CITlab|PLANET AI GmbH/Gundram Leifert/gundram.leifert@planet-ai.de:name=German_Kurrent_XVI-XVIII_M5.4(htr_id=38771)::::v=2.6.7
prov=University of Rostock/Institute of Mathematics/CITlab|PLANET AI GmbH/Tobias Gruening/tobias.gruening@planet-ai.de:name=de.uros.citlab.module.baseline2polygon.B2PSeamMultiOriented:v=2.6.7
prov=University of Rostock/Institute of Mathematics/CITlab|PLANET AI GmbH/Tobias Gruening/tobias.gruening@planet-ai.de:name=/net_tf/LA73_249_0mod360.pb:de.uros.citlab.segmentation.CITlab_LA_ML:v=2.6.7
Transkribus</Creator>
        <Created>2022-06-16T10:54:18.633+02:00</Created>
        <LastChange>2022-09-12T15:45:43.052+02:00</LastChange>
        <TranskribusMetadata docId="1334854" pageId="52363532" pageNr="103" tsid="114645548" status="IN_PROGRESS" userId="9570" imgUrl="https://files.transkribus.eu/Get?id=YWUWNBIEWAAJIWJVOGYAEMOH&amp;fileType=view" xmlUrl="https://files.transkribus.eu/Get?id=BOILWFVRJXNNIBQVZBJIPRQA" imageId="35487498"/>
    </Metadata>
    <Page imageFilename="IMG_8122.jpg" imageWidth="3024" imageHeight="4032">
        <ReadingOrder>
            <OrderedGroup id="ro_1687513595703" caption="Regions reading order">
                <RegionRefIndexed index="0" regionRef="r1"/>
                <RegionRefIndexed index="1" regionRef="r2"/>
                <RegionRefIndexed index="2" regionRef="r3"/>
            </OrderedGroup>
        </ReadingOrder>
        <TextRegion orientation="0.0" id="r1" custom="readingOrder {index:0;}">
            <Coords points="164,263 164,433 308,433 308,263"/>
            <TextLine id="r1l1" custom="readingOrder {index:0;}">
                <Coords points="160,414 186,414 203,426 220,427 225,421 253,420 265,410 285,410 306,387 319,387 313,339 285,328 218,335 209,347 167,344 153,354"/>
                <Baseline points="164,383 192,378 221,375 250,373 279,369 308,363"/>
                <TextEquiv>
                    <Unicode>198.</Unicode>
                </TextEquiv>
            </TextLine>
            <TextEquiv>
                <Unicode>198.</Unicode>
            </TextEquiv>
        </TextRegion>
        <TextRegion orientation="0.0" id="r2" custom="readingOrder {index:1;}">
            <Coords points="119,354 119,3456 1350,3456 1350,354"/>
            <TextLine id="r2l1" custom="readingOrder {index:0;}">
                <Coords points="658,446 727,451 749,429 766,435 806,414 856,449 909,400 926,408 970,394 967,309 920,309 858,356 790,322 729,366 687,345 655,352"/>
                <Baseline points="665,396 692,399 719,401 746,402 773,402 800,401 827,399 854,398 881,396 908,393 935,391 963,390"/>
                <TextEquiv>
                    <Unicode>Ehauser</Unicode>
                </TextEquiv>
            </TextLine>
            <TextLine id="r2l2" custom="readingOrder {index:1;}">
                <Coords points="309,493 448,483 547,520 634,474 832,506 916,476 1215,479 1215,441 1151,409 1045,431 994,389 879,457 807,413 730,450 429,406 309,435"/>
                <Baseline points="317,482 361,482 406,482 450,482 495,480 539,480 584,479 628,479 673,479 717,477 762,477 807,477 851,476 896,476 940,476 985,476 1029,476 1074,476 1118,476 1163,477 1208,477"/>
                <TextEquiv>
                    <Unicode>ein zwäntzger gegeben, mit verdeüten</Unicode>
                </TextEquiv>
            </TextLine>
            <TextLine id="r2l3" custom="readingOrder {index:2;}">
                <Coords points="310,555 386,583 509,540 556,572 892,534 966,567 1056,538 1255,564 1256,489 1218,469 1073,515 1007,479 833,506 631,476 556,515 310,493"/>
                <Baseline points="317,537 363,536 410,536 456,536 503,536 549,536 596,536 642,536 689,537 735,537 782,537 829,538 875,539 922,539 968,539 1015,540 1061,540 1108,540 1154,540 1201,540 1248,540"/>
                <TextEquiv>
                    <Unicode>fir seye nicht von perem Silber gelesen</Unicode>
                </TextEquiv>
            </TextLine>
            <TextLine id="r2l4" custom="readingOrder {index:3;}">
                <Coords points="325,602 438,628 650,602 724,650 838,617 936,655 1218,657 1219,561 1057,538 942,571 842,542 799,571 582,549 387,582 325,547"/>
                <Baseline points="332,597 378,597 424,596 470,596 517,597 563,597 609,597 655,597 702,599 748,599 794,599 840,600 887,602 933,602 979,603 1025,603 1072,605 1118,606 1164,608 1211,608"/>
                <TextEquiv>
                    <Unicode>seye ihm aber noch daher ein zwäntzger</Unicode>
                </TextEquiv>
            </TextLine>
            <TextLine id="r2l5" custom="readingOrder {index:4;}">
                <Coords points="301,678 328,661 339,669 353,660 401,692 413,686 438,695 464,689 464,622 447,628 426,622 401,626 389,614 380,619 363,605 333,631 301,632"/>
                <Baseline points="309,660 338,660 367,660 397,660 426,660 456,660"/>
                <TextEquiv>
                    <Unicode>schuldige</Unicode>
                </TextEquiv>
            </TextLine>
            <TextLine id="r2l6" custom="readingOrder {index:5;}">
                <Coords points="322,743 470,729 588,777 657,734 719,775 795,730 864,773 1070,734 1295,768 1296,671 1130,646 323,684"/>
                <Baseline points="330,728 377,728 425,729 473,731 521,731 569,731 617,732 664,732 712,732 760,732 808,732 856,732 904,732 952,734 999,734 1047,734 1095,734 1143,735 1191,737 1239,737 1287,738"/>
                <TextEquiv>
                    <Unicode>dem Herrn Jenner habe Er zurückgegebene</Unicode>
                </TextEquiv>
            </TextLine>
            <TextLine id="r2l7" custom="readingOrder {index:6;}">
                <Coords points="315,820 483,823 548,791 1062,816 1103,788 1160,817 1267,804 1267,761 1039,735 726,779 662,735 569,777 451,730 315,772"/>
                <Baseline points="323,795 369,794 416,794 463,794 510,794 557,794 604,794 650,794 697,794 744,795 791,795 838,795 885,795 932,795 978,795 1025,795 1072,795 1119,795 1166,795 1213,794 1260,794"/>
                <TextEquiv>
                    <Unicode>an Pfen̄igen und anderem Gets für das</Unicode>
                </TextEquiv>
            </TextLine>
            <TextLine id="r2l8" custom="readingOrder {index:7;}">
                <Coords points="314,871 551,867 615,902 721,861 805,905 887,866 931,902 1030,855 1318,871 1297,816 1176,828 1103,790 873,834 548,791 314,821"/>
                <Baseline points="321,857 370,857 420,858 469,858 519,858 568,859 618,860 667,860 717,860 766,860 816,860 865,860 915,861 964,860 1014,860 1063,860 1113,860 1162,859 1212,858 1261,858 1311,857"/>
                <TextEquiv>
                    <Unicode>Werth der 229. wie Er gesagt. Denne habe</Unicode>
                </TextEquiv>
            </TextLine>
            <TextLine id="r2l9" custom="readingOrder {index:8;}">
                <Coords points="291,955 902,937 953,983 1037,938 1265,952 1265,888 995,862 837,916 705,862 612,920 518,873 382,911 291,894"/>
                <Baseline points="299,927 346,929 394,929 442,930 490,930 538,930 586,932 634,932 682,933 730,933 778,933 825,933 873,933 921,935 969,935 1017,935 1065,935 1113,933 1161,933 1209,933 1257,933"/>
                <TextEquiv>
                    <Unicode>Es noch 3. nene dublonen, d. Jeder und 2.</Unicode>
                </TextEquiv>
            </TextLine>
            <TextLine id="r2l10" custom="readingOrder {index:9;}">
                <Coords points="297,1019 732,1001 816,1038 942,1007 1013,1055 1076,1006 1277,1010 1277,969 1212,931 1055,943 985,988 783,936 720,981 460,931 298,958"/>
                <Baseline points="305,999 353,998 401,996 449,996 497,996 546,996 594,997 642,998 690,998 738,999 787,1000 835,1001 883,1002 931,1003 979,1004 1028,1004 1076,1005 1124,1005 1172,1005 1220,1004 1269,1002"/>
                <TextEquiv>
                    <Unicode>Cocthl. in einem Kasterungen unter</Unicode>
                </TextEquiv>
            </TextLine>
            <TextLine id="r2l11" custom="readingOrder {index:10;}">
                <Coords points="317,1074 436,1104 549,1063 634,1089 679,1065 1210,1100 1264,1077 1078,1006 1019,1051 910,1043 872,1006 816,1039 617,999 317,1012"/>
                <Baseline points="324,1067 370,1065 417,1064 463,1062 510,1062 557,1062 603,1061 650,1062 696,1062 743,1062 790,1063 836,1064 883,1065 929,1066 976,1067 1023,1068 1069,1070 1116,1071 1162,1073 1209,1074 1256,1076"/>
                <TextEquiv>
                    <Unicode>das Haubtkuße verborgen, und dann</Unicode>
                </TextEquiv>
            </TextLine>
            <TextLine id="r2l12" custom="readingOrder {index:11;}">
                <Coords points="304,1138 366,1164 433,1132 521,1177 616,1135 945,1168 1014,1140 1080,1175 1117,1145 1283,1144 1283,1109 1112,1075 795,1100 677,1066 433,1112 305,1080"/>
                <Baseline points="311,1127 359,1128 407,1128 455,1130 503,1130 552,1130 600,1131 648,1131 696,1131 744,1131 793,1131 841,1133 889,1133 937,1133 985,1134 1034,1134 1082,1136 1130,1137 1178,1138 1226,1140 1275,1142"/>
                <TextEquiv>
                    <Unicode>seyen noch 3. Bajories ihme abgenommen</Unicode>
                </TextEquiv>
            </TextLine>
            <TextLine id="r2l13" custom="readingOrder {index:12;}">
                <Coords points="304,1217 522,1198 687,1235 773,1206 853,1212 903,1259 951,1214 1219,1239 1199,1143 963,1189 879,1141 792,1186 617,1135 521,1177 307,1131"/>
                <Baseline points="312,1193 357,1194 402,1196 447,1197 492,1197 537,1199 582,1200 627,1202 672,1203 717,1204 762,1205 807,1206 852,1208 897,1208 942,1209 987,1210 1032,1211 1077,1212 1122,1212 1167,1212 1212,1214"/>
                <TextEquiv>
                    <Unicode>worden. Aus dem übrigen habe Er</Unicode>
                </TextEquiv>
            </TextLine>
            <TextLine id="r2l14" custom="readingOrder {index:13;}">
                <Coords points="290,1289 643,1276 737,1326 826,1295 903,1325 1012,1285 1112,1317 1234,1305 1236,1238 969,1215 902,1259 853,1212 818,1234 748,1208 694,1243 569,1204 292,1220"/>
                <Baseline points="299,1257 345,1260 391,1262 438,1264 484,1266 530,1268 577,1269 623,1271 669,1272 716,1274 762,1276 808,1277 855,1278 901,1280 947,1280 994,1281 1040,1281 1086,1283 1133,1283 1179,1284 1226,1284"/>
                <TextEquiv>
                    <Unicode>Bet und Hausrat gekauffet, und habe</Unicode>
                </TextEquiv>
            </TextLine>
            <TextLine id="r2l15" custom="readingOrder {index:14;}">
                <Coords points="294,1336 858,1347 1049,1400 1095,1366 1225,1371 1227,1303 992,1296 890,1333 827,1302 682,1318 632,1277 364,1268 295,1295"/>
                <Baseline points="302,1328 347,1329 393,1329 439,1331 485,1332 531,1334 576,1336 622,1337 668,1339 714,1341 760,1343 805,1344 851,1345 897,1347 943,1347 989,1349 1034,1349 1080,1350 1126,1350 1172,1350 1218,1349"/>
                <TextEquiv>
                    <Unicode>dem Man̄ für ein brannes Kleid zu</Unicode>
                </TextEquiv>
            </TextLine>
            <TextLine id="r2l16" custom="readingOrder {index:15;}">
                <Coords points="286,1407 373,1433 511,1395 748,1442 1119,1417 1223,1452 1235,1375 958,1401 857,1348 668,1387 575,1332 492,1367 400,1328 287,1340"/>
                <Baseline points="293,1398 339,1397 386,1397 433,1398 479,1398 526,1400 573,1401 619,1403 666,1404 713,1407 760,1409 806,1411 853,1412 900,1413 946,1415 993,1416 1040,1416 1086,1418 1133,1417 1180,1416 1227,1415"/>
                <TextEquiv>
                    <Unicode>kauffen 1. neue dublonen und ein</Unicode>
                </TextEquiv>
            </TextLine>
            <TextLine id="r2l17" custom="readingOrder {index:16;}">
                <Coords points="287,1486 679,1478 833,1526 1005,1530 1103,1491 1172,1518 1226,1495 1227,1455 1121,1418 1016,1443 878,1413 792,1462 644,1411 373,1435 288,1412"/>
                <Baseline points="294,1461 340,1463 386,1464 432,1466 478,1467 525,1469 571,1470 617,1472 663,1472 709,1473 756,1475 802,1475 848,1476 894,1476 940,1478 987,1478 1033,1479 1079,1479 1125,1479 1171,1479 1218,1479"/>
                <TextEquiv>
                    <Unicode>andermal 2. neue Rhl. gegeben</Unicode>
                </TextEquiv>
            </TextLine>
            <TextLine id="r2l18" custom="readingOrder {index:17;}">
                <Coords points="203,1600 214,1601 230,1590 238,1591 267,1568 281,1569 276,1469 267,1469 252,1482 243,1478 234,1486 220,1475 197,1474"/>
                <Baseline points="209,1556 240,1553 272,1553"/>
                <TextEquiv>
                    <Unicode>fr.</Unicode>
                </TextEquiv>
            </TextLine>
            <TextLine id="r2l19" custom="readingOrder {index:18;}">
                <Coords points="315,1584 620,1562 845,1602 910,1576 973,1625 1127,1582 1309,1591 1312,1500 931,1511 847,1549 639,1483 546,1540 318,1486"/>
                <Baseline points="324,1551 372,1554 421,1556 470,1559 519,1560 568,1563 617,1565 666,1566 715,1568 764,1569 813,1571 861,1572 910,1574 959,1574 1008,1575 1057,1575 1106,1575 1155,1576 1204,1575 1253,1575 1302,1575"/>
                <TextEquiv>
                    <Unicode>Ob Er dem Mann nicht auch eine Mantur</Unicode>
                </TextEquiv>
            </TextLine>
            <TextLine id="r2l20" custom="readingOrder {index:19;}">
                <Coords points="290,1671 332,1660 374,1676 422,1652 440,1668 459,1653 480,1673 507,1650 532,1648 584,1672 621,1666 625,1565 544,1574 516,1596 466,1584 409,1606 385,1594 353,1604 294,1583"/>
                <Baseline points="300,1622 326,1623 352,1624 378,1626 404,1626 430,1628 457,1631 483,1631 509,1632 535,1634 561,1634 587,1635 614,1635"/>
                <TextEquiv>
                    <Unicode>angeschaffet.</Unicode>
                </TextEquiv>
            </TextLine>
            <TextLine id="r2l21" custom="readingOrder {index:20;}">
                <Coords points="127,1718 186,1723 204,1714 218,1725 236,1727 244,1721 265,1733 280,1729 281,1627 268,1625 220,1658 199,1652 184,1659 164,1654 153,1663 127,1663"/>
                <Baseline points="135,1706 162,1707 190,1706 217,1706 245,1707 273,1709"/>
                <TextEquiv>
                    <Unicode>An No.</Unicode>
                </TextEquiv>
            </TextLine>
            <TextLine id="r2l22" custom="readingOrder {index:21;}">
                <Coords points="300,1760 412,1730 483,1765 597,1721 969,1786 1042,1737 1250,1742 1252,1659 1118,1638 991,1688 896,1640 601,1676 539,1652 487,1683 457,1654 416,1692 303,1669"/>
                <Baseline points="309,1707 355,1710 402,1714 448,1716 495,1719 542,1721 588,1722 635,1725 682,1727 728,1728 775,1730 822,1731 868,1733 915,1733 962,1734 1008,1736 1055,1736 1102,1737 1148,1737 1195,1739 1242,1739"/>
                <TextEquiv>
                    <Unicode> habe ihm auch etwas gegeben, und</Unicode>
                </TextEquiv>
            </TextLine>
            <TextLine id="r2l23" custom="readingOrder {index:22;}">
                <Coords points="291,1799 539,1797 632,1848 784,1799 1058,1837 1272,1819 1275,1729 1031,1786 861,1782 793,1732 705,1758 527,1725 483,1765 294,1732"/>
                <Baseline points="299,1779 347,1781 395,1783 443,1785 492,1787 540,1790 588,1791 637,1794 685,1796 733,1798 782,1800 830,1802 878,1805 926,1806 975,1808 1023,1809 1071,1809 1120,1811 1168,1811 1216,1809 1265,1809"/>
                <TextEquiv>
                    <Unicode>dann habe er selbst auch von dem Geld</Unicode>
                </TextEquiv>
            </TextLine>
            <TextLine id="r2l24" custom="readingOrder {index:23;}">
                <Coords points="276,1893 372,1852 387,1868 434,1884 449,1869 488,1862 540,1895 552,1891 554,1830 543,1833 511,1809 447,1831 402,1804 367,1828 277,1800"/>
                <Baseline points="284,1851 310,1851 336,1853 362,1853 388,1853 414,1853 440,1853 466,1854 492,1854 518,1856 545,1857"/>
                <TextEquiv>
                    <Unicode>genommen.</Unicode>
                </TextEquiv>
            </TextLine>
            <TextLine id="r2l25" custom="readingOrder {index:24;}">
                <Coords points="165,1968 176,1968 186,1959 208,1955 214,1949 222,1952 234,1946 251,1948 252,1840 242,1837 217,1844 189,1827 181,1833 167,1830"/>
                <Baseline points="174,1931 208,1932 243,1932"/>
                <TextEquiv>
                    <Unicode>fr.</Unicode>
                </TextEquiv>
            </TextLine>
            <TextLine id="r2l26" custom="readingOrder {index:25;}">
                <Coords points="298,1941 378,1984 504,1936 704,1997 900,1962 1010,1999 1086,1954 1142,1997 1240,1998 1221,1851 1034,1898 878,1863 841,1894 620,1871 573,1905 371,1852 300,1883"/>
                <Baseline points="306,1931 352,1932 398,1934 445,1935 491,1937 537,1938 584,1940 630,1942 676,1944 723,1946 769,1947 815,1949 862,1950 908,1952 954,1952 1001,1953 1047,1953 1093,1955 1140,1955 1186,1953 1233,1953"/>
                <TextEquiv>
                    <Unicode>Was sie an der Hochzeit verzehret.</Unicode>
                </TextEquiv>
            </TextLine>
            <TextLine id="r2l27" custom="readingOrder {index:26;}">
                <Coords points="111,2018 132,2022 150,2041 183,2057 200,2058 222,2042 250,2055 265,2054 270,1964 252,1962 235,1946 203,1953 165,1972 115,1946"/>
                <Baseline points="119,2013 147,2015 175,2016 203,2018 231,2019 260,2022"/>
                <TextEquiv>
                    <Unicode>Autho¬</Unicode>
                </TextEquiv>
            </TextLine>
            <TextLine id="r2l28" custom="readingOrder {index:27;} place {offset:14; length:11;}">
                <Coords points="291,2058 534,2034 915,2095 971,2051 1068,2084 1105,2051 1262,2050 1263,2015 1127,1985 1051,2024 876,1969 808,2026 761,1996 650,2011 559,1957 379,1984 295,1941"/>
                <Baseline points="300,2022 347,2025 395,2026 443,2029 490,2031 538,2033 586,2036 633,2037 681,2039 729,2041 777,2043 824,2045 872,2046 920,2046 967,2048 1015,2048 1063,2048 1110,2048 1158,2048 1206,2046 1254,2045"/>
                <TextEquiv>
                    <Unicode>zu deißwyl im Gutenschens haben</Unicode>
                </TextEquiv>
            </TextLine>
            <TextLine id="r2l29" custom="readingOrder {index:28;}">
                <Coords points="292,2092 647,2123 733,2163 854,2117 948,2153 1046,2119 1147,2155 1357,2134 1358,2089 1304,2065 1121,2051 1063,2086 972,2051 882,2098 790,2056 741,2092 652,2047 543,2085 293,2056"/>
                <Baseline points="300,2090 352,2093 405,2097 457,2100 510,2103 562,2106 615,2108 667,2111 720,2112 772,2115 825,2117 877,2117 930,2118 982,2118 1035,2120 1087,2120 1140,2120 1192,2120 1245,2118 1297,2117 1350,2117"/>
                <TextEquiv>
                    <Unicode>sie am letsten Hochzeit Tag 2. C. Beathen,</Unicode>
                </TextEquiv>
            </TextLine>
            <TextLine id="r2l30" custom="readingOrder {index:29;}">
                <Coords points="219,2204 343,2170 386,2200 639,2188 715,2227 847,2186 918,2224 963,2185 1275,2202 1277,2154 1109,2148 1066,2110 861,2166 627,2120 510,2158 320,2100 220,2128"/>
                <Baseline points="227,2165 279,2166 331,2169 383,2171 435,2174 487,2175 539,2178 591,2180 643,2181 695,2183 747,2184 799,2186 851,2186 903,2187 955,2188 1007,2189 1059,2189 1111,2189 1163,2189 1215,2189 1268,2189"/>
                <TextEquiv>
                    <Unicode>am Tag hernach dan̄ habe der Man̄ den</Unicode>
                </TextEquiv>
            </TextLine>
            <TextLine id="r2l31" custom="readingOrder {index:30;}">
                <Coords points="281,2260 476,2297 635,2244 840,2294 1088,2261 1325,2291 1338,2214 1140,2192 1048,2242 973,2194 922,2230 780,2195 707,2236 627,2188 386,2200 343,2171 281,2203"/>
                <Baseline points="288,2246 340,2247 392,2249 444,2250 496,2252 548,2253 600,2255 652,2256 704,2258 756,2259 808,2260 860,2261 912,2262 964,2262 1016,2262 1068,2262 1120,2261 1172,2261 1224,2259 1276,2258 1329,2255"/>
                <TextEquiv>
                    <Unicode>Wirth bezalt, es wiße aber nicht bieviel¬</Unicode>
                </TextEquiv>
            </TextLine>
            <TextLine id="r2l32" custom="readingOrder {index:31;} person {offset:29; length:6;}">
                <Coords points="280,2325 522,2326 579,2376 634,2337 702,2375 866,2343 1018,2391 1113,2341 1276,2339 1298,2292 1087,2261 802,2305 704,2261 634,2311 544,2270 469,2304 281,2259"/>
                <Baseline points="288,2315 338,2316 388,2319 438,2321 488,2324 538,2325 588,2328 638,2330 688,2332 738,2334 789,2336 839,2336 889,2337 939,2337 989,2337 1039,2337 1089,2336 1139,2334 1189,2333 1239,2330 1290,2327"/>
                <TextEquiv>
                    <Unicode>denne habe Er auch im Brater Hausli für</Unicode>
                </TextEquiv>
            </TextLine>
            <TextLine id="r2l33" custom="readingOrder {index:32;}">
                <Coords points="274,2425 534,2395 577,2433 815,2417 864,2453 1002,2414 1130,2454 1297,2401 1277,2344 1136,2337 995,2391 859,2350 716,2383 644,2336 578,2375 517,2328 274,2340"/>
                <Baseline points="281,2391 331,2393 381,2393 432,2394 482,2396 533,2397 583,2399 634,2400 684,2402 735,2402 785,2403 835,2403 886,2403 936,2403 987,2403 1037,2402 1088,2400 1138,2397 1189,2395 1239,2390 1290,2385"/>
                <TextEquiv>
                    <Unicode>fleisch und Hanen begeinem th</Unicode>
                </TextEquiv>
            </TextLine>
            <TextLine id="r2l34" custom="readingOrder {index:33;}">
                <Coords points="292,2499 326,2490 345,2506 371,2502 417,2474 443,2482 495,2475 513,2485 530,2477 531,2401 479,2406 463,2399 441,2418 415,2422 382,2406 348,2439 315,2408 294,2415"/>
                <Baseline points="300,2465 327,2466 355,2468 383,2468 411,2468 438,2468 466,2469 494,2469 522,2471"/>
                <TextEquiv>
                    <Unicode>bezalet.</Unicode>
                </TextEquiv>
            </TextLine>
            <TextLine id="r2l35" custom="readingOrder {index:34;}">
                <Coords points="197,2593 216,2588 244,2559 252,2563 264,2557 285,2555 278,2484 259,2482 241,2487 219,2508 211,2503 188,2508"/>
                <Baseline points="200,2549 225,2546 250,2544 276,2541"/>
                <TextEquiv>
                    <Unicode>fhe</Unicode>
                </TextEquiv>
            </TextLine>
            <TextLine id="r2l36" custom="readingOrder {index:35;}">
                <Coords points="309,2561 541,2553 615,2586 693,2548 771,2595 975,2600 1225,2547 1212,2474 1082,2526 973,2460 310,2491"/>
                <Baseline points="317,2541 362,2541 407,2541 452,2543 497,2543 542,2543 587,2544 632,2544 677,2546 722,2546 767,2547 812,2547 857,2547 902,2549 947,2549 992,2549 1037,2549 1082,2549 1127,2549 1172,2547 1217,2547"/>
                <TextEquiv>
                    <Unicode>36 fl. zu deyß weil nicht noch mehrers</Unicode>
                </TextEquiv>
            </TextLine>
            <TextLine id="r2l37" custom="readingOrder {index:36;}">
                <Coords points="294,2617 380,2605 434,2656 479,2640 519,2659 606,2622 709,2626 712,2557 681,2550 618,2584 591,2562 548,2588 479,2561 439,2577 412,2550 386,2557 368,2542 296,2569"/>
                <Baseline points="302,2600 327,2600 352,2600 377,2600 402,2601 427,2603 452,2603 477,2604 502,2606 527,2607 552,2609 577,2609 602,2610 627,2610 652,2611 677,2611 702,2610"/>
                <TextEquiv>
                    <Unicode>Gelangegeben.</Unicode>
                </TextEquiv>
            </TextLine>
            <TextLine id="r2l38" custom="readingOrder {index:37;}">
                <Coords points="137,2713 170,2696 201,2698 217,2709 239,2690 255,2695 281,2690 281,2620 251,2619 231,2633 210,2625 201,2630 172,2624 137,2631"/>
                <Baseline points="144,2679 169,2679 195,2679 221,2679 247,2679 273,2679"/>
                <TextEquiv>
                    <Unicode>Antl.</Unicode>
                </TextEquiv>
            </TextLine>
            <TextLine id="r2l39" custom="readingOrder {index:38;}">
                <Coords points="310,2684 340,2687 351,2700 405,2693 450,2712 477,2711 483,2601 449,2606 433,2620 364,2607 339,2612 326,2624 313,2618"/>
                <Baseline points="318,2678 343,2679 369,2679 394,2681 420,2682 445,2683 471,2687"/>
                <TextEquiv>
                    <Unicode>Meine</Unicode>
                </TextEquiv>
            </TextLine>
            <TextLine id="r2l40" custom="readingOrder {index:39;}">
                <Coords points="213,2791 222,2791 237,2776 245,2775 254,2775 268,2787 275,2787 278,2690 261,2692 250,2701 246,2698 233,2708 226,2705 223,2708 215,2707"/>
                <Baseline points="221,2759 269,2760"/>
                <TextEquiv>
                    <Unicode>fr</Unicode>
                </TextEquiv>
            </TextLine>
            <TextLine id="r2l41" custom="readingOrder {index:40;}">
                <Coords points="300,2775 707,2779 760,2815 855,2781 1060,2835 1273,2786 1275,2696 930,2728 806,2667 745,2721 619,2704 562,2742 472,2694 302,2703"/>
                <Baseline points="308,2760 355,2760 403,2762 451,2763 499,2765 547,2768 595,2769 642,2772 690,2774 738,2775 786,2778 834,2780 882,2780 930,2781 977,2783 1025,2783 1073,2783 1121,2782 1169,2781 1217,2778 1265,2775"/>
                <TextEquiv>
                    <Unicode>Ob Er dann der Magd nichts gegebens</Unicode>
                </TextEquiv>
            </TextLine>
            <TextLine id="r2l42" custom="readingOrder {index:41;}">
                <Coords points="137,2862 161,2864 176,2874 193,2862 239,2862 252,2850 260,2850 260,2772 237,2777 201,2807 187,2812 160,2794 137,2797"/>
                <Baseline points="144,2834 171,2835 198,2835 225,2835 252,2834"/>
                <TextEquiv>
                    <Unicode>Autho</Unicode>
                </TextEquiv>
            </TextLine>
            <TextLine id="r2l43" custom="readingOrder {index:42;}">
                <Coords points="296,2855 432,2848 543,2895 603,2856 790,2870 850,2854 851,2813 759,2815 719,2784 602,2804 574,2785 506,2820 458,2806 393,2825 299,2775"/>
                <Baseline points="305,2838 331,2838 358,2838 385,2839 412,2840 439,2841 466,2842 492,2843 519,2844 546,2844 573,2846 600,2847 627,2847 654,2849 680,2850 707,2852 734,2852 761,2853 788,2855 815,2855 842,2856"/>
                <TextEquiv>
                    <Unicode>Ja einen Schulpfenning.</Unicode>
                </TextEquiv>
            </TextLine>
            <TextLine id="r2l44" custom="readingOrder {index:43;}">
                <Coords points="194,2955 211,2954 230,2933 239,2928 251,2934 267,2928 264,2868 249,2871 244,2878 236,2881 220,2871 209,2880 190,2877"/>
                <Baseline points="200,2927 230,2924 260,2924"/>
                <TextEquiv>
                    <Unicode>Er</Unicode>
                </TextEquiv>
            </TextLine>
            <TextLine id="r2l45" custom="readingOrder {index:44;}">
                <Coords points="313,2941 521,2930 660,2985 894,2988 1052,2935 1222,2930 1223,2850 962,2829 911,2862 532,2897 432,2848 314,2847"/>
                <Baseline points="320,2919 364,2921 409,2923 454,2925 498,2927 543,2928 588,2930 632,2933 677,2933 722,2936 767,2936 811,2937 856,2937 901,2937 945,2937 990,2937 1035,2936 1079,2934 1124,2933 1169,2929 1214,2925"/>
                <TextEquiv>
                    <Unicode>Wo Er das Get gekauffet, und was er</Unicode>
                </TextEquiv>
            </TextLine>
            <TextLine id="r2l46" custom="readingOrder {index:45;}">
                <Coords points="301,3017 335,3027 366,3007 404,3023 430,3001 453,3012 529,3012 531,2932 497,2931 488,2940 467,2929 422,2949 394,2930 331,2943 302,2936"/>
                <Baseline points="309,2987 335,2988 362,2989 388,2990 415,2990 442,2990 468,2991 495,2991 522,2993"/>
                <TextEquiv>
                    <Unicode>gekostet.</Unicode>
                </TextEquiv>
            </TextLine>
            <TextLine id="r2l47" custom="readingOrder {index:46;}">
                <Coords points="132,3082 148,3078 155,3084 163,3077 170,3082 190,3081 198,3075 240,3096 258,3093 261,2998 249,3002 237,2998 192,3028 174,3025 163,3014 135,3014"/>
                <Baseline points="141,3068 168,3070 196,3071 224,3072 252,3071"/>
                <TextEquiv>
                    <Unicode>Auto</Unicode>
                </TextEquiv>
            </TextLine>
            <TextLine id="r2l48" custom="readingOrder {index:47;}">
                <Coords points="303,3084 1304,3085 1304,2999 1267,2984 1199,3037 908,2995 770,3059 705,3015 658,3045 611,3013 304,3019"/>
                <Baseline points="311,3072 360,3071 409,3071 458,3071 508,3071 557,3071 606,3072 655,3072 705,3074 754,3075 803,3077 852,3077 902,3078 951,3080 1000,3080 1049,3080 1099,3080 1148,3079 1197,3078 1246,3076 1296,3074"/>
                <TextEquiv>
                    <Unicode> habe in der Frau Lauffer Laden dad</Unicode>
                </TextEquiv>
            </TextLine>
            <TextLine id="r2l49" custom="readingOrder {index:48;}">
                <Coords points="291,3145 469,3142 528,3176 580,3144 937,3146 1075,3186 1141,3149 1225,3157 1211,3085 292,3095"/>
                <Baseline points="299,3135 344,3135 390,3135 436,3137 482,3137 528,3137 574,3138 620,3139 666,3140 712,3141 758,3141 803,3143 849,3143 895,3144 941,3144 987,3146 1033,3146 1079,3147 1125,3147 1171,3147 1217,3147"/>
                <TextEquiv>
                    <Unicode>darbet um 13. R. und bey der Frau</Unicode>
                </TextEquiv>
            </TextLine>
            <TextLine id="r2l50" custom="readingOrder {index:49;}">
                <Coords points="284,3234 849,3210 986,3226 1042,3275 1301,3265 1303,3176 1238,3151 1140,3150 1047,3207 1014,3172 921,3197 851,3148 472,3153 415,3185 287,3154"/>
                <Baseline points="293,3207 343,3204 393,3203 443,3203 493,3203 543,3203 593,3204 643,3206 693,3207 743,3209 794,3210 844,3213 894,3215 944,3218 994,3219 1044,3221 1094,3222 1144,3224 1194,3224 1244,3225 1295,3225"/>
                <TextEquiv>
                    <Unicode>Zeender das Unterbet und Haubtbrüßi</Unicode>
                </TextEquiv>
            </TextLine>
            <TextLine id="r2l51" custom="readingOrder {index:50;}">
                <Coords points="298,3291 334,3273 364,3296 397,3272 431,3292 492,3269 547,3292 640,3285 683,3315 764,3274 938,3293 923,3221 876,3241 602,3212 509,3248 469,3220 298,3223"/>
                <Baseline points="306,3269 337,3272 368,3272 399,3273 430,3273 462,3273 493,3273 524,3273 555,3273 586,3273 618,3272 649,3272 680,3272 711,3272 742,3272 774,3273 805,3274 836,3276 867,3277 898,3281 930,3284"/>
                <TextEquiv>
                    <Unicode>auch um 13ten erhandelt.</Unicode>
                </TextEquiv>
            </TextLine>
            <TextLine id="r2l52" custom="readingOrder {index:51;}">
                <Coords points="305,3385 971,3381 971,3280 895,3306 806,3282 770,3315 718,3289 683,3315 638,3286 591,3327 527,3277 440,3294 387,3273 366,3294 305,3273"/>
                <Baseline points="312,3345 344,3347 377,3347 409,3347 442,3348 474,3348 507,3348 539,3347 572,3347 604,3347 637,3347 670,3347 702,3345 735,3345 767,3345 800,3346 832,3347 865,3347 897,3348 930,3348 963,3350"/>
                <TextEquiv>
                    <Unicode>Was Er weiters gekauffet.</Unicode>
                </TextEquiv>
            </TextLine>
            <TextLine id="r2l53" custom="readingOrder {index:52;}">
                <Coords points="188,3400 235,3402 256,3398 265,3391 282,3392 278,3292 265,3295 242,3289 224,3306 215,3308 207,3302 200,3309 185,3309"/>
                <Baseline points="194,3353 220,3353 246,3351 273,3351"/>
                <TextEquiv>
                    <Unicode>fr.</Unicode>
                </TextEquiv>
            </TextLine>
            <TextLine id="r2l54" custom="readingOrder {index:53;}">
                <Coords points="1042,3440 1055,3444 1082,3436 1118,3439 1141,3433 1161,3440 1201,3438 1205,3391 1164,3379 1100,3407 1084,3406 1062,3394 1046,3395"/>
                <Baseline points="1050,3425 1078,3428 1107,3430 1135,3432 1164,3435 1193,3438"/>
                <TextEquiv>
                    <Unicode>Antlo¬</Unicode>
                </TextEquiv>
            </TextLine>
            <TextEquiv>
                <Unicode>Ehauser
ein zwäntzger gegeben, mit verdeüten
fir seye nicht von perem Silber gelesen
seye ihm aber noch daher ein zwäntzger
schuldige
dem Herrn Jenner habe Er zurückgegebene
an Pfen̄igen und anderem Gets für das
Werth der 229. wie Er gesagt. Denne habe
Es noch 3. nene dublonen, d. Jeder und 2.
Cocthl. in einem Kasterungen unter
das Haubtkuße verborgen, und dann
seyen noch 3. Bajories ihme abgenommen
worden. Aus dem übrigen habe Er
Bet und Hausrat gekauffet, und habe
dem Man̄ für ein brannes Kleid zu
kauffen 1. neue dublonen und ein
andermal 2. neue Rhl. gegeben
fr.
Ob Er dem Mann nicht auch eine Mantur
angeschaffet.
An No.
 habe ihm auch etwas gegeben, und
dann habe er selbst auch von dem Geld
genommen.
fr.
Was sie an der Hochzeit verzehret.
Autho¬
zu deißwyl im Gutenschens haben
sie am letsten Hochzeit Tag 2. C. Beathen,
am Tag hernach dan̄ habe der Man̄ den
Wirth bezalt, es wiße aber nicht bieviel¬
denne habe Er auch im Brater Hausli für
fleisch und Hanen begeinem th
bezalet.
fhe
36 fl. zu deyß weil nicht noch mehrers
Gelangegeben.
Antl.
Meine
fr
Ob Er dann der Magd nichts gegebens
Autho
Ja einen Schulpfenning.
Er
Wo Er das Get gekauffet, und was er
gekostet.
Auto
 habe in der Frau Lauffer Laden dad
darbet um 13. R. und bey der Frau
Zeender das Unterbet und Haubtbrüßi
auch um 13ten erhandelt.
Was Er weiters gekauffet.
fr.
Antlo¬</Unicode>
            </TextEquiv>
        </TextRegion>
        <TextRegion orientation="0.0" id="r3" custom="readingOrder {index:2;}">
            <Coords points="1472,277 1472,3482 2718,3482 2718,277"/>
            <TextLine id="r3l1" custom="readingOrder {index:0;}">
                <Coords points="2576,369 2588,363 2599,367 2604,360 2638,374 2659,353 2685,346 2700,329 2709,327 2703,262 2683,265 2673,279 2660,280 2654,287 2645,281 2628,289 2617,284 2591,299 2569,296"/>
                <Baseline points="2580,330 2610,320 2640,318 2670,317 2700,315"/>
                <TextEquiv>
                    <Unicode>198.</Unicode>
                </TextEquiv>
            </TextLine>
            <TextLine id="r3l2" custom="readingOrder {index:1;} person {offset:0; length:6; continued:true;}">
                <Coords points="1905,413 1938,398 1988,416 2019,399 2075,435 2155,427 2169,438 2229,404 2285,399 2286,308 2200,311 2162,289 2144,298 2094,284 2066,304 2040,295 1982,349 1940,365 1906,343"/>
                <Baseline points="1913,387 1939,387 1965,387 1991,387 2017,387 2043,387 2069,387 2095,387 2121,388 2147,389 2173,389 2199,390 2225,390 2251,392 2277,393"/>
                <TextEquiv>
                    <Unicode>Hauser</Unicode>
                </TextEquiv>
            </TextLine>
            <TextLine id="r3l3" custom="readingOrder {index:2;} person {offset:0; length:10; continued:true;}">
                <Coords points="1623,525 1711,483 2666,524 2685,460 2545,406 2432,410 2344,475 2035,417 1928,466 1830,410 1770,435 1627,380"/>
                <Baseline points="1632,483 1684,483 1736,482 1788,482 1840,483 1893,484 1945,485 1997,486 2049,488 2101,490 2154,492 2206,494 2258,495 2310,497 2362,498 2415,501 2467,502 2519,504 2571,504 2623,506 2676,506"/>
                <TextEquiv>
                    <Unicode>ln Betstat um 20. tr. von einer Frauen an</Unicode>
                </TextEquiv>
            </TextLine>
            <TextLine id="r3l4" custom="readingOrder {index:3;}">
                <Coords points="1489,524 1501,522 1508,511 1528,522 1534,516 1548,517 1577,498 1595,495 1577,411 1556,419 1530,451 1523,447 1514,459 1491,449 1475,454"/>
                <Baseline points="1493,509 1524,504 1555,496 1586,491"/>
                <TextEquiv>
                    <Unicode>Aus</Unicode>
                </TextEquiv>
            </TextLine>
            <TextLine id="r3l5" custom="readingOrder {index:4;} place {offset:4; length:9;}">
                <Coords points="1588,554 1678,538 1752,582 1865,535 1942,571 1996,538 2433,556 2501,603 2681,580 2682,522 2600,506 1589,498"/>
                <Baseline points="1596,542 1649,540 1703,539 1757,539 1811,539 1865,539 1919,540 1972,542 2026,543 2080,545 2134,548 2188,549 2242,551 2296,554 2349,555 2403,557 2457,558 2511,558 2565,558 2619,558 2673,557"/>
                <TextEquiv>
                    <Unicode>der Mezgergaß. Eine Commode und P. 2. so seine</Unicode>
                </TextEquiv>
            </TextLine>
            <TextLine id="r3l6" custom="readingOrder {index:5;}">
                <Coords points="1580,609 1685,654 1766,603 2068,653 2298,615 2554,670 2595,635 2627,669 2674,648 2676,576 2530,606 2334,556 2054,578 1999,538 1946,569 1821,539 1743,583 1678,537 1581,557"/>
                <Baseline points="1587,605 1641,603 1695,600 1749,599 1803,599 1857,600 1911,600 1965,602 2019,603 2073,606 2127,608 2181,611 2235,612 2289,615 2343,618 2397,620 2451,621 2505,623 2559,623 2613,623 2667,623"/>
                <TextEquiv>
                    <Unicode>Schwieger Muter einer Pfaff fürtuch und ein pand</Unicode>
                </TextEquiv>
            </TextLine>
            <TextLine id="r3l7" custom="readingOrder {index:6;}">
                <Coords points="1579,676 1683,666 1809,719 1860,670 2056,683 2098,724 2155,678 2465,692 2508,726 2687,698 2688,636 2551,669 2286,615 2218,667 2156,632 2111,665 1869,608 1580,614"/>
                <Baseline points="1587,666 1641,667 1696,668 1750,669 1805,671 1860,672 1914,674 1969,675 2023,677 2078,678 2133,679 2187,681 2242,681 2296,683 2351,684 2406,686 2460,686 2515,686 2569,686 2624,686 2679,686"/>
                <TextEquiv>
                    <Unicode>Strümpf auf seinen Leib für 2. §. 10. bz. Ein blauer</Unicode>
                </TextEquiv>
            </TextLine>
            <TextLine id="r3l8" custom="readingOrder {index:7;}">
                <Coords points="1567,776 1791,735 1941,789 2323,753 2380,792 2665,750 2666,690 2516,728 2380,681 2226,712 2164,678 2103,726 2018,676 1862,672 1761,718 1631,670 1568,703"/>
                <Baseline points="1575,737 1629,735 1683,735 1737,735 1791,735 1845,737 1899,737 1954,738 2008,740 2062,741 2116,743 2170,744 2224,746 2278,747 2333,747 2387,749 2441,749 2495,747 2549,746 2603,745 2658,741"/>
                <TextEquiv>
                    <Unicode>Ritel um 2. 3. t. Schwarzes Halstuch um 16. bz.</Unicode>
                </TextEquiv>
            </TextLine>
            <TextLine id="r3l9" custom="readingOrder {index:8;} person {offset:15; length:7;}">
                <Coords points="1575,854 2625,861 2654,858 2654,762 2403,820 2254,773 2149,803 2011,775 1950,811 1791,736 1575,770"/>
                <Baseline points="1583,837 1636,834 1689,833 1742,831 1795,831 1848,831 1901,831 1955,831 2008,833 2061,833 2114,834 2167,835 2220,836 2273,837 2327,837 2380,837 2433,837 2486,836 2539,835 2592,833 2646,831"/>
                <TextEquiv>
                    <Unicode>Was Er zu Herr Jenners Haus außert Geld</Unicode>
                </TextEquiv>
            </TextLine>
            <TextLine id="r3l10" custom="readingOrder {index:9;}">
                <Coords points="1488,869 1497,867 1502,858 1513,859 1521,846 1547,827 1516,750 1507,753 1500,764 1496,762 1478,794 1461,803"/>
                <Baseline points="1487,848 1510,831 1538,827"/>
                <TextEquiv>
                    <Unicode>Hr</Unicode>
                </TextEquiv>
            </TextLine>
            <TextLine id="r3l11" custom="readingOrder {index:10;}">
                <Coords points="1589,926 1636,907 1701,953 1740,933 1800,950 1907,908 1978,903 1978,862 1934,876 1889,850 1841,877 1805,851 1709,879 1671,857 1589,856"/>
                <Baseline points="1596,902 1621,903 1646,903 1671,903 1696,902 1721,902 1746,902 1771,902 1796,902 1821,902 1846,902 1871,902 1896,902 1921,903 1946,903 1971,905"/>
                <TextEquiv>
                    <Unicode>nehr gestohlen.</Unicode>
                </TextEquiv>
            </TextLine>
            <TextLine id="r3l12" custom="readingOrder {index:11;}">
                <Coords points="1600,1016 1713,986 1798,1019 1991,993 2048,1032 2120,992 2663,1017 2654,941 2558,972 2513,931 2458,956 2373,920 2274,977 2102,952 2027,892 1926,945 1703,954 1601,918"/>
                <Baseline points="1608,986 1660,987 1712,988 1765,989 1817,989 1869,990 1922,990 1974,990 2026,990 2079,990 2131,992 2183,992 2236,992 2288,992 2340,993 2393,993 2445,995 2497,996 2550,998 2602,999 2655,1001"/>
                <TextEquiv>
                    <Unicode>zwey oder drey Tischlachen, etliche Zaheli,</Unicode>
                </TextEquiv>
            </TextLine>
            <TextLine id="r3l13" custom="readingOrder {index:12;}">
                <Coords points="1467,1024 1494,1019 1502,1010 1522,1021 1532,1014 1547,1017 1557,1009 1566,1009 1553,925 1534,931 1523,947 1498,964 1480,955 1457,955"/>
                <Baseline points="1472,1004 1500,1000 1528,995 1556,992"/>
                <TextEquiv>
                    <Unicode>Auto:</Unicode>
                </TextEquiv>
            </TextLine>
            <TextLine id="r3l14" custom="readingOrder {index:13;}">
                <Coords points="2286,1041 2321,1034 2362,1053 2524,1052 2525,1014 2469,994 2434,1004 2422,998 2408,1009 2398,1001 2370,1009 2346,995 2332,1009 2316,996 2287,1000"/>
                <Baseline points="2294,1032 2321,1034 2349,1034 2377,1036 2405,1037 2433,1037 2461,1037 2489,1037 2517,1035"/>
                <TextEquiv>
                    <Unicode>undt Russiehen</Unicode>
                </TextEquiv>
            </TextLine>
            <TextLine id="r3l15" custom="readingOrder {index:14;} person {offset:35; length:9; continued:true;}">
                <Coords points="1569,1073 2451,1099 2572,1079 2573,1029 2273,1045 2163,995 2048,1032 1989,993 1808,1020 1713,988 1570,1039"/>
                <Baseline points="1577,1062 1626,1062 1675,1062 1725,1062 1774,1062 1824,1062 1873,1064 1922,1064 1972,1064 2021,1064 2071,1065 2120,1065 2169,1065 2219,1067 2268,1067 2318,1068 2367,1068 2416,1068 2466,1070 2515,1070 2565,1071"/>
                <TextEquiv>
                    <Unicode>1. Kindlachen, 2. darbetziehen. 1. ersterner</Unicode>
                </TextEquiv>
            </TextLine>
            <TextLine id="r3l16" custom="readingOrder {index:15;} person {offset:0; length:7; continued:true;}">
                <Coords points="1579,1155 1687,1181 1945,1143 2035,1189 2087,1148 2619,1156 2667,1141 2668,1068 2316,1093 2281,1127 2078,1078 1819,1109 1579,1069"/>
                <Baseline points="1586,1137 1639,1137 1693,1139 1747,1139 1800,1139 1854,1140 1908,1140 1961,1140 2015,1142 2069,1142 2123,1142 2176,1143 2230,1143 2284,1143 2337,1143 2391,1142 2445,1142 2498,1140 2552,1139 2606,1137 2660,1136"/>
                <TextEquiv>
                    <Unicode>dreyfuß, 2. Mannscheider, und 1. Weiberhei</Unicode>
                </TextEquiv>
            </TextLine>
            <TextLine id="r3l17" custom="readingOrder {index:16;}">
                <Coords points="1570,1262 1718,1230 1845,1266 1942,1223 2043,1270 2164,1226 2327,1268 2472,1231 2653,1270 2654,1177 2574,1138 2289,1198 2101,1160 1962,1202 1888,1146 1571,1181"/>
                <Baseline points="1578,1214 1631,1214 1684,1214 1738,1214 1791,1215 1845,1215 1898,1217 1951,1217 2005,1218 2058,1219 2112,1220 2165,1221 2218,1223 2272,1223 2325,1224 2379,1224 2432,1226 2485,1226 2539,1226 2592,1226 2646,1226"/>
                <TextEquiv>
                    <Unicode>8. Handzwehelen, 2. zinnerne Schlaten tisch¬</Unicode>
                </TextEquiv>
            </TextLine>
            <TextLine id="r3l18" custom="readingOrder {index:17;}">
                <Coords points="1576,1307 1599,1322 1625,1314 1657,1335 1696,1302 1722,1316 1746,1316 1762,1306 1786,1309 1785,1256 1752,1255 1712,1240 1669,1277 1641,1266 1621,1282 1603,1274 1576,1281"/>
                <Baseline points="1583,1298 1610,1296 1638,1295 1666,1295 1694,1295 1722,1295 1750,1295 1778,1295"/>
                <TextEquiv>
                    <Unicode>meßer.</Unicode>
                </TextEquiv>
            </TextLine>
            <TextLine id="r3l19" custom="readingOrder {index:18;}">
                <Coords points="1585,1374 1862,1360 1973,1411 2167,1360 2218,1399 2533,1408 2654,1360 2654,1314 2438,1320 2351,1260 2290,1291 1585,1317"/>
                <Baseline points="1593,1364 1645,1362 1698,1361 1750,1359 1803,1359 1856,1359 1908,1358 1961,1358 2014,1358 2066,1358 2119,1358 2172,1358 2224,1358 2277,1358 2330,1358 2382,1358 2435,1356 2488,1356 2540,1355 2593,1353 2646,1352"/>
                <TextEquiv>
                    <Unicode>Andere Sachen habe die Frau Jenner ihme</Unicode>
                </TextEquiv>
            </TextLine>
            <TextLine id="r3l20" custom="readingOrder {index:19;}">
                <Coords points="1571,1479 1590,1466 1610,1477 1643,1444 1654,1452 1664,1441 1692,1454 1716,1446 1728,1458 1753,1447 1818,1463 1842,1455 1841,1370 1809,1361 1755,1374 1725,1402 1702,1405 1679,1388 1637,1411 1610,1395 1600,1402 1569,1391"/>
                <Baseline points="1578,1437 1603,1437 1629,1437 1655,1437 1680,1437 1706,1437 1732,1436 1757,1436 1783,1434 1809,1434 1835,1433"/>
                <TextEquiv>
                    <Unicode>geschenket.</Unicode>
                </TextEquiv>
            </TextLine>
            <TextLine id="r3l21" custom="readingOrder {index:20;}">
                <Coords points="1584,1538 2411,1562 2673,1499 2672,1437 2582,1423 2502,1471 2295,1432 2240,1479 1991,1415 1859,1464 1583,1465"/>
                <Baseline points="1592,1526 1645,1526 1699,1526 1753,1526 1806,1526 1860,1526 1914,1524 1967,1524 2021,1523 2075,1523 2129,1521 2182,1520 2236,1520 2290,1518 2343,1517 2397,1515 2451,1514 2504,1512 2558,1510 2612,1508 2666,1506"/>
                <TextEquiv>
                    <Unicode>Was Er in Herr Dachsten Laden gekaufft.</Unicode>
                </TextEquiv>
            </TextLine>
            <TextLine id="r3l22" custom="readingOrder {index:21;}">
                <Coords points="1480,1559 1488,1559 1507,1541 1513,1543 1519,1540 1524,1544 1535,1533 1546,1532 1542,1462 1524,1467 1516,1465 1507,1474 1503,1471 1492,1478 1486,1475 1476,1479"/>
                <Baseline points="1487,1532 1512,1532 1538,1529"/>
                <TextEquiv>
                    <Unicode>fr.</Unicode>
                </TextEquiv>
            </TextLine>
            <TextLine id="r3l23" custom="readingOrder {index:22;}">
                <Coords points="1601,1617 1877,1650 2142,1611 2705,1619 2703,1535 2625,1513 2554,1553 2309,1534 2173,1583 1599,1547"/>
                <Baseline points="1608,1611 1662,1611 1716,1610 1771,1610 1825,1608 1880,1608 1934,1607 1988,1607 2043,1605 2097,1605 2152,1604 2206,1602 2260,1601 2315,1599 2369,1598 2424,1596 2478,1593 2532,1591 2587,1589 2641,1586 2696,1583"/>
                <TextEquiv>
                    <Unicode>Seines Man̄s brannen Rok und den Pfaff¬</Unicode>
                </TextEquiv>
            </TextLine>
            <TextLine id="r3l24" custom="readingOrder {index:23;}">
                <Coords points="1471,1642 1484,1639 1500,1649 1508,1645 1522,1658 1556,1640 1572,1648 1582,1646 1573,1517 1558,1518 1546,1533 1523,1544 1508,1540 1487,1565 1466,1572"/>
                <Baseline points="1476,1617 1508,1614 1540,1611 1572,1611"/>
                <TextEquiv>
                    <Unicode>Auto</Unicode>
                </TextEquiv>
            </TextLine>
            <TextLine id="r3l25" custom="readingOrder {index:24;}">
                <Coords points="1589,1730 1749,1735 1837,1695 2026,1749 2244,1700 2497,1734 2705,1699 2704,1646 2497,1611 2279,1657 1749,1615 1589,1645"/>
                <Baseline points="1596,1704 1651,1703 1706,1701 1761,1700 1816,1698 1871,1698 1926,1698 1981,1698 2036,1698 2091,1698 2146,1698 2201,1698 2256,1698 2311,1697 2366,1697 2421,1697 2476,1695 2531,1694 2586,1692 2641,1690 2697,1688"/>
                <TextEquiv>
                    <Unicode>Wie viel Geld Es seinem Mann in allem</Unicode>
                </TextEquiv>
            </TextLine>
            <TextLine id="r3l26" custom="readingOrder {index:25;}">
                <Coords points="1473,1739 1492,1741 1510,1725 1524,1724 1528,1719 1556,1739 1569,1737 1562,1645 1539,1648 1525,1659 1508,1646 1499,1649 1483,1639 1481,1643 1465,1644"/>
                <Baseline points="1478,1709 1505,1709 1532,1706 1559,1703"/>
                <TextEquiv>
                    <Unicode>fr.</Unicode>
                </TextEquiv>
            </TextLine>
            <TextLine id="r3l27" custom="readingOrder {index:26;}">
                <Coords points="1571,1822 1646,1772 1683,1787 1757,1781 1814,1820 1840,1816 1838,1699 1753,1734 1721,1716 1674,1743 1625,1721 1609,1721 1589,1741 1569,1739"/>
                <Baseline points="1578,1776 1603,1774 1628,1773 1654,1772 1679,1772 1705,1772 1730,1772 1755,1772 1781,1772 1806,1770 1832,1769"/>
                <TextEquiv>
                    <Unicode>zugestelt.</Unicode>
                </TextEquiv>
            </TextLine>
            <TextLine id="r3l28" custom="readingOrder {index:27;}">
                <Coords points="1480,1874 2139,1912 2378,1882 2490,1918 2711,1862 2711,1791 2512,1763 2396,1831 2073,1792 1480,1822"/>
                <Baseline points="1488,1865 1548,1863 1609,1862 1670,1862 1731,1862 1791,1863 1852,1863 1913,1865 1974,1866 2034,1868 2095,1869 2156,1869 2217,1871 2277,1871 2338,1871 2399,1871 2460,1869 2520,1867 2581,1863 2642,1860 2703,1856"/>
                <TextEquiv>
                    <Unicode>Auths, Er laße Er nicht, Es habe ihm zu glauben</Unicode>
                </TextEquiv>
            </TextLine>
            <TextLine id="r3l29" custom="readingOrder {index:28;}">
                <Coords points="1570,1980 1656,1939 1724,1974 1916,1942 1997,1983 2312,1960 2383,2004 2653,1962 2653,1931 2465,1896 2364,1932 2180,1885 2126,1919 2057,1878 1971,1907 1805,1867 1572,1890"/>
                <Baseline points="1578,1935 1631,1935 1684,1935 1738,1937 1791,1938 1845,1940 1898,1941 1951,1943 2005,1944 2058,1946 2112,1948 2165,1949 2218,1950 2272,1952 2325,1952 2379,1952 2432,1952 2485,1952 2539,1950 2592,1949 2646,1947"/>
                <TextEquiv>
                    <Unicode>gemacht, das Geld kan̄e aus seinem</Unicode>
                </TextEquiv>
            </TextLine>
            <TextLine id="r3l30" custom="readingOrder {index:29;}">
                <Coords points="1575,2051 1732,2016 1831,2069 2443,2023 2481,2057 2656,2021 2640,1984 2427,1971 2383,2004 2324,1959 2237,1988 1939,1987 1851,1946 1702,2000 1616,1956 1576,1979"/>
                <Baseline points="1583,2013 1636,2012 1689,2012 1742,2013 1796,2013 1849,2015 1902,2016 1956,2017 2009,2019 2062,2021 2116,2022 2169,2023 2222,2025 2275,2025 2329,2027 2382,2027 2435,2027 2489,2025 2542,2025 2595,2022 2649,2019"/>
                <TextEquiv>
                    <Unicode>Heymath, da habe Er selbst aus einem</Unicode>
                </TextEquiv>
            </TextLine>
            <TextLine id="r3l31" custom="readingOrder {index:30;}">
                <Coords points="1580,2105 1973,2096 2191,2144 2403,2109 2464,2147 2652,2108 2712,2132 2714,2047 1835,2071 1725,2015 1581,2061"/>
                <Baseline points="1589,2088 1644,2087 1700,2087 1756,2087 1812,2088 1868,2089 1924,2091 1979,2093 2035,2094 2091,2097 2147,2099 2203,2102 2259,2104 2315,2106 2370,2108 2426,2108 2482,2108 2538,2108 2594,2108 2650,2106 2706,2103"/>
                <TextEquiv>
                    <Unicode>trükli genommen, wiße aber nicht wie viel</Unicode>
                </TextEquiv>
            </TextLine>
            <TextLine id="r3l32" custom="readingOrder {index:31;}">
                <Coords points="1574,2207 2372,2192 2467,2221 2469,2146 2327,2109 2166,2145 2120,2114 2058,2142 1827,2131 1783,2089 1577,2106"/>
                <Baseline points="1584,2159 1627,2162 1671,2163 1715,2165 1759,2166 1803,2168 1846,2169 1890,2171 1934,2172 1978,2174 2022,2175 2065,2177 2109,2177 2153,2178 2197,2180 2241,2181 2284,2181 2328,2183 2372,2183 2416,2184 2460,2184"/>
                <TextEquiv>
                    <Unicode>Er werde es schon sagen können.</Unicode>
                </TextEquiv>
            </TextLine>
            <TextLine id="r3l33" custom="readingOrder {index:32;}">
                <Coords points="1505,2272 1515,2271 1529,2259 1534,2259 1540,2265 1546,2265 1556,2257 1564,2257 1564,2195 1553,2193 1547,2195 1534,2183 1523,2186 1520,2183 1517,2186 1512,2181 1505,2181"/>
                <Baseline points="1512,2253 1557,2253"/>
                <TextEquiv>
                    <Unicode>fr.</Unicode>
                </TextEquiv>
            </TextLine>
            <TextLine id="r3l34" custom="readingOrder {index:33;} person {offset:20; length:6;}">
                <Coords points="1588,2282 2713,2286 2699,2210 2618,2250 2373,2191 1591,2197"/>
                <Baseline points="1596,2249 1651,2249 1707,2250 1762,2250 1818,2253 1873,2255 1929,2256 1984,2259 2040,2261 2095,2263 2151,2265 2206,2268 2262,2270 2317,2272 2373,2274 2428,2276 2484,2277 2539,2279 2595,2279 2650,2279 2706,2279"/>
                <TextEquiv>
                    <Unicode>ls habe ja dem Herr Jenner vorgegeben, das</Unicode>
                </TextEquiv>
            </TextLine>
            <TextLine id="r3l35" custom="readingOrder {index:34;}">
                <Coords points="1593,2341 1794,2372 2102,2342 2158,2386 2289,2336 2631,2392 2662,2384 2666,2282 2462,2319 2400,2275 2123,2316 1976,2265 1595,2280"/>
                <Baseline points="1601,2310 1653,2313 1706,2315 1759,2317 1811,2319 1864,2321 1917,2324 1969,2326 2022,2328 2075,2331 2128,2333 2180,2334 2233,2337 2286,2340 2338,2342 2391,2343 2444,2345 2496,2346 2549,2348 2602,2348 2655,2349"/>
                <TextEquiv>
                    <Unicode>Beld liege hinter seinem Mann, und Es</Unicode>
                </TextEquiv>
            </TextLine>
            <TextLine id="r3l36" custom="readingOrder {index:35;}">
                <Coords points="1585,2422 1659,2391 1719,2414 1777,2395 1825,2431 1905,2441 2066,2404 2120,2432 2260,2424 2262,2345 2161,2384 2105,2343 2031,2336 1919,2380 1836,2346 1791,2374 1683,2340 1639,2365 1587,2350"/>
                <Baseline points="1593,2382 1626,2384 1659,2387 1692,2388 1725,2390 1758,2390 1791,2391 1824,2393 1857,2393 1890,2394 1923,2396 1956,2396 1989,2397 2022,2397 2055,2399 2088,2399 2121,2400 2154,2401 2187,2402 2220,2402 2253,2403"/>
                <TextEquiv>
                    <Unicode>wolle es ihm abforderen.</Unicode>
                </TextEquiv>
            </TextLine>
            <TextLine id="r3l37" custom="readingOrder {index:36;}">
                <Coords points="1483,2503 1498,2498 1514,2505 1536,2495 1551,2496 1563,2504 1587,2503 1589,2412 1576,2407 1532,2441 1516,2430 1494,2438 1484,2436"/>
                <Baseline points="1490,2472 1520,2475 1550,2474 1580,2475"/>
                <TextEquiv>
                    <Unicode>Ant.</Unicode>
                </TextEquiv>
            </TextLine>
            <TextLine id="r3l38" custom="readingOrder {index:37;} person {offset:22; length:12;}">
                <Coords points="1615,2494 2665,2508 2687,2432 2588,2402 2118,2436 2062,2406 1933,2462 1776,2396 1615,2386"/>
                <Baseline points="1623,2471 1675,2472 1728,2474 1781,2475 1834,2477 1887,2478 1939,2480 1992,2480 2045,2481 2098,2481 2151,2482 2203,2483 2256,2483 2309,2482 2362,2481 2415,2481 2467,2481 2520,2480 2573,2478 2626,2477 2679,2475"/>
                <TextEquiv>
                    <Unicode>der Mann habe nur die Louis blancs</Unicode>
                </TextEquiv>
            </TextLine>
            <TextLine id="r3l39" custom="readingOrder {index:38;}">
                <Coords points="1594,2561 2404,2555 2499,2609 2723,2569 2724,2508 2215,2487 2068,2532 1911,2480 1595,2496"/>
                <Baseline points="1602,2543 1657,2543 1713,2543 1768,2544 1824,2544 1880,2546 1935,2547 1991,2549 2047,2549 2102,2550 2158,2552 2214,2553 2269,2555 2325,2555 2381,2556 2436,2557 2492,2558 2548,2558 2603,2558 2659,2558 2715,2558"/>
                <TextEquiv>
                    <Unicode>und alten Thaler, auch Schulpfennige heiter</Unicode>
                </TextEquiv>
            </TextLine>
            <TextLine id="r3l40" custom="readingOrder {index:39;} person {offset:28; length:6;}">
                <Coords points="1553,2665 1668,2629 1845,2672 2106,2635 2187,2673 2474,2649 2541,2686 2703,2655 2690,2571 2501,2613 2397,2555 2329,2611 2257,2560 2160,2617 2017,2561 1951,2591 1894,2556 1556,2568"/>
                <Baseline points="1563,2615 1619,2616 1676,2619 1732,2620 1789,2621 1846,2624 1902,2625 1959,2627 2016,2629 2072,2631 2129,2633 2186,2634 2242,2636 2299,2637 2356,2639 2412,2640 2469,2642 2526,2643 2582,2644 2639,2646 2696,2646"/>
                <TextEquiv>
                    <Unicode>sich gehabt, so Er dem Herr Henner zurück¬</Unicode>
                </TextEquiv>
            </TextLine>
            <TextLine id="r3l41" custom="readingOrder {index:40;}">
                <Coords points="1582,2731 1755,2695 2062,2743 2247,2710 2536,2768 2725,2736 2727,2653 2559,2694 2490,2651 2336,2679 2234,2641 2181,2679 2024,2643 1583,2678"/>
                <Baseline points="1590,2693 1646,2694 1702,2696 1759,2697 1815,2699 1872,2700 1928,2702 1984,2704 2041,2706 2097,2708 2154,2709 2210,2711 2266,2712 2323,2715 2379,2716 2436,2717 2492,2718 2548,2720 2605,2720 2661,2720 2718,2720"/>
                <TextEquiv>
                    <Unicode>gegeben. Was Er davon weiters gebraucht,</Unicode>
                </TextEquiv>
            </TextLine>
            <TextLine id="r3l42" custom="readingOrder {index:41;}">
                <Coords points="1578,2797 2280,2831 2404,2798 2716,2848 2719,2737 2678,2719 2537,2768 2425,2738 2255,2776 2109,2723 1985,2758 1936,2711 1580,2738"/>
                <Baseline points="1586,2771 1642,2771 1698,2772 1754,2773 1810,2775 1866,2777 1922,2778 1979,2781 2035,2783 2091,2786 2147,2787 2203,2790 2259,2792 2315,2793 2372,2795 2428,2796 2484,2796 2540,2796 2596,2796 2652,2795 2709,2793"/>
                <TextEquiv>
                    <Unicode>wiße es nicht, als für einen neuen Montur¬</Unicode>
                </TextEquiv>
            </TextLine>
            <TextLine id="r3l43" custom="readingOrder {index:42;}">
                <Coords points="1581,2881 1621,2871 1656,2851 1670,2856 1690,2844 1703,2850 1726,2849 1727,2785 1697,2782 1666,2804 1637,2790 1630,2795 1625,2790 1604,2793 1596,2785 1582,2789"/>
                <Baseline points="1590,2840 1615,2841 1641,2841 1667,2841 1693,2841 1719,2843"/>
                <TextEquiv>
                    <Unicode>Nok.</Unicode>
                </TextEquiv>
            </TextLine>
            <TextLine id="r3l44" custom="readingOrder {index:43;}">
                <Coords points="1504,2961 1521,2960 1524,2954 1539,2950 1554,2956 1558,2953 1566,2957 1574,2955 1556,2849 1547,2851 1536,2843 1526,2853 1514,2848 1512,2852 1501,2851 1486,2856"/>
                <Baseline points="1508,2936 1535,2933 1562,2927"/>
                <TextEquiv>
                    <Unicode>ihr</Unicode>
                </TextEquiv>
            </TextLine>
            <TextLine id="r3l45" custom="readingOrder {index:44;}">
                <Coords points="1609,2935 2664,2997 2667,2909 2597,2883 2365,2935 2201,2877 2110,2908 1937,2865 1867,2907 1749,2827 1612,2858"/>
                <Baseline points="1617,2927 1669,2928 1721,2930 1773,2930 1825,2932 1877,2934 1929,2937 1981,2939 2033,2940 2085,2943 2137,2945 2189,2948 2241,2950 2293,2952 2345,2955 2397,2957 2449,2958 2501,2961 2553,2963 2605,2964 2658,2964"/>
                <TextEquiv>
                    <Unicode>Was Er dem Mann vorgegeben, wo Er</Unicode>
                </TextEquiv>
            </TextLine>
            <TextLine id="r3l46" custom="readingOrder {index:45;}">
                <Coords points="1583,3008 1627,3040 1854,3036 1906,3058 1964,3026 1997,3060 2060,3062 2145,3017 2200,3045 2242,3025 2245,2952 2069,2979 1967,2937 1764,2961 1585,2947"/>
                <Baseline points="1590,2996 1622,2997 1654,2997 1686,2998 1719,2999 1751,3000 1783,3002 1815,3002 1848,3003 1880,3005 1912,3006 1944,3008 1977,3008 2009,3011 2041,3011 2073,3012 2106,3014 2138,3015 2170,3017 2202,3018 2235,3020"/>
                <TextEquiv>
                    <Unicode>dieses Geld hergehabt.</Unicode>
                </TextEquiv>
            </TextLine>
            <TextLine id="r3l47" custom="readingOrder {index:46;}">
                <Coords points="1467,3115 1570,3101 1633,3145 1739,3106 1786,3144 1879,3096 2007,3141 2066,3108 2364,3163 2492,3117 2658,3150 2682,3055 2244,3073 2125,3033 2015,3085 1834,3036 1469,3042"/>
                <Baseline points="1475,3092 1534,3092 1594,3092 1654,3093 1714,3094 1774,3096 1834,3098 1893,3100 1953,3102 2013,3104 2073,3106 2133,3110 2193,3111 2253,3114 2312,3116 2372,3119 2432,3122 2492,3123 2552,3125 2612,3128 2672,3129"/>
                <TextEquiv>
                    <Unicode>Ant. Er habe ihm gesagt, das alte Gelt und die</Unicode>
                </TextEquiv>
            </TextLine>
            <TextLine id="r3l48" custom="readingOrder {index:47;} place {offset:0; length:9;}">
                <Coords points="1592,3201 2112,3173 2558,3252 2656,3226 2659,3153 2475,3126 2380,3173 2103,3110 1786,3144 1596,3107"/>
                <Baseline points="1601,3165 1653,3164 1705,3164 1758,3164 1810,3164 1863,3165 1915,3167 1967,3168 2020,3171 2072,3173 2125,3176 2177,3179 2229,3183 2282,3185 2334,3188 2387,3191 2439,3194 2491,3197 2544,3199 2596,3201 2649,3203"/>
                <TextEquiv>
                    <Unicode>Pfeningen habe Er aus seinem Gelt bey</Unicode>
                </TextEquiv>
            </TextLine>
            <TextLine id="r3l49" custom="readingOrder {index:48;} person {offset:5; length:6;}">
                <Coords points="1593,3273 1643,3234 1846,3234 1959,3239 2029,3294 2119,3245 2195,3283 2233,3255 2285,3292 2344,3290 2356,3205 2202,3219 2111,3173 2045,3194 1942,3178 1872,3215 1764,3167 1596,3201"/>
                <Baseline points="1602,3233 1639,3233 1676,3232 1713,3231 1750,3231 1788,3233 1825,3233 1862,3233 1899,3234 1936,3236 1974,3237 2011,3238 2048,3240 2085,3242 2122,3245 2160,3246 2197,3249 2234,3251 2271,3254 2308,3256 2346,3260"/>
                <TextEquiv>
                    <Unicode>Herr Seiner aufgewechelet.</Unicode>
                </TextEquiv>
            </TextLine>
            <TextLine id="r3l50" custom="readingOrder {index:49;}">
                <Coords points="1497,3344 1658,3313 1714,3354 1849,3309 1936,3352 2041,3316 2154,3364 2412,3324 2467,3365 2642,3367 2680,3362 2683,3255 2563,3278 2486,3230 2327,3305 2122,3246 2029,3294 1959,3239 1499,3260"/>
                <Baseline points="1506,3318 1564,3315 1622,3312 1680,3311 1739,3309 1797,3309 1855,3309 1914,3309 1972,3311 2030,3312 2089,3314 2147,3317 2205,3319 2263,3322 2322,3324 2380,3327 2438,3330 2497,3334 2555,3336 2613,3340 2672,3342"/>
                <TextEquiv>
                    <Unicode>Fr. Ob Er von diesem gestohlenen Geld nichts</Unicode>
                </TextEquiv>
            </TextLine>
            <TextLine id="r3l51" custom="readingOrder {index:50;}">
                <Coords points="1593,3388 1788,3383 1952,3437 2119,3402 2449,3452 2578,3420 2580,3343 2521,3370 2418,3330 2324,3366 2223,3328 2158,3365 1852,3359 1798,3315 1728,3357 1595,3312"/>
                <Baseline points="1601,3378 1649,3377 1697,3375 1746,3375 1794,3374 1843,3375 1891,3375 1940,3377 1988,3378 2037,3378 2085,3380 2133,3383 2182,3384 2230,3387 2279,3390 2327,3391 2376,3395 2424,3396 2473,3398 2521,3401 2570,3402"/>
                <TextEquiv>
                    <Unicode>weiters ausgegeben oder entlehnt.</Unicode>
                </TextEquiv>
            </TextLine>
            <TextLine id="r3l52" custom="readingOrder {index:51;}">
                <Coords points="2536,3476 2554,3485 2567,3479 2574,3487 2585,3482 2613,3486 2629,3495 2647,3484 2653,3490 2671,3490 2678,3408 2641,3415 2626,3428 2617,3428 2607,3417 2590,3426 2540,3432"/>
                <Baseline points="2546,3453 2576,3456 2606,3460 2636,3463 2666,3462"/>
                <TextEquiv>
                    <Unicode>ant.</Unicode>
                </TextEquiv>
            </TextLine>
            <TextEquiv>
                <Unicode>198.
Hauser
ln Betstat um 20. tr. von einer Frauen an
Aus
der Mezgergaß. Eine Commode und P. 2. so seine
Schwieger Muter einer Pfaff fürtuch und ein pand
Strümpf auf seinen Leib für 2. §. 10. bz. Ein blauer
Ritel um 2. 3. t. Schwarzes Halstuch um 16. bz.
Was Er zu Herr Jenners Haus außert Geld
Hr
nehr gestohlen.
zwey oder drey Tischlachen, etliche Zaheli,
Auto:
undt Russiehen
1. Kindlachen, 2. darbetziehen. 1. ersterner
dreyfuß, 2. Mannscheider, und 1. Weiberhei
8. Handzwehelen, 2. zinnerne Schlaten tisch¬
meßer.
Andere Sachen habe die Frau Jenner ihme
geschenket.
Was Er in Herr Dachsten Laden gekaufft.
fr.
Seines Man̄s brannen Rok und den Pfaff¬
Auto
Wie viel Geld Es seinem Mann in allem
fr.
zugestelt.
Auths, Er laße Er nicht, Es habe ihm zu glauben
gemacht, das Geld kan̄e aus seinem
Heymath, da habe Er selbst aus einem
trükli genommen, wiße aber nicht wie viel
Er werde es schon sagen können.
fr.
ls habe ja dem Herr Jenner vorgegeben, das
Beld liege hinter seinem Mann, und Es
wolle es ihm abforderen.
Ant.
der Mann habe nur die Louis blancs
und alten Thaler, auch Schulpfennige heiter
sich gehabt, so Er dem Herr Henner zurück¬
gegeben. Was Er davon weiters gebraucht,
wiße es nicht, als für einen neuen Montur¬
Nok.
ihr
Was Er dem Mann vorgegeben, wo Er
dieses Geld hergehabt.
Ant. Er habe ihm gesagt, das alte Gelt und die
Pfeningen habe Er aus seinem Gelt bey
Herr Seiner aufgewechelet.
Fr. Ob Er von diesem gestohlenen Geld nichts
weiters ausgegeben oder entlehnt.
ant.</Unicode>
            </TextEquiv>
        </TextRegion>
    </Page>
</PcGts>
