3024 4032
314 336 474 440 92
673 324 986 482 Better.
491 451 1527 601 und einem Schärer auch zu ihr gekommen
470 536 1523 667 um dieser Magd zu Ader zu laßen
476 611 1535 753 welche sich aberlang geweigeret, enden
470 685 1523 817 aber auf langet zureden, habe sie an
458 767 1513 881 einem Arm sich eine Aderöffnen laßen
488 829 1513 950 Nachwerts habe sich diese Sags die
445 905 1507 1045 ganze Nacht in Seit still gehalten
431 984 1531 1133 und geschlafen, auch sich über nicht
448 1066 1517 1234 anders beklagt, als daß es an den
410 1160 955 1276 füßen kalt habe.
427 1254 1534 1433 Auf befragen, ob Sie niemals geachtet
431 1363 1542 1512 daß dieſe Magd sich ſchwänger befinden,
430 1440 1523 1582 lägte sie klein. Sie habe an demselben
406 1525 1513 1654 niemals einiche Schwangerschafft gebach¬
416 1611 1490 1758 iret, ob schon es alle Mitwochen ihre
384 1701 957 1848 Grodt überbracht.
439 1799 1502 1959 keute morgens dan habe Jgfr. Hänzi
413 1890 1493 2030 nebſt Jgfr. Kuhn und einen gebammen
422 1977 1480 2088 wie auch Hl. Hänzer Kellermagd,
418 2047 1201 2187 die Klags wieder besucht.
439 2141 1502 2287 Die Kellermags seye zwar schon gestern
400 2237 1499 2378 Abends auch mit Er. Hantz und der Mag
376 2314 1503 2461 zu ihr Depl. gekommen, und heute morgen
400 2400 1479 2535 seye die die erste wieder da gewesen
449 2495 1454 2637 die Denen stege die gantze Nacht bei
398 2557 1473 2720 dieser Mays in gleicher Stuben gewesen,
400 2664 1496 2787 und habe sie nicht verlaßen, außert
389 2726 1471 2889 daß sie derselben in der Kuchi Thee
379 2826 1500 2957 gemacht, weilen sie sich viele mahl über
353 2898 1462 3065 Fürst beklaget und offt getruncken,
402 2985 1480 3136 so daß Sie bezeugen könne, daß bey
392 3085 1504 3234 ihra nichts außerordentliches vorgegan¬
392 3170 1486 3295 igen und auch die Mago von einicher
372 3254 1486 3411 Schwangerschafft noch Kindsgenesung
387 3328 1510 3469 nichts eingestehen wollen, ob schon man
372 3419 1258 3558 Sie darüber zu lied gestoßen.
1222 3492 1364 3569 for¬
2670 420 2805 501 3b.
2055 384 2327 552 VIIten.
1647 516 2787 679 Er In Er. Hanze geſtern Abende die May
1707 601 2764 768 zu ihr gebracht, ob Sie nicht geachtet,
1696 656 2299 786 daß es schlach seye.
1616 743 2753 883 Aus Stein, seye wie zu anderen Zeiten in
1701 822 2760 955 ihen Stuben gekommen, Sie habe an ihre
1696 896 2750 1044 anders nichts gewahret, als das Sie
1692 991 2767 1133 bleich ausgestehen, habe aber alsobald
1703 1065 2743 1212 nach der Aderlaße beßere farb
1691 1160 2036 1268 bekommen.
1926 1244 2036 1338 j
1620 1246 2747 1391 3. Ehe vera Berli von Gertenter
1708 1348 2810 1488 Kellermand in Oest. Kanze der Trefers
1698 1427 2353 1563 Keller deponiert auch
1607 1529 2739 1676 befragen. Wie lang Sie des H. Hänzis
1690 1609 2109 1742 Mays bene
1638 1665 2803 1826 Auth. So lang daßelbe da im Dienst seye,
1681 1780 2818 1913 weilen die schon bey 22. Jahren in gleichen
1675 1855 2470 1973 Keller kein aus schencke.
1713 1943 2788 2086 Ward ihr in wißen seye von demjenige,
1634 1987 1702 2067 In
1721 2032 2677 2164 so mit der Mays vorgegangen.
1631 2109 2749 2248 Anth. Nichts anders als daß Er. Hantz ihr
1684 2186 2796 2327 gestern Abends eröffnet, die glaube, daß
1683 2277 2773 2419 ihre Magd schwangen seye, ohngeacht
1692 2360 2814 2492 aber frau gantze in ihrer der Depl. Ge¬
1696 2429 2757 2579 genwart ihre Magd darüber zu Red¬
1699 2527 2721 2652 gestellet, so habe sie dennoch weder
1693 2607 2773 2754 Schwangerschafft noch Kinde Geburt
1683 2686 2761 2836 bekennen wollen. Darauf habe Erl.
1708 2777 2740 2911 Hanze die Depo. zu einer Hebamme
1698 2857 2806 3015 geschickt, und da Sie mit derselben ange¬
1695 2939 2761 3076 kommen, und die Hebamme die Magd
1699 3049 2790 3174 visitiere, so habe sie in seinen Sonsten
1680 3089 2791 3255 Milch gefunden, welches sie zu glaube
1695 3183 2751 3322 gemacht, daß die Magd noch diese
1695 3268 2780 3426 gleiche Nacht Kind betterin werde
1776 3347 2798 3491 Nachwerts die Depl. mit Intra Fante
