3024 4032
158 159 283 261 86
218 593 310 708 .
1063 175 1445 362 adam
532 273 1158 419 Schreiben.
355 376 1240 521 von Lobl. Stand Sollothurn.
832 478 899 537 d
352 478 1350 640 Meine gnädige Herren Landvogt zu Wangen.
423 611 1461 830 Unser Freundlich willig
464 748 1428 918 Dienst, damit was wir Ehren liebe
500 830 1422 1026 und Guts vermögen zuvor. Eller,
490 938 1389 1063 Ehrenvester, guter freund und
494 1014 1278 1172 getreuer lieber Nachbar¬
1302 1061 1372 1176 2
301 1099 1445 1321 Aus unseres gefleten Herrn unserm
320 1229 1456 1416 Unterthanen Klaus Walter Lehman
330 1342 1419 1490 auf dem Schöngeren ohnbeit unserer
320 1416 1417 1581 Haubtstalt ertheilter Oberamtlicher
328 1493 1403 1645 uns anheit vorgelegter Attestation
327 1587 1421 1726 haben wir des mehreren belesen: Wie
326 1687 1438 1812 daß Adam Arn von Gütigen Amt
302 1775 1440 1907 Frienisperg in dem mit ihme vorgenom¬
322 1852 1404 1986 mennen Examine vorgeben dörfen,
317 1922 1420 2052 daß er von denen 12 Louisdor aus einem
310 2001 1424 2137 6.3. Paar Stieren die Er entführt, von obge¬
322 2077 1400 2204 meltem Klaus Walter empfangen, daß Er
304 2141 1413 2281 gleichen Tag, als Samstag den 9. 160
326 2222 1432 2342 davon einem Juden Acht neue Louisdor
323 2314 1418 2420 geben müßen, weilen Er demselben ein
298 2375 1421 2511 Pferdt entwendet. Danne zu Kotzweyl einem
286 2454 1415 2578 Knecht mit Namen Bentz N. N. deßen
316 2540 1427 2677 Beschlecht er nicht bißen der aber beymen
297 2633 1401 2752 Maur Meister diene, Zehen Kronen,
296 2704 1403 2852 die Er ihme schuldig gewesen, bezalt, und
301 2768 1444 2928 dem übrigen aber Kleider erkaufft den
298 2832 1406 3000 so wolten nicht umhin unserem geehrten
296 2896 1424 3081 Herrn abschrifftlichen zu com̅uniciren, donde
302 2985 1416 3156 keinetwegen seit seiner Bornitation vor
295 3045 1427 3230 Bern deponirt worden, wie aus zuglaat
300 3118 1385 3314 erstehen, anbey vermelden, daß Er von
311 3200 1415 3340 obigen 142 Louisdors. 12 neue Louidois und
297 3260 1418 3452 einen neuen Thaler seinem zu Lüßi
289 3341 1435 3513 in unserer Herrschaffts Buchlggber, in durch
301 3387 1450 3630 befindlichen Bruder, nach deßen eingestalten
1322 3476 1439 3607 acht
1577 375 1648 496 .
2749 207 2828 310 d
1720 253 2062 378 A
1662 315 2839 491 aufzubehaltten geben, welcher auch unser Amt¬
1661 424 2857 545 man̄ am Buchlagberg ihme Knechten abgefordert,
1653 483 2803 609 und würklich bis zu fernerein unserem Befelc
1659 548 2789 681 hinter ihme hat, und da nachwerks Er kern sich
1646 620 2830 744 wiederum auf Leüßligen begeben, nachdeme
1653 696 2827 838 Er zu Subingen, oder dentingen sich mit seinem
1643 754 2852 905 Bruder aufgehalten, und alda die bewußte Kalber
1643 843 2840 970 sten entführt, welche unser geehrte Herr, gleichwie
1643 903 2837 1018 Wir denen Eigentümmern der entführten Stieren
1643 989 2768 1114 ohne Entgelt zu handen stellen zu laßen,
1646 1060 2819 1194 für welche Willfährigkeit wir demselben
1645 1120 2827 1267 den gnädigen Dank erstaten, anbey den¬
1646 1187 2854 1348 selben dem Machtschutz des Allerhöchsten bestens
1646 1302 1900 1400 erlaßen.
1921 1294 1973 1373 .
1585 1349 2419 1514 Beben den 15. 7br. 1769.
1878 1458 2798 1646 desulteris und als
2049 1589 2804 1719 der Stadt Collothurer.
1803 1896 2494 2012 Informationen.
1570 1938 2833 2205 ontag den des Septer ein einige beyge
1665 2145 2785 2267 MGGH. Alts. Wallier, ist wegen auf
1659 2223 2820 2343 letzt gehaltenem Jahrmarkt alhier entwend¬
1660 2299 2765 2428 stein paar c. d. Stieren hienach folgende
1650 2377 2659 2494 Information aufgenommen worden.
1649 2458 2818 2609 Jacob Wetschi Müller von Artenen
1671 2574 2781 2692 aus der Vogtey Erlach, Berner debiets,
1670 2648 2731 2777 24. Jahr alt, berichtet bey seinen Ehren und
1660 2735 1883 2812 treuen.
1647 2780 2761 2918 letsten freytag den 8ten herbstmonat
1659 2863 2774 2979 seye ein steinem Peter Niklaus Kuntzel
1656 2946 2734 3069 von gedachtem Urtenen zuständiges
1659 3016 2814 3126 paar Stieren ab der Weid entwendet worden,
1670 3095 2804 3211 dieses paar C. C. Stieren werde zu Hauptagen
1655 3170 2756 3287 ünfjährig werden, Seye von rother harb
1662 3230 2772 3366 mit weißen Strichen über den Ruken, Kopf
1665 3300 2751 3438 und unter der Bauch, wohl großer Statur,
1664 3367 2774 3496 beyde haben grade Hörner, und seyen von
2565 3462 2756 3572 solchen
