3024 4032
322 239 994 383 Dabriel
218 393 1390 557 Dienstags den 12ten lauffenden Christmonat
295 478 1366 640 auf den Abend meldete sich H. Herrschafft
282 542 1297 667 schreiber Jaggi von Diesbach an, einen
277 615 1355 786 Silberg bechen den Gabriel Graffelman
277 690 1342 843 von Worb, des verstorbenen Lehnketschners
282 756 1313 875 Sohn zu erhalten. Weilen derselbe auf
280 838 1329 963 einen falschen Bürgschaffts - Zedel unter¬
285 898 1338 1041 dem Namen Meinen gnädigen Herren der Landvogt von
270 969 1312 1100 Vatten by der vorberg und deßen
273 1041 1274 1163 Pitschafft 10. tag zu vor aus dem Teuffer
285 1119 1298 1249 Schel ehr die bach einen Capital von
290 1191 1278 1316 §. 330 aufgenommen, und sich noch um
272 1251 1280 1397 42000 unter Verprechung gleicher
270 1343 1283 1467 Bürgschafft und Mein gnädige Herrn Angeltner
281 1404 1272 1523 Steigers bewerben wollen, mit dem
280 1477 1275 1611 vorgeben, darmit eine Handlung
281 1547 711 1648 anzufangen.
273 1615 1298 1747 Als dieser Sterbrief von Ihro Hoch¬
274 1698 1244 1819 wohlgebohrnen Gnaden, Herrn
259 1772 1318 1897 Amts Schultheß von delach ihme
280 1833 1322 1969 unverzüglich ertheilt würde; so ward
278 1909 1316 2037 dieser Betrieger Tags hernach zu thun
261 1988 1272 2084 betreten, also bald habhafft gemacht
278 2040 1290 2179 sein auf sich gehabten Geld, so in 252.
279 2129 1262 2252 bestanden, samt seinen Schrifften
273 2198 1369 2321 ihm abgenommen, und von dort gewahr¬
283 2269 1278 2395 samlich in hiesige Gefangenschafft
286 2340 1307 2464 geführt. Da dann sogleich folgende
285 2415 1301 2548 mehrere Betrug und Theilsa auf
279 2487 1271 2621 denselben an den Tag gekommen
1129 2569 1248 2647 Als
285 2574 1002 2698 und angezeigt worden.
323 2644 1317 2767 Eine von ihme selbst geschriebene
270 2725 1295 2860 Obligation de Date Jacob. 1768. zu
273 2760 1360 2919 Gonsten einer hiesigen Dienstmagd,
280 2863 1348 2995 namens Elsbeth Bröm̅man̄, unter der
276 2930 1286 3063 falschen Bürgschafft, Unterschrifft
285 3005 1310 3138 Rikland wyßen von Althistorf, von
284 3094 645 3204 Capital §. 90.
315 3131 1371 3272 Eine andere auch von ihm geschriebene
285 3219 1372 3348 Obligation de 20. Merz 1769. unter seinem
292 3283 1322 3406 und seines Vaters falschen Samen
303 3328 1373 3472 auf Herr Franz Ludwig Kupfer lautend,
310 3402 1391 3515 mit einer besondern Burgschafft verstehen
1219 3456 1369 3574 unter
1525 2899 1584 2976 Er
1584 452 1631 553 1
2718 81 2843 175 176.
1786 223 2392 404 Genselmann
1634 266 2839 524 unter der falschen Unterschrifft Meine gnädigen Herren let
1609 374 2812 605 landvogt von Wattenbyl von Thorberg, von
1627 527 1987 646 Capital d. 150.
1631 492 2826 727 eine Obligation von Herrn Waysenschreiber
1613 576 2820 785 Weitenbach geschrieben de Dato 6ten May 1769.
1619 643 2838 855 zu Gotten Herrn Bernhard Wursteinberger
1620 703 2809 922 von Zofingen errichten. Welcher Obliga¬
1606 781 2793 1000 tion hernach die zwey Bürgschafften bemelt
1612 852 2829 1067 Meinen gnädigen Herren landvogt von Wattenwyls und Meine gnädige Herr
1602 937 2833 1152 Ohngeltner Steigers mit Siegel und Unter¬
1613 1018 2832 1211 schrift fälschlich beygesezt worden. Capital
1623 1182 1796 1297 . 900.
1556 1253 2834 1467 Diesemnach haben die Wichlichelgebohrne
1611 1356 2681 1535 nen. S. Herren, Herr Grosweivel
1605 1421 2744 1605 Effinger, und Herr Grichtschreiber
1582 1474 2844 1677 Willading auf Dato in die Obere Gefan¬
1602 1594 2845 1776 genschafft sich begeben, und mit dem Delin¬
1616 1672 2777 1837 quenten folgendes Examen verführt.
1895 2104 2528 2250 Examen
1610 2175 2859 2365 Mit Barniel Albrecht Henselmann
1609 2282 2823 2431 gebürtig von Worb, bey 24. Jahren Alters.
1612 2341 2798 2521 dem Vater Gabriel Henselman̄, der in hier
1620 2422 2766 2577 Lehnküschner gewesen, seye verlichenen
1605 2507 2840 2654 Maren verstorben, habe noch seine Muter
1617 2590 2758 2735 Ratharina Dietiter von Thalheim, und
1618 2659 2830 2811 keine Geschwisterte, seye unverheiratet
1631 2734 2794 2895 und im Copist, habe mit seiner Muter
1615 2817 2065 2914 alhier gewohnet.
1626 2877 2805 3062 Erwerde die leidige Ursach wißen, warum
1609 2967 2769 3146 Er zu thun behändiget, und gefänglich alher
1625 3048 2832 3218 gebracht worden. Das einzige Mitel Leine
1624 3130 2762 3276 Hohe Obrigkeit zur Gnad zu lanken,
1611 3200 2757 3357 seye eine freye Bekantnuß zu thun,
1624 3264 2824 3412 über alle seine Betrug, so erin seinem
1611 3324 2844 3524 Leben begangen habe, darzu Er ernstlich
1624 3399 2110 3515 ermant werde?
2490 3508 2683 3643 Ants.
