3024 4032
355 277 504 385 156.
757 292 1023 414 Beller
428 409 1538 618 noch unter dem Ochse decipitali bekommen,
517 508 1523 680 sich weder verlegung an den dien
498 589 1521 758 honten noch an dem hien selbsten
514 668 1520 834 noch extravadierter Blut. An dem
500 746 1539 923 Knochen der lincken Theils der Haupte
479 833 1523 1003 wäre keine Verlehung zu bemercken,
490 938 1518 1098 aber nach aufhebung derselben fan¬
485 1027 1524 1166 den wir zimlich viel extravavierter
458 1108 1538 1277 Blut zwischen der dan̄en hienhang
482 1195 1518 1370 und dem Zien, welches den ganzen
454 1311 1508 1457 Platz mehr oder weniger einem ste
491 1408 1508 1551 von dem Osse parcetali sinistro ao.
466 1486 1506 1637 temporali sundero bedeckt wird, an
471 1578 1499 1726 keinem Orth aber wäre das hien
440 1684 1466 1836 selbsten verletzt, alle übrige Theile
453 1780 1516 1939 des Kopff, wie auch der halster waren
466 1875 1497 2004 unverlegt. Bey eröffnung der Baus
451 1952 1465 2099 fanden wir derselben Eingeweide
448 2046 1498 2202 wohl gestaltet und gestend und alle
443 2145 1495 2291 derselben Theile in ihren Gefäßen woche
449 2231 1495 2379 mit Blut angefüllt. Beyde Herren
433 2334 1500 2475 genom̅ene Lungen Flügel schwammen
436 2419 1482 2563 oben auf in einem Gefäß voll
419 2498 1072 2652 frischer beim waßen.
413 2603 1481 2754 And auch Kercken und Extrem leben
428 2706 1487 2798 wäre keine Art von Lascow zu bemer¬
433 2775 1493 2926 eken die haut hatte meistend seine
430 2869 1479 3015 natürliche Farbe und an vielen Orthe
430 2963 1488 3099 anoch mit dem weißen Schleim bedecht,
412 3049 1479 3152 wormit die Kinder bey dem Anstrit
431 3139 1482 3277 aud Muter keit ausgemein bedecht
422 3221 1001 3328 befunden werden.
391 3300 1486 3417 Noch die haut noch das blut auch keine
427 3385 1500 3505 innere Theile, zeigten einiſche Zeichen anfan¬
433 3457 1199 3586 gender Verlesung de
2685 421 2853 536 38.
2055 402 2296 510 Belter
1735 523 2828 665 Aus allen obangebrachten Observationen
1750 603 2745 770 schließen die wahrscheinlich, daß
1754 677 2215 802 dieses Magdlin
1685 805 1737 875 1
1738 772 2733 904 wid in oder ends des neünten
1741 861 2813 998 Monats, lebendig in Mutterkeit gelegen
1683 939 2827 1110 2. daß solches lebendig zur Gelt gebohren
1755 1027 1990 1139 worden.
1676 1145 1720 1220 3
1778 1107 2791 1271 daß der Seind nicht durch verbluetung
1744 1196 2747 1340 gestorben, sondern wahrscheinlicher
1744 1280 2792 1425 weiste durch Mangels jeniger Pflege
1729 1354 2798 1488 so ein Prisch gebohren Kind erfordert
1751 1444 2807 1587 obschon die Stabelstehung nicht unter¬
1744 1535 2258 1651 bunden worden.
1665 1623 2824 1761 . Ob schon, wie vorhin angebracht, verschiedene
1744 1702 2817 1821 Theile des Kopfs starcke Crediere befunden worden,
1738 1773 2801 1892 kön̄en wie nicht schließen, daß das Kind durch
1744 1838 2817 1965 diese Verlezung seye um das Leben gebracht worden,
1741 1903 2773 2025 weilen die hant aller Orthen, weder verlezt
1742 1977 2785 2078 und ohne Jussission wäre, unter den Concluren
1737 2041 2802 2130 keine extravagation sich befände, sondern die
1744 2104 2787 2227 extravadation wäre auf der Seite, wo keine
1749 2189 2190 2264 Pratituren waren
1653 2221 2787 2361 3. Endlich scheinet und, daß die Kind vor weniger
1732 2315 2800 2428 Zeit dann acht Tagen seye gebohren worden,
1741 2370 2779 2493 und stehe wenige Augenbliche nach seiner
1737 2439 2770 2576 Geburt verstorben seye, und zwar aller
1747 2507 2776 2627 aus Gründen der oben angebrachten
2118 2576 2791 2701 Diß ist ward glichtmäßig
1738 2602 2094 2721 Observationen
1731 2651 2764 2775 hierüber die Ehre haben zu relatieren. Zu
1706 2732 2436 2847 Berre den 3ten May 1770.
1958 2810 2135 2936 Signati
2127 2811 2781 2952 Roßelt Med. Stadt Superinn
2031 2917 2785 3048 Joh. Jan. Hartmann Chir. Jus Jur.
2383 3286 2674 3429 depi
