3024 4032
164 268 287 367 209.
643 237 1057 400 Rafer.
324 345 1316 468 Auf dato wurde der auf hiesigem Jahrmarkt
333 419 1295 519 sich befindende Kramer Stan Cailloud.
339 498 1313 601 von Cornaux, über die von der Schmiedin
337 549 1292 632 vorgegebene Verwechslung einer neuen
342 619 1241 724 dublonen, gegen 4. alt französische
337 690 1324 767 Thaler, vernommen. Derselbe verneinte
339 745 1283 851 dieses aber gäntzlich, und sagte. Er kenne
327 811 1308 928 zwar die Schmieden, welche Er zu Rien¬
333 881 794 996 burg gestehen habe.
322 947 1333 1065 Als Er hierauf der Schmiedin vorgestelt
338 1026 1284 1141 würde, wolte sie denselben nicht für
329 1104 1299 1208 denjenigen erkennen, bey dem Sie die
317 1171 1266 1291 4. 2. th. aufgebehrlet habe, sonder
312 1251 1280 1385 es seye ein andrer Krämer gewesen.
322 1319 1250 1447 der diesem wohl gleiche, welchen sie
306 1395 1216 1490 an bemeltem Sontag den 5ten diß
307 1468 1259 1584 Monats, Vormitags hierwerts allen¬
306 1533 1003 1660 lüsten angetroffen haben.
294 1603 1241 1751 der Hans Mäder Venner zu Maus¬
292 1709 1271 1845 wurde auch von Meine gnädige Herren andtvogt
289 1767 1367 1930 von Laupen über seine Geld Anleichung
295 1854 1327 1981 vernommen. Und wurde durch seine
279 1936 1225 2060 Außaag erwahret, daß Er der
283 2011 1325 2135 Rathri Schmied am sontag den 5ten
1220 2121 1304 2185 .
279 2083 1222 2215 Wintermonats in der That d. 10.
284 2166 1310 2290 gelichen, bestehende in 1. neuen Subl.
288 2241 1297 2367 2. neuen th. und 2. Fünfbätlern.
308 2328 1328 2469 Es ist zugleich auch der Bericht gefallen,
292 2414 1248 2525 daß die Schmiedin, von der alten
274 2481 1256 2605 Wirthin beyr Kronen zu St Blaise,
274 2551 1273 2683 zu Auskauffung ihres Sohns aus dem
271 2618 1310 2752 Kriegsdienst 15. neue Publ. entlehnt,
289 2696 1262 2827 welche die Kronenwirthin ohnlängst
286 2764 1304 2893 noch nicht zurükempfangen habe.
269 2830 1302 2981 vielleicht käme seither die Gezalung
279 2916 1284 3052 aus gestohlenem Beto geschehen seyen.
283 2983 1296 3122 Verhalb an H. Chatelain Bugnen
288 3055 1188 3178 zu S. Blaist zuschreiben wäre.
814 3164 859 3212 ten
271 3147 1238 3296 Actum den 29 9bris 1769.
2586 284 2728 384 210
1944 264 2331 438 Raben.
1731 376 2376 540 Information.
1579 486 2644 666 Bendicht Ruhn von Orbund, diesmaliger
1593 570 2386 710 Wirth zu Walperswyl, deponirt.
1550 644 2689 844 Daß. Als Anfangs Octobris der Schmieden Sohn
1588 758 2679 904 bey ihme im Wirtshaus übernacht gewesen,
1581 828 2713 979 Erlich so ungebührend und ungestühm aufgeführt,
1596 883 2709 1005 daß Er mit allen anbestenden Gästen händel
1591 969 2670 1082 anfangen wollen, bis Er endlich verreiset, und
1588 1041 2661 1163 sich in eine leere Kutsche, so just damal nach¬
1588 1112 2711 1259 Hern Jahren wollen, gesetzet, und den Kutscher
1577 1182 2691 1326 zum Lohn, ein seidenes Halstuch gegeben.
1580 1260 2641 1385 Er habe die Urthe bey 2. mahlen auf das
2638 1325 2683 1362 .
1580 1330 2656 1460 müste in 35 Rhl. bestehend, bezalt, auch
1586 1416 2689 1533 bey diesem Anlas ein Stuk Berngeld
1584 1489 2646 1618 gegeben, mit vorbehalt der Wirth solle
1575 1560 2707 1701 solches aufbehalten, Er werde es wieder zu
1566 1635 2674 1762 seiner Zeit auswehrten. Habe ferners noch
1573 1716 2669 1827 im andrer Berüthl. gespieglet, welchen Er aber
1576 1746 2690 1909 auf sich behalten. Der Wirth fügte bey, daß
1573 1841 2686 1978 Er das empfangene Bernstuk durch ersten
1570 1891 2168 2025 Post überstenden werde.
1427 2126 2686 2301 Gedel. An Meinen gnädigen der Bauherr Selleriberg.
1567 2222 2670 2364 mit zuthun herrn Großweibel Pfinger
1567 2278 2657 2433 und Herrn Grichtschreiber Willadings.
1476 2408 2669 2619 Alsdann heute Meine gnädige Herren von Herren
1569 2533 2661 2674 Großweibel und Grichtschreiber vorge¬
1555 2585 2671 2749 tragen worden, jenige Examina, welche
1572 2670 2655 2797 mit Magdalena Bauster, Andreas Zürchers
1566 2748 2673 2887 von Trachselwald Eheweib, in hiesiger obern
1563 2817 2656 2944 Gefangenschafft verführt worden, daraus
1556 2887 2584 3030 dann erstehen, welcher gestalten diese
1557 2963 2594 3095 Sonsterin albereit eingestanden, in
1557 3029 2644 3161 allhiesiger Muntz dem Herrn Wardein
1539 3114 2629 3239 jenner, aus seinem Bureau Geld- und
1551 3182 2664 3321 so dann auch andere hausratliche Sachen
1550 3246 2651 3393 entwendet zu haben, dabey dann auch
2476 3354 2622 3447 als
2701 973 2757 1092 1
