3024 4032
188 215 297 291 .
391 317 1511 476 Oberherrn von Grafenried von Wielen
395 422 1486 556 Häuseren ligend gefunden. Vnd
390 493 1484 642 witere Secret in Herrn von Grafen
399 580 1502 730 wieder Hand seye bey fünf Schlich weiter
389 653 1463 785 die Stadt hinauf, als deß gentherr
372 750 1500 908 Gscharnend, und dünke es ohne unmög¬
382 832 1480 989 lich zu seyn, daß das Sind und den
378 920 1490 1068 vorderen Hans an diesen Ort hätte
367 1011 1488 1151 geworffen werden mann, zumalen
366 1097 1451 1255 zwischen beyden Secreten noch ein
370 1193 1503 1338 dewoll über den Ehr Graben gestren¬
363 1292 715 1411 iget seye.
209 1386 362 1541 frag
381 1388 1476 1541 Wie lang und wohl seye, daß der Sach
363 1495 1490 1650 das letzte mahl durch diesen Ehe Gra¬
357 1584 824 1711 aben gelaßen.
391 1652 1481 1815 Es seye ain Freytag den 2. hornung
190 1691 350 1788 Steckt
344 1765 1465 1891 gewesene und Reither niemahl mehr,
324 1850 1487 1999 wellen bey Princkherr scharner ob dem
317 1933 1445 2083 Insul Gäßli die Er Graber Maur
859 2029 891 2090 E
332 2029 1480 2182 eingefallen, und man daselbst habe
333 2144 973 2266 kammen müßen.
361 2236 1456 2383 Ob er glaube, daß durch den Anlauff
317 2272 361 2403 E
149 2261 316 2387 Frai.
331 2308 1454 2492 deß Sachs, ein solches kind weiter
327 2421 1226 2582 machte geschwemmet werden.
353 2509 1456 2658 Inn diesen ohrt nicht, das Waßer
145 2548 311 2662 Aidtb
313 2621 1504 2789 habe vom Kerlich Gäßl. biß zum Juste
325 2696 1466 2869 gäßlichung lauff, und thun, so zu
313 2786 1466 2989 sagen, nur sich leben, so daß da
313 2877 1468 3056 fernen wegen Mangel deß Abzugs¬
316 2973 1432 3150 allezeit viel Morast ligen bleibe.
341 3132 392 3213 .
194 3112 1490 3259 H. 25 Rth Noth und Ratharina Richard
300 3216 1493 3375 zwey beeydigte Stadt gebornen Zeugen.
318 3277 1478 3466 Da Sie aus Richterlicher Gefahl hätt
323 3390 1349 3561 vormutigs die Frey Magd bey
1120 3521 1445 3660 Frembherr
2836 283 2926 366 5.
1731 404 2907 563 Sumbherr Obrist Tscharner an den Crei¬
1751 505 2899 651 den Gaß und Nachmittals fünf dien¬
1728 590 2905 712 ister in Herrn Oberherrn von Münchenley
1733 669 2888 821 dlers Hand an der Neuen statt pflicht¬
1726 755 2875 915 mäßig veritat, ein zu wißen, ob bey
1722 854 2848 981 keinem von denselben Merckmahle
1733 936 2875 1053 von den Riederkonfft eines Kindes zu
1725 1041 2818 1146 finden seye? Haben sie einzig und
1722 1118 2896 1261 allein bey den Untermags des Kumbherrn
1704 1213 2885 1373 Tscharners, nahmens Mareylin, ein jun¬
1707 1307 2886 1467 iges Menschlen, schöne gelbe Milch in seinen
1725 1393 2865 1516 Greisten gefunden, die gerne heraus¬
1718 1481 2842 1639 gefloßen, welches zugleich auch seine
1708 1576 2353 1730 Monat Reglen habe.
1624 1714 1714 1811 3.
1725 1677 2836 1835 sumbherr Obrist Wharrer und seine
1649 1786 2634 1918 1) Frau Ehe Gemahlin deponieren.
1711 1890 2890 2028 Das Maria Jungs gebürtig von Guggi
1711 1997 2858 2130 istung, so bey 18. Jahren Alters, und ihres
1713 2060 2887 2205 Unter Knechts im Lohn Tochten seye, haben
1708 2135 2847 2265 Sie sehr es in ihren dienst getretten,
2524 2222 2804 2298 auf dem Hauß
1720 2219 2865 2363 schon zu verschiedenen Arbeiten gebraucht.
1714 2302 2870 2436 Reith Anfangs lezten Mayen aber seye
1713 2391 2783 2504 er als Unter Magd in ihrem Dienst.
1695 2473 2834 2625 Sie können mit Grund der Wahrheit be¬
1708 2568 2855 2715 zeugen, daß, so lang Sie dieses Mensch.
1722 2649 2796 2776 din kennen, Sie nichts lassenhafften,
1717 2738 2873 2893 noch daß es dem Mannen Volck ergeben
1710 2833 2855 2970 seye, oder demselben nachziehe, gewah¬
1720 2912 2822 3067 ren mögen, im Gegentheil habe
1714 3004 2858 3160 es seine Arbeit in aller Stille gemacht.
1705 3115 2845 3254 und so viel ihnen in bößen, ein ehr¬
1724 3186 2849 3347 gliches eingezogenes Leben geführt, der¬
1713 3275 2776 3436 gestalten, daß Sie ihres um so da
2472 3402 2805 3546 weniger
