3024 4032
42 2929 102 3027 .
653 243 1080 418 E deber
287 350 1324 525 aus dem Sak gezogen, als das Madle
276 430 1151 574 volchen an seinem Schafft probirt.
298 496 1377 666 Wann Er das gesagt, so habe Er sich unweil
265 571 1322 749 Indem das Madle ihm den Schlußel
275 652 514 767 gegeben.
280 733 1282 874 Ob Er von dem Madle kein anderes
283 814 1376 996 Geld empfangen habe, als die vorgebenden
278 891 1345 1037 von ihme abgelichenen §. 14. und die 7 und
267 955 1338 1143 8. Stuk verruchtes Geld zum Verwechelen.
294 1035 454 1148 sein.
276 1113 1332 1296 Ob es laugnen dörfe, daß er von dem
265 1209 1337 1374 Mädi nicht auch Medailles empfangen.
281 1312 1289 1441 Es habe nur zu zweyen malen Geld
259 1383 1275 1532 von ihm empfangen, nemlich die §. 14.
262 1460 1250 1599 und dann vier Stuk in der größe
268 1520 1280 1645 der 2. de Stuk, und 7. oder 8. kleinere
259 1606 1290 1739 Stüklein verruhtes Geld, welche Er
268 1685 1333 1829 wie gesagt, bey einem Fuhrmann, ohnweit
230 1753 1229 1878 Adlaise, um 1. neue dublonen
271 1831 1377 1960 verbeholet, anderes Geld oder Medailles
255 1912 1269 2039 habe das Mädi ihm nicht gegeben
454 1993 1340 2121 das Madle hingegen erhartete,
394 2064 1274 2193 daß Er ihm zuerst 7. und 8. Stuk
406 2137 1288 2263 von zweyer Statung verruftes
400 2212 1336 2334 Geld zum Verwechslen gegeben,
412 2283 1341 2407 darfür es ihm eine neue dublonen
416 2354 1309 2472 überbracht. Und darnach habe Es
401 2427 1339 2547 ihm noch v. große Medailles zuge¬
388 2506 1231 2625 stelt, welche es nach seinem
393 2573 1325 2699 vorgeben, zu Freyburg habe weihrlen
396 2647 1289 2761 laßen, und darfür es ihm einen
391 2717 952 2839 zwäntzger gegeben.
297 2799 1265 2946 Ob es beteuren dörfe, daß er von
193 2835 265 2936 Er
277 2894 1249 3011 denen, dem Herr Jenner geschehenen
276 2953 1325 3083 diebstälen, gar keine Wißenschaft noch
273 3039 684 3149 Antheil gehabt.
271 3053 1319 3241 Ja, das Maille habe ihm das einte Geld
80 3138 232 3228 Auth.
267 3179 1346 3309 gelichen, und das andere zum Verbüehrten
276 3252 1277 3370 gegeben, auch gesagt Er habe solches
276 3334 645 3443 von Heimath.
154 3370 1366 3526 fr. ob es das Mädi nicht zum stälen verbeten
1177 3437 1348 3494 beredet.
88 223 211 295 255.
79 484 249 582 Ants.
156 713 238 823 fr.
111 1031 257 1129 Auto
154 1114 241 1230 fr.
84 1268 259 1388 Anto.
209 363 272 455 .
1492 3343 1586 3438 Fr.
1492 1261 1597 1383 besti¬
1488 1444 1607 1542 Antl
1489 1548 1593 1640 Fr.
1513 2609 1589 2721 gr.
1534 648 1638 746 Ants
1607 484 1644 564 .
2619 330 2744 415 236.
1987 314 2422 473 Daber
1660 421 2655 560 beredet, mit der Versicherung es solle nicht
1647 505 2679 635 offenbar werden, und der Herr Jenner seye
1647 563 1900 663 reich genug.
1660 634 2700 758 das Maii klage ihns deßen fälschlich an. Es
1648 704 2718 822 seye niemal unberuffen zu ihm gegangen,
1640 757 2740 886 Das Maille hingegen möchte die ganze Erzellung
1733 830 2708 936 wie Er ihns hierzu eingeführt, und solches
1750 887 2693 995 in seinem 2ten Examen enthalten, ohne
1744 953 2232 1064 einiche Abänderung.
1630 988 2679 1136 Auf dieser hertnabige ablaugnen, wurde Er
1636 1088 2747 1204 von dem Scharfrichter auf den holterbank gesetzet.
1630 1159 2738 1279 Und unter Bedrohung der unausbleiblichen Marter
1641 1269 2713 1390 Ob Er noch nicht bekennen wolle, daß Er mit
1631 1339 2743 1464 dem Madi in Herr Jenners Stuben gewesen.
1638 1440 2327 1553 Es könne das nicht bekennen.
1642 1532 2678 1657 Ob Er nicht gestehen müße, daß Er den
1621 1617 2691 1733 Schlüßel habe machen laßen, und selbigen
1621 1684 2749 1794 zu dem Mädli gebracht, und daß Er solchen
1627 1756 2742 1883 zuvor nicht von dem machi empfan¬
1628 1819 1865 1930 gen habe.
1621 1893 2687 2037 Hier warfe Er sich nieder auf die Knie
1639 1985 2688 2120 und sagte, den Schlüßel habe er gehabt,
1633 2051 2678 2187 und zu dem Mädi gebracht. Das Haggli
1625 2120 2651 2259 aber den Bart aber, habe das Maii ihm
1615 2180 1976 2304 dazu gegeben.
1729 2266 2727 2388 das Mädi verneinte solches allerdings,
1729 2337 2738 2438 und betrürete, daß das Catri den Schlüßel
1720 2417 2716 2534 zu ihm in sein Stüblein gebracht, vorge¬
1725 2479 2684 2590 bend, Er habe solchen zu Neuenburg
1725 2543 2101 2644 machen laßen.
1627 2597 2704 2753 Solle doch sich nicht martern laßen, sonder
1630 2700 2690 2833 durch eine aufrichtige Bekantnuß, seinem
1611 2778 2669 2916 Leib vor Schmerzen seyn, folglich bekennen.
1610 2857 2702 2977 daß Er mit dem Madi, in Herr Jenners Stuben
1621 2924 1865 3030 gewesen.
1627 2973 2715 3122 Als hierauf dem Scharfrichter befolen würde,
1614 3074 2696 3190 ihns wieder auf den Bank zu sezen, bekente
1612 3140 2632 3258 Es ja. Es seye in der Stuben gewesen.
1628 3208 2690 3324 Und bate um Verziehung, daß Er so frech
1618 3268 2238 3389 und so lang gelaugnet.
1621 3328 2612 3471 Es seye nun ernstlich ermant auch zu
2506 3411 2690 3513 bekenne
