3024 4032
132 158 240 254 78.
417 168 1090 349 Maria jungi
184 300 1402 541 von mehrmahl zwey Menschen
301 412 823 580 darinn gelegen.
142 532 293 666 frau
327 522 1374 717 Ob wein das seine Außag seye
307 653 1349 807 die er eydlich betheüren das Be¬
116 714 292 848 Auld.
291 713 1389 912 Ja, mit seinen besten Gewißen,
449 839 1292 1024 Abgelesen und bestätiget.
304 942 1376 1142 Retum den 12. und 13ten April.
282 1089 396 1218 1
383 1079 519 1221 9
570 1180 983 1354 Antheil.
121 1369 1438 1579 Gedet, an die Hochwohlgebohrne Gnädig
287 1485 1219 1642 Heggen deß täglicher Raths¬
123 1613 1430 1784 Er haben Meine Gnädige Herren Recht
276 1715 1423 1848 und Berger heute die Criminal Ro¬
283 1809 1416 1970 cedur und Vergicht, der allhier einhaftier
267 1901 1414 2051 den Marrer Zunge gebürtig aus dem
279 1993 1347 2163 Guggisperg von 18 jahrer alters
271 2093 1384 2247 bey Eyden versammlet, sich vortragen
278 2182 1396 2350 laßen. Und daraus erstehen, daß
267 2283 1412 2455 dieses Mensch in einreinem Beyschlaf
260 2368 1398 2555 geschwängeret worden, die Hohlan
257 2454 1374 2654 ggenschafft verschliegen, und seine
250 2550 1379 2723 in der Nacht nach dem Wienacht
239 2665 1370 2807 Sontag vorgegangene Niederkoufft
247 2769 1345 2928 eines tocten Knäblins geheim
253 2849 1385 3051 gehalten, ja gar seine leibes frucht
237 2950 1386 3163 zwey Tag darauf hier ein der Stadt
252 3014 1378 3229 wo es in diensten gestanden, durch
239 3142 1371 3360 das heimliche Gemach in den P. S.
238 3255 1393 3459 Ehe Graben geworffen, da sie 10.
218 3319 1386 3544 Wochen lang verborgen geblieben,
2754 124 2889 246 29.
1623 298 2908 533 eidlich aber zufälliger Weise an
1640 382 2900 600 diesem unflätigen Ort gefunden
1646 451 2879 648 worden, deßen alles er es
1631 552 2748 762 freywillig bekantlich gewesen
1637 632 2860 826 Nach angehörten weitläuffiger Ver¬
1644 730 2788 916 fechtung haben Meine Gnädige
1637 823 2904 965 Reien aus gewalteten günstigen und
1637 887 2799 1081 milten Gründen sich zur Gnade
1626 981 2900 1169 lencken laßen, und dieser Delinquen¬
1637 1079 2852 1256 tin mit der Todes Straf gnädigst
1628 1204 2486 1354 verschonen wollen, mithin.
1608 1305 2765 1503 die Recht erkeit und gesprochen.
1599 1413 2890 1650 Er solle diese Maria Turgi zu wohl¬
1616 1543 2873 1706 verdienter jedoch gnädiger Gestrafung
1625 1633 2864 1818 ihres Verbrechens für 20. Jahr lang in
1639 1739 2724 1900 das hiesige Schallen zuchthaus oder
1629 1843 2872 2003 Spinnstuben zur Arbeit übergeben wer¬
1643 1941 2846 2096 den, und Meinen gnädige Herren Bauherrn über¬
1650 2041 2834 2184 laßen seyn, selbige nach gelieber
1647 2136 2852 2309 von Zeit zu Zeit zu anderer Arbeit
1639 2252 2884 2409 außrecher dem Schaller Haus zu ge¬
1636 2368 2883 2512 brauchen, fürs einte für das ge¬
1632 2450 2887 2598 dere dann, Weilen deßen Vatter
1629 2548 2881 2732 Peter jungi und seine halb Schwester
1630 2645 2805 2818 Barbara Widmer Johanes Rotheri
1630 2764 2853 2948 Eheweib im Lohn wohnhafft, auf das
1637 2847 2844 3039 ergangene Bereicht, daß es dar¬
1623 2928 2836 3133 Mareyli jung schwängeren leibs
1633 3037 2839 3253 seye, nicht alle Vorsicht gebrauchet,
1630 3165 2820 3381 unnd auf Ablaugnen Selbiger den
1622 3263 2867 3463 Ehrbarkeit angezeiget, wollen
