3024 4032
55 2834 215 2974 Schlo
113 155 237 258 119
264 235 1408 483 das verdächtige Weib in meinem
254 355 1414 524 Amt wäre, so habe solche entassieren
248 422 1422 604 und weil sie in dem letzteren Mon
252 502 1424 666 isten sich schwangen befinden soll, in
237 572 1420 738 hiesigen Spitahl einschließen laßen,
324 657 1434 855 die Umstände der Gesundheit der
254 744 1405 916 vergisteten sind so beschaffen, daß
265 827 1376 986 wann Meine gnädige Herren haubtman̄ Frisching
262 890 1393 1055 nicht mit Theriae und Ohe in den Eine
237 993 1423 1160 geholffen hätte, das Weib in sonderheit,
249 1083 1419 1223 vielleicht auch der Man̄ wuerklich gestan¬
239 1163 1413 1315 eben wären, dißmalen ist der Mann
244 1247 1328 1382 etwas beßer, das Weib nicht ohne
1331 1295 1359 1382 .
241 1338 1391 1477 Hoffnung von beyden aber zu be¬
227 1417 1439 1574 fürchten, es werden sich lebenslängl.
239 1509 1433 1655 Ungemächlichkeiter danahen einfinden.
250 1610 1381 1769 Ich habe diese keit nicht examinire
257 1708 1341 1813 sondern trinke es werden Her
236 1799 1380 1928 Brendern dem Freyweibel befehlen
230 1879 1390 2032 dieser Weil hier abzufolen, deme ich
234 1958 1405 2110 alle Umstände nach aller Weitläuffig
223 2050 1397 2190 keit bekan̄t zu machen geneigt bin.
215 2127 1417 2284 der ich in schuldigster Ehrfurcht verharre.
291 2238 1064 2407 Hochwohlgebohrne
634 2346 1358 2544 Gnädige Herin
397 2484 1008 2639 Ehren Gnaden
648 2551 1405 2768 Gehorsamster zieme
512 2680 1310 2831 Sigl. Christoff Weiger.
221 2797 791 2967 thun, den 8. July
362 2915 631 3057 1769.
893 3227 1377 3426 Deposition
1935 294 2341 467 Deposition
1595 424 2506 612 Herren Spittahl vogt Löhners.
1620 560 2792 725 von dem Wohledelgebohrnen, Meine gnädige Her
1582 650 2723 797 Schultheiß Steiger auf thun, ist auf
1601 719 2777 881 Ends gemelten Tag folgender Bericht
1605 807 2168 972 erstattet worden.
1651 897 2817 1066 von Herren Spittahl vogt Lohner von Thun
1649 997 2785 1158 die infastierte seye des Ullrich Diens
1580 1092 2725 1230 prauch von Tschangnau, wohnhafft g
1575 1160 2757 1297 Uitigen, Stulans Hauenerats Weib
1584 1254 2785 1406 habe sonstags den 29. Juny zwischen
1590 1323 2751 1466 11. und 12 Uhr Mutags einen Gerd¬
1583 1401 2770 1550 Apel drey auf dem fene gehabt,
1578 1481 2794 1614 denſelben in einer eifernen Pfannen
1592 1570 2736 1693 warmen wollen Mitler byl, da sie
1586 1639 2785 1748 den Drey gerichet, seye die Inquisitur
1585 1726 2743 1858 in die Ruche gekommen, und habe sich
1587 1803 2451 1938 auf die Feürblatten gesetzt:
1678 1876 2698 2027 Da dann des Hauenkrats Weise,
1614 1980 2796 2111 weil die den drey zu dich befunden
1587 2053 2771 2190 in der Keller gegangen, um Milch
1576 2133 2773 2270 zu holen, der drey zu verdinneren
1582 2214 2789 2352 hierauf wieder in die Kuche gekommen
1575 2293 2785 2430 und die Ongb. wiederholter maßen fort,
1577 2360 2783 2511 gewiesen. Die mich dann in den Grey
1580 2449 2753 2576 geschicket, und denselben nach deme
1592 2529 2725 2655 er gepräglet wäre, angericht, und
1572 2598 2585 2734 ihne mit ihrem Mann geeßen.
1628 2677 2773 2837 Worauffhin alsobald, da sie wieder
1567 2787 2750 2926 an ihre Arbeit gegangen sohnmächtig
1585 2863 2785 2990 worden, und hinaus gefallen. Dem
1561 2936 2743 3085 Man̄ seye eben das gleiche wieder
1576 3013 2788 3166 fahren, als er ihr aufhalten wollen,
1577 3110 2758 3241 Auch diß hin seye Hans Hans in der
1590 3187 2764 3335 Schein weid zur Huld hinzugeloßen
1563 3272 2532 3411 nebst anderen der nächsten
1562 3333 2723 3496 Nachbaren mehr. Seren den
2745 215 2853 331 2.
