3024 4032
183 1259 300 1394 sang
137 1439 291 1548 Auto
191 1521 276 1623 fr.
124 2542 267 2633 Aut.
209 305 319 395 277.
593 284 1044 409 Spielmann.
1118 351 1213 498 d
452 423 481 499 e
378 466 500 553 1
573 451 1075 588 Examen.
343 529 1369 698 Mit Heinrich Spielmann
353 632 1273 754 gebürtig von Villmacheren, Amts
332 714 1352 845 Kastelen, 30 Jahren Alters, unterzeu¬
336 785 1238 923 ratet, sein Vater heiße Caspar
325 862 1267 997 Spielmann und seye ein Tagner, und
338 938 1290 1073 die Muter Cathrina Gutschner von
316 1016 1332 1148 Hofbyl. Seye zum Heil. Nachtmahl
329 1103 1301 1244 unterwiesen worden, und habe keine
320 1184 743 1308 Begangen schafft
1245 1301 1276 1356 .
347 1273 1221 1444 Ob Er nicht eydlich aus MegHH.
1214 1360 1258 1441 .
311 1358 1155 1500 Landen verwiesen worden:
334 1435 446 1546 Ja
293 1501 1300 1657 Er seye ihm bestend in Wißen, wären
292 1608 1211 1739 Er zu Basel angehalten, und in
304 1679 1309 1814 hiesige Bande gebracht worden, seye
308 1752 1232 1887 also ernstlich ermant, alle seine
298 1827 1261 1960 verbrechen, die Er in seinem Leben
295 1910 1301 2048 begangen habe, dermal vermühtig
288 1987 1267 2109 zu bekennen, wann er noch Gnad bey
289 2057 1275 2186 Gott und der Hohen Oberkeit finden
295 2144 1219 2266 wolle. Sonderlich aber, solle Er
290 2215 1296 2358 aufrichtig an den Tag geben, wie er
298 2302 1324 2427 den beträchtlichen Gelde diebstal¬
304 2384 1342 2507 in dem Unterschenk zu Hindelbank
304 2452 556 2569 berubet.
312 2534 1260 2668 Seine böste Thaten seyen schon alle
292 2629 1193 2743 am Tag. Er werde aber solche
282 2697 870 2822 aufrichtig erzelen.
1125 2708 1202 2814 3.
275 2775 1260 2914 Als Erfletzten herbst in das Land
286 2875 1283 3003 gekommen, um Gnad zu erhalten,
296 2953 1307 3063 seye er anstat deßen, von Kastelen
292 3022 1282 3155 weg nach vorheriger Abschwerung des
280 3083 1247 3230 Eyds wieder auf die Gräntzen
287 3159 1324 3296 geführt worden; da Er eine Zeit lang,
292 3243 1329 3349 zu Frankendorf im Baselbiet getro¬
271 3309 1314 3430 schen, von da seye er das Land hinauf
1080 3384 1344 3498 gekommene
1532 1888 1609 1981 fr.
1486 2187 1625 2270 Auth.
1524 2861 1605 2972 fr.
1483 3010 1627 3124 Auth.
2606 351 2692 434 278.
1852 336 2311 442 Spielmann.
1628 419 2661 554 gekommen, und an einem Samstag am Morgen
1625 508 2664 605 vorlezten Samstag fünf Wochen gewesen, zu
1623 545 2689 672 Hindelbank in dem Pentenschenk angelanget, wo
1625 609 2713 726 Er bis einfolgenden Zinstag Morgens verblieben
1648 670 2671 791 da Er gleichen Morgen angefehr um 9. Uhr¬
1626 735 2654 839 aldieweil die Wirthin und die Magd, das Brod
1627 789 2713 910 in den Ofen geschoßen, in dem Nebend Stüblenn,
1618 858 2700 959 in Schiebladen an einer Commode, mit einem
1625 925 2694 1052 Reisel, so da neben anderem Werkzeug in
1618 1005 2660 1119 einem Kistli gelegen, forciert und aufge¬
1621 1074 2689 1198 brochen, weilen Er geburt, daß Geld darin
1626 1147 2604 1270 verwahret seye. Daraus habe Er eine
1622 1210 2736 1306 Gibiciere und im Sekel mit Geldentwendel
1633 1288 2672 1408 In dem erstern haben sich befunden,
1624 1364 2659 1482 in Circa 31. oder 32. Frantzl. Thl- und
1621 1437 2716 1571 in dem Sekel, alte franz. Rhl. halb¬
1613 1516 2731 1649 thl. 10. Räzler, 2. Stern - und eine Holländ.
1625 1589 2695 1725 Ducaten, 1. Militon und zwey halbe
1624 1674 2712 1787 neue Dublonen. Er habe Er nicht gezelt,
1628 1744 2712 1830 laße also nicht, wie viel Stuk es in allem
1620 1812 1862 1924 gewesen.
1636 1884 2690 1988 der Wirth klage, daß in der Gibiciere
1617 1950 2664 2075 in allem §. 160. und in dem Seidenen
1622 2040 2677 2149 Sekel d. 50. darunter zwey Dublonen
1631 2093 2445 2209 gewesen, entwendet worden.
1623 2176 2721 2292 Er versichere, daß Er das Geld nicht
1625 2254 2714 2376 gezahlet, und nicht laßen möge, wie viel
1625 2329 2689 2460 solches zustamen ausgemachet, doch aber
1627 2397 2697 2531 könne Er bezeugen, daß keine gantzen
1625 2475 2722 2600 neue dublonen sich darunter befunden,
1648 2535 2719 2664 der Wirth habe am Sontag vorher einem
1609 2618 2689 2750 giemantestischen Soldat, 2 neue Sub¬
1628 2681 2676 2823 lonen gegen neue thl. gegeben: Und
1621 2765 2713 2895 darin müße sich der Wirth geirret haben.
1642 2844 2681 2981 Wo Er mit allem Geld hingekommen, da
1639 2938 2676 3065 nur d. II. auf ihme gefunden worden.
1636 3008 2711 3145 Erstere zu Liestahl von zweyen Freiburgere
1624 3093 2676 3214 bestaen worden bevor, habe daselbst
1630 3175 2694 3289 in gleicher Kammer neben ihnen geschlaf¬
1612 3233 2678 3361 fen, welche ihm in der Nacht 16. große
1618 3303 2709 3440 H. und zwey Ducaten aus den Hosen
2556 3371 2740 3457 entwen
