3024 4032
160 294 263 374 165.
292 326 1384 464 ihnen nicht forderlichst dienliche Mitel bey
302 397 1414 518 gebracht worden, Sie vermuthlich beyde davon
307 469 797 573 gestorben wären.
259 537 434 680 Ihl
208 586 1360 717 Wo an ein laut denen eingelangten
292 671 1352 773 medicindichen uns hirurgischen Berichten,
292 731 1366 827 diese höchst bedaurent würdige Eheleut durch
293 802 1370 913 die Krafft dieſes leidigen Giffts, in ſolche be-
293 858 1363 981 trüebte Umſtand geſezt worden, daß ihrer
286 932 1359 1040 völliger Bercestung halben, nicht nur keine
280 1015 1378 1132 Hoffnung Kreider allen Ausschein vorhanden,
293 1069 1351 1187 sie werden nach und nach darvon auch
287 1139 1318 1259 zehren und sterben müßen, folglich
266 1217 1328 1333 dieſe Mößethäteren der Schmerzen und
268 1286 1336 1398 Verbüehung ihres Lebend eine vorsetzliche
260 1356 1334 1479 Ursächerin ist. Als haben der die Wie
235 1429 1325 1538 von Er den Hochgehster Riegentert
252 1507 1333 1623 das weltliche Schwerdt der Gerechtigkeit
255 1583 1325 1696 engfangen, die gemeine Sicherheit an
238 1645 1330 1746 Leib und Gutt unteren liebere Angehörigen
242 1729 1325 1823 zu verschaffen, und das böse abzustraffen,
245 1780 1346 1883 auch unsere Laus von dergleichen Unthaten
247 1840 936 1948 inzukonfft zu verwahren,
310 1906 1334 2068 Iit Recht Eisert und Gesprochen
251 2025 1318 2135 Er solle diese arme Kinderen Arrest
223 2094 1342 2180 Dreven als eine Gifftenischernn und Ver¬
244 2158 1352 2277 götteren zu Wohlverdienter dennoch gnädiger
244 2225 1321 2339 Bestraffung und männiglich zum Abschen nach
238 2297 1372 2401 Empfehlung ihrer armen Seele in die Erbarmbde
249 2355 1326 2460 ihrer Erlösters, dem Scharpfrichten übergeben,
246 2427 1357 2516 von demselben gebunden oben auf, nach der
244 2475 1356 2585 gewohnten Richtstadt gesuchet, allda auf einen
247 2536 1362 2651 Scheiter haufen geſtehet, an einen Pfal gebun¬
259 2603 1373 2687 den und erwürget, und nachwerts der entfelte
245 2670 1331 2784 Körper zu Staub und Ascher verbrennt, die
256 2732 1355 2823 Ascher dan̄ an den verschmächten Ort ver¬
245 2800 1332 2911 scharret werden. Ihn Zeitlicher Buch aber
251 2857 1333 2976 unserem Fisco zuerken̄t seyn. Geber
241 2925 1315 3029 in unserer großen Raths Versamlung, den
235 2995 788 3106 11. Decembris 1769.
687 3077 924 3223 l
2720 181 2818 272 166.
