3024 4032
325 259 443 350 319
723 238 1006 377 Geller.
388 356 1432 572 ed habe dieser vnd zuber ein
1423 457 1552 603 liche
465 480 1177 646 noch zur Stelt gebohren,
502 589 1503 768 Nachdeme es würcklich wieder in
463 687 1520 856 sem ort geführt worden, sagte e
442 765 1493 912 zu den Ihnenweillen. Er glauben
439 860 1507 1025 das Kind seye von ihm in den Koch
433 962 1492 1108 stuhl gefallen, derohalb wurden
447 1050 1493 1225 wieder auf das Rechte hervorge.
457 1144 1189 1291 nomen, und befragt.
333 1301 400 1380 Ihr
427 1246 1494 1437 Ob es nun sein Gewißen entladen
442 1356 1094 1474 und bekenen wolle.
301 1430 443 1548 Antl
496 1424 1480 1594 Am letzten Dienstag Nachmütig
436 1528 1470 1663 etwan um ein Athe, da es etwas
412 1622 1500 1787 Durch und Krentwich verspüret seyn.
429 1710 1481 1871 es auf den Nachtstuhl gegangen, da
411 1804 1498 1964 stege so viel Blut von ihm gefloßen
424 1919 1496 2031 wwiesem primen, und darnach etwas
421 1986 1456 2132 schwäre von ihm in den Nachtstuhl
399 2079 1458 2223 gefallen, darauf ihm übel worden,
402 2168 1473 2315 und es seine Krafft verlohren, habe
408 2257 1495 2412 ihn in seinem auch starck gebreucht,
399 2354 1470 2518 welcher es der Fra. Hanzi gesagt,
393 2444 1428 2616 die ihm geantwortet, es seye mir
366 2539 1453 2708 gesund, darnach, weil das Geblich
365 2639 1452 2820 so starck gefloßen seye er öffters
393 2768 1467 2906 auf den Nachtstuhl gegangen, und
372 2832 1439 2979 habe frost gehabt, daß er sich zu
393 2937 807 3071 beit geleget.
261 2974 1468 3158 fe. Sinder gedencket, dard Bauch in
381 3120 1475 3254 kreichwehr gehabt, und etwas sich buren
394 3190 1449 3345 von ein in den Nachstuhl gefallen,
805 3336 835 3385 .
383 3281 805 3416 ward er stege
1017 3339 1262 3436 Unth
2682 392 2820 507 23.
2109 373 2321 516 Heften.
1658 472 2751 658 Auth. Er habe lediglich geglaubt, es
1753 571 2795 734 sey ein kind, zugleich aber gedenckt,
1743 643 2386 780 es seye noch nicht Zeit.
1654 714 2759 907 de Warum es geglaubt, es stage noch
1746 816 2043 945 nicht Zeit.
1629 892 2593 1052 R. Es habe nicht nachgerechnet.
1658 996 2788 1182 Er. Er habe also gelust, daß es schwan
1725 1093 2026 1206 igen seye.
1666 1173 1969 1309 Auth. Ja
1672 1255 2798 1437 hr. ob das kind während seiner Schwan¬
1728 1375 2762 1491 genschafft zuvor sich nicht verrühret.
1647 1463 2759 1602 Auts. Er habe von Jede zu Zeit Banchoch
1727 1537 2781 1681 und keinen verspürt, auch beständig
1708 1623 2555 1752 Mättigkeit in den Gemein¬
1645 1705 2761 1859 Er da es geglaubt, es seye ein Sum¬
1731 1807 2742 1955 von ihm gefallen, warum es nicht
1716 1887 2770 2033 geschauet, und daßelbe zu bestorgen
1698 1984 2761 2119 gesucht, auch der fer. Janz alsobald
1718 2059 2773 2218 geoffenbaret, was sich zugetragen.
1646 2151 2786 2306 Auts. Es seye ihm nicht zu bin gekommen,
1711 2253 2769 2403 habe der Fr. Hänzi gesagt, das blut
1717 2340 2189 2462 gehe gar starck.
1670 2426 1700 2477 C
1644 2462 1707 2539 Er
1740 2412 2758 2567 Es hätte der fra. Hänzen tagen sollen, es
1725 2519 2772 2630 glaube, es seye ein Kind von ihm gefallen.
1606 2596 2730 2750 Ant. Es habe sich gefrachtet, und grund
1720 2696 2528 2835 Die werde gar wust machen.
1613 2774 2759 2926 Er Wie es die Nabel Scheiner losgemacht.
1615 2884 2738 3029 Ants habe solche auf dem Nachtstuhl
1715 2963 2522 3100 mit den handen zeereßen:
1605 3053 2755 3188 Er der scheine doch, daß solche mit einem quo¬
1701 3135 2590 3256 Ammen abgescheiten worden.
1597 3201 2701 3332 Auth. Er verstichere selbige mit den
1696 3276 2760 3399 Noglen entzwey gerißen zu haben.
