3024 4032
187 352 312 439 129.
664 351 1058 431 Mtt
790 420 906 456 n
334 401 1423 498 Ob Sie vor oder hernach bey des Annelis Bet
205 429 310 520 Fr.
321 478 1007 586 nichts gemerket noch gehöret.
858 566 921 634 7
223 516 862 646 Antl. Richt das geringste.
226 609 1412 736 Fr. Ob das dannel den Umfang gegen ihr Get
294 681 934 793 zu, vorgezogen gehabt.
235 738 1382 869 Anth. Stein die habe in sein kontstehen können.
230 837 1419 916 Fr. Ob die wohl versicheret seyn, daß dieser
309 888 1418 1002 am Mitwochen am Morgen vor dem Satag
301 950 553 1052 gewesen.
204 999 1414 1148 Aanth, Ja das seyn einmal, Sie seye gleichen Tag
316 1088 1013 1207 aus der Instul gegangen.
231 1147 1418 1304 fr. Ob die nichts gehöret, daß das Anneli begehrt
314 1255 947 1355 aus der Instul zu gehen.
222 1309 1411 1391 Anth. Die habe schon am Samstag zuvor aus der
301 1379 1401 1493 Insul gehen wollen, das Anneli aber habe
298 1468 1424 1575 zu ihr gesagt, Sie solle noch warten, sie wollen
306 1522 1093 1643 dan̄ mit einander hinaus gehen.
214 1585 1401 1724 Fr. Ob Er dann am Mitwochen begehrt, mit ihr aus
306 1651 870 1781 der Instul zu gehen.
211 1729 515 1818 Rantl. Stein.
204 1806 1394 1938 Fr: Ob Er ihr nicht gesagt, wo Er hingehen wolle,
287 1872 1120 2014 wann es aus der Instul käme.
191 1932 503 2059 Antl. Stein.
214 1996 1419 2133 Fr: Ob Sie im Stand seye, dieses alles dem Anneli
286 2081 993 2176 unter Augen zu erhalten.
186 2152 1385 2279 Antw: Ja freylich in dem Sie alle Warheit rede.
555 2228 1218 2368 abgelesen und bestätiget.
431 2402 1211 2568 4. Examen.
236 2526 1411 2659 Anhie deiner Dahler von d
630 2648 975 2761 Wastenwyl.
268 2697 1402 2824 Man verhält ihme nicht, daß seine bisherige
292 2777 1397 2894 verantwortungen seiner Hohen Oberkeit, so
269 2817 1427 2937 fabelhaft vorgekommen, daß sie daran keineswegs
279 2904 1443 3031 slich erstätigen Botten noch wollen, sonder anbefohlen
269 2980 1358 3060 ein nochmaliges und zwar ernst meinen des
268 3048 1374 3167 Examen mit ihme vorzunemmen; Es werde
269 3114 1330 3222 doch ero ermahnt denen Unterweisungen der
262 3176 1406 3294 Herren Geistlichen Behör zu geben, deme nach
270 3233 1394 3365 in sich selbst zu gehen, und über alles solch
265 3298 1334 3397 jetzt werde befragt werden, doch die reine
261 3369 1430 3467 Warheit zu reden und dardurch stein Gelaßen
252 3429 1391 3568 zwenfinden, damit Es Gnad bey Gott zu
1936 328 2297 448 Badler
2693 391 2809 480 430
1631 418 2698 587 zu erlangen hoffen könne. Wurde daraufhin
1563 488 2753 673 befragt: Ob Er von dem Friedrich Stoker seinem Ver¬
1641 576 2291 705 Robten geschwängeret worden.
1563 645 1774 736 Lauthes da
1569 685 2018 807 Erst zu welcher Zeit¬
1576 740 2238 859 Autl. Gurtz nach dem Neujahr.
1575 807 2734 938 Fr. Warum es dem Stoker nichts davon geoffenbahret
1548 867 2677 1000 Antho, Weil Er seine Reglen nicht alsobald verlohren.
1564 947 2515 1088 Fr. Mannes dann solche völlig verlohren
1575 1012 1990 1108 Antl. Im Magen.
1570 1073 2790 1199 Fr. Warum Es damal ihm seinen Zustand nicht überschrieben.
1572 1144 2732 1280 Antl. Wan̄ Er geglaubt häte schwänger zu seye, so
1640 1210 2684 1337 würde Er ihm solches zugeschrieben haben.
1567 1283 1637 1380 Fr.
1664 1270 2775 1414 Warum Es seine Schwängerschaft dem H. Pfarrer,
1641 1341 2666 1481 seiner Muter und Bruder abgelaugnet.
1552 1417 2720 1555 Antlo, Weil Er nicht geglaubt schwänger zu seyn.
1567 1520 2765 1637 Fr. Es haben doch ja alle Zeichen einer Schwängerschaft
1622 1563 2281 1662 slich bey ihme eingefunden.
1551 1621 2765 1763 Antl. die Herren Doctoren haben ihm davon nichts
1604 1700 2784 1835 geslaget, und darum habe Er nicht geglaubt sehlen,
1629 1771 1979 1867 ger zu seyn.
1563 1828 1642 1925 Hr.
1643 1840 2780 1977 Ob es seit dem Magen, da es seine Zeiten völlig
1636 1918 2762 2050 verlohren, Es sein unter dem Herzen getrage,
1636 1980 2274 2105 nes Kind nicht verspühret:
1537 2057 2730 2178 Ant. Ja, habe etwas verspühret. Weil man ihm aber
1624 2135 2771 2263 geslaget, es seyen Erwaltungen der Muter, so habe
1609 2203 2484 2330 Er nichts anders zu seyn geglaubet.
1543 2263 2070 2391 Fr. Was er gespühret.
1547 2337 2721 2493 Ants Er habe verspühret, daß sich etwas bey ihm
1627 2406 1824 2497 belege.
1533 2496 2737 2596 Fr: Es habe also glauben sollen, das seyn ein Kind.
1546 2555 2757 2694 Antl. Es habe nie mit schwängern Weiberen geredet,
1630 2637 2589 2765 und davon keine Wißenschaf gehabt.
1546 2687 2735 2822 Fr. Warum Er seine Umstand keinem Doctor
1573 2773 1998 2886 groffenbahret.
1548 2805 2710 2982 Ants. Er habe ihnen gesagt seine Riglen seyen zurük¬
1628 2930 1912 3006 geblieben.
1546 2954 2715 3102 Fr. Warum Er niemand geoffenbahret, daß Er sto
1636 3065 2591 3175 außerordentliche Bewegungen verstühre.
1518 3117 2754 3273 Auts. Er habe sölcher lediglich als Erhaltungen zu seyn
1637 3228 2059 3314 angestehen,
1548 3221 2735 3388 Fr. Ob er dieß bewegungen nicht ders verführet.
1535 3337 2609 3465 Ants. Sur von Zeit zu Zeit, und gar salten.
1545 3381 2744 3545 Fr. Ob Er sein Kind nicht verspühret, bahrend als e
1622 3489 2197 3613 in der Instul gewesen.
1545 3537 1840 3643 Ants. Stein.
2489 3565 2615 3680 e
