3024 4032
179 352 283 441 431.
576 338 1083 443 Edl.
751 424 949 471 menn
229 432 323 527 Er.
331 404 1294 548 Wann Er solches das letztemal verstühret:
203 513 330 622 Antl.
349 505 1442 631 daheim zu Watenbyl, da Er Retholder Waßer
305 575 1418 701 getrunken, und seither habe Er sich nicht mehr
298 648 517 762 geachtet.
223 683 1417 832 Fr. Ob Er beharren dörfe, daß Erstein Kind seither
303 786 767 900 einer gespühret.
204 844 439 940 Autlo, Ja
222 880 1409 1035 fr: Ob Er dann solches nicht auf die vorgegangene
310 986 1346 1106 aderlaße in der Instul, gespühre, habe?
190 1059 313 1168 Autho
340 1058 479 1177 Rhin.
769 1095 842 1149 .
327 1125 1435 1248 Ob es auch in Abred seyn könne, daß Es während
226 1151 293 1237 Er
310 1201 1415 1323 der Zeit, als Er in der Instul gewesen, nicht
297 1272 1105 1397 gewürt, daß Er schwanger seyn.
214 1333 1433 1468 Antl. Ja, Es dörfe versicheren, daß Er nicht gelast,
303 1414 1406 1540 noch geglaubt schwänger zu seyn, und daß Er
308 1490 1002 1613 auch kein Kind verspühret.
235 1566 317 1648 fr.
319 1553 1411 1677 Da Er ein wohl ausgetragenes Kind zur Welt
292 1640 1420 1764 gebohren, wie er möglich seyn, daß Er, daßelbe
292 1702 1391 1845 in den letzten Tagen nicht werde verspührt
277 1784 488 1874 haben.
194 1839 1421 1991 Antl. Er versichere einmal, daß Er solches nicht
285 1923 571 2035 verspühret.
199 2010 302 2102 Er.
307 1991 1396 2139 Ob Er denne keine Anzeige von einer bevor¬
302 2077 1012 2211 stehenden Geniss verspühret.
174 2138 1384 2298 antli habe kurz zu vor Rauch schmerzen gehabt,
280 2226 1451 2368 aber nicht geburt, daß es darinn zu thun seyn.
171 2259 264 2395 lichen
289 2306 1428 2448 Alles was er von Anfang seiner Schwängerschaft
276 2379 1406 2502 bis zu steiner Gemötgethan, zeige an, daß Er
280 2448 1402 2593 seine Schwängerschaft zu verbergen gesucht.
273 2510 964 2639 Solle es nur eine beken̄en.
170 2585 1421 2727 Antli Er versichern, daß Er nichts von der Schwänger,
272 2660 624 2766 schaft gehöret.
202 2698 1418 2857 fr: Ob Er dann keinen anderen Grund gehabt, zu
265 2804 1355 2927 glauben, Es seye nicht schwänger, als weilen
272 2878 1210 3008 die Doctoren im solches nicht gesagt.
171 2931 1392 3088 Anth. Es habe denen Doctoren geglaubt, weil es ver¬
271 3024 1418 3158 meint, Sie werden es aus seinem Waßer stehen.
189 3075 267 3205 14.
292 3094 1421 3233 Da nach denen eydlichen Berichten der Herren
259 3161 1418 3305 Ärzten und Schärer, Er ein lebendigen Kind zur
260 3237 1363 3368 Welt gebohren, so seye er ernstlich ermant in
256 3314 1322 3418 seiner Hartnäkigkeit nicht zu verharren.
268 3402 1378 3513 sondern dermaleinst Bott die Ehre zu geben
261 3458 1358 3581 und die wahre Hergangenheit zu bekennen, wie
254 3525 1066 3652 es mit seiner Seidt zugegangen.
1219 3595 1385 3681 Ants.
1923 317 2309 428 dabler
2689 368 2812 443 483
1540 401 2738 559 Samtl. Es könne nichts anders eiden, als wie Er schon
1621 466 2729 595 gesagt. Seinlich an dem Zinstag Abend, da das
1627 533 2745 667 Veter gewesen, seyn Er bis gegen 10 Uhr aufge¬
1617 607 2749 754 blieben, und wie Er sich zu bet geleget, habe Er
1623 665 2738 807 wohl geschlaffen, bis am Morgen, da es gelautet,
1630 734 2736 860 alben Es wieder eingeschlaffen, bald aber wieder
1621 798 2790 940 erwachet, und habe darauf zwey oder dreymal starken
1615 861 2742 989 Schmerzen im Bauch verspühret. Da dann die¬
1623 927 2725 1066 genst müße vorgegangen seyn. Es laße
1623 1002 2754 1154 aber nicht wie, indeme Er in Gemacht gelegen
1624 1071 2221 1168 und von Sinnen gewesen.
1536 1128 2741 1255 Fr. keine Erzehlung seye gantz fabelhoff und un¬
1609 1211 2714 1342 glaublich. Da Er bekenne, daß Er starke
1618 1281 2734 1417 Bauch schmerzen bekommen, warum Er nie¬
1621 1345 2465 1478 mand beruffen und hulf begehrt.
1529 1424 2741 1564 Antl. Es habe nicht gewürt, daß Er und eine Remit
1590 1506 2774 1634 zu thun seye, sonsten Er hulf wurde begehrt
1605 1579 2713 1712 haben, und läste es auch nachher gethan,
1626 1647 2363 1783 wann sein Kind gelebt hate.
1533 1727 2758 1856 Er: Ob Er damal als Er Bauch schmerzen gehabt,
1618 1787 2774 1931 nicht bewegungen von seinem Kind verspührt.
1530 1876 2752 2014 Antho sein. Habe mir Bauch schmertzen verführet.
1518 1954 2753 2098 Fr. Ob Er dann an denen Bauch schmertzen nicht
1617 2045 2724 2177 anzeige einer nahen denst verspühret, und
1618 2097 2102 2222 solche geglaubet.
1537 2162 2703 2307 antl. Stein, habe mir nicht an etwas dergleichen
1608 2248 1852 2343 gedenket.
1518 2296 2770 2443 Fr. Da Er während seinen starken Bauchschmerzen
1625 2393 2751 2498 niemand darvon etwas geoffenbahret, noch
1623 2447 2759 2599 um Hülf geruffen, so seye ganz klar, daß
1613 2516 2730 2676 Er keine Schmertzen vorsetzlich vertruket.
1612 2595 2300 2719 Solle es mir vnnd bekennen
1534 2672 2724 2822 Rats. Er habe solche Schmertzen, für lediges Danckh¬
1601 2759 2250 2874 wete zu seyn betrachtet.
1533 2818 2712 2972 Er. Ob tzerharten Köpfe, daß Er seine Genet,
1613 2897 2746 3020 noch das zur Welt gebohrne und nicht verspühret:
1515 2951 2737 3126 Ants, da Er betheure, daß Er nichts geschigent worde
1616 3043 2265 3165 darauf leben und sterben.
1527 3084 2696 3269 Fr. Ward nach den Sauch schmertzen ihme begegnet
1514 3207 2733 3350 Anth. Es seyn von Sinnen gekommen, und da ohne
1593 3285 2587 3421 Empfindung wie ein Stück holz gelegen.
1521 3351 2719 3488 Fr: Ob Er, also auch erharten Köpfe, daß Er nicht
1605 3391 2722 3564 bey binnen gebesten, zur Zeit, da Er sein Kind
1590 3501 2169 3635 zur Welt gebohren.
2554 3525 2698 3641 Authe
