3024 4032
302 352 434 442 313
375 503 1538 688 Demnach diesem Vormittag als das
413 610 1545 759 schen fallen de la
453 748 1529 829 weibel sehr von stetten verlichen, deß
419 791 1521 914 Oberen Chorgrichts durch nach stehenden
397 854 1517 1018 Gedul, die behörige Nachricht ertheilt
428 934 1535 1093 worden, daß nach Anzeich der beeydigen
402 1026 1537 1202 Hochworen und Rath einli
406 1118 1530 1271 Mags, in solchen Umständen sich befinden
407 1213 1502 1365 daraus zu schließen seye er möchte
390 1299 1523 1474 wircklich von etwas Zeits eines Kinde
404 1397 1520 1556 niedergenommen seyn. So hat Rechtl.
391 1492 1420 1649 Großweibel, solches pflichtmäßig
598 1588 644 1653 e
382 1597 1508 1719 Meine gnädigen Herren den Rathen hinterbracht, welche
394 1676 1493 1808 dan̄ anbefohlen, diese Magd in den
381 1765 1513 1908 Riczose transportieren zu laßen, und die
378 1854 1523 1995 behörigen Informationen und Unter su¬
387 1935 1471 2079 genigen vorzunemmen, auch mit dem
384 2035 1486 2167 verdächtigen Menschen ein praecoquitions
1106 2114 1456 2260 Nachdeme
364 2115 961 2266 Examen, abzuhalten.
371 2200 1487 2361 hierauf dieses Mensch, von den Jahrg
364 2288 1486 2439 Baumgartner an der Herren gaß bey,
371 2378 1469 2526 wo es die lezte Nacht zugebracht in
373 2465 1467 2625 den Innfahl geführt, und da selbst von
384 2559 1475 2713 einem H. Medico und Birurgo nebst
362 2658 1438 2820 zwey geschwornen Hebammen behörig
378 2747 1469 2852 viditirt worden, wie das Tisum repertum
382 2824 1483 2944 ansgreifft, nachwerts dann deßen Gehalt
369 2911 1468 3050 wie auch den K. H. begraben durchsuchet,
371 3002 1504 3141 und in dem Stadt Sach, bis zu der Kungnau
381 3096 1440 3224 nachgeforstehet worden, ohne einiche
354 3168 1449 3308 Spur einer Kindt zu entdecken, haben
382 3271 1497 3402 beyde Mecher Gros weibel und Grichtschreiber
356 3345 1479 3493 zu erst nachfolgende Personen vernomen,
2047 374 2267 524 Gellet
2688 425 2848 529 d
1716 469 2744 604 und darauf das anbefohlene Examen
1707 539 2568 696 d Geraden Spitahl verführt.
1953 695 2470 851 Copia zedel
2150 775 2256 883 a
1696 857 2647 1039 Meinen gnädige Herren Großweibel Steiger.
1676 996 2777 1161 diesen Morgen zeigte Cotey Kychard
1681 1103 2773 1247 geschworne allhiesige Gebauen Meinen gnädigen Her
1696 1195 2739 1325 der oberen Gorgrichts an, was maßen
1684 1266 2767 1416 sie gestern Abends gegen 10. Rthr.
1698 1354 2770 1473 von Sist. Ganze dem waylen in sein Hand
1704 1425 2779 1561 berichten worden, mitt ersuchen, seine
1695 1515 2765 1679 Magt (.deren nahmen die die Hebammen
1701 1611 2789 1767 nicht wiße zu visitieren, maßen er die
1703 1687 2752 1819 Schwanger zu seyn vermuthe. Die
1686 1775 2786 1926 Rychardin habe hierauf befunden, daß
1695 1871 2782 2016 dieses Weibs Bild würcklich viel Blut
1695 1935 2748 2107 verlohren, mithin daraus und aus den
1704 2033 2799 2175 übrigen Umständen geschloßen, daß eine
1678 2105 2799 2262 fausse Buche von etwan 3. bis 4. Monat.
1703 2190 2783 2319 obhanden seyn könne, wednachen Sie des
1688 2279 2778 2426 Hr. Chirurgi Königl. Bedienten müßen
1707 2366 2802 2513 und der Magd eine Ader offenen Cassen
1687 2437 2826 2590 hierauf nun habe sie Proferenten sich wieder
1697 2532 2797 2676 nach Hans begeben, mit Befehl nöthigen
1696 2601 2788 2728 fahls sie in der Nacht wieder abzuholen
2451 2685 2779 2802 Dear Sie
1696 2702 2446 2838 welches aber nicht geschehen
1707 2781 2739 2890 aber diesen Morgen wieder zu der
1664 2851 2796 3009 Dacienn gekommen, habe sie befunden,
1682 2928 2800 3083 daß nicht nur der Bauch keine Weitere
1689 3013 2782 3175 Schwängerschafft anzeige, sondern auch
1704 3103 2809 3272 daß das werb bild in ihren brüsten worden
1693 3173 2800 3323 lich schöne gelbe Milch habe, worauff
1695 3244 2788 3408 Die die Hebamme den Verdacht schöpfen
2479 3350 2653 3495 daß
