<?xml version="1.0" encoding="UTF-8" standalone="yes"?>
<PcGts xmlns="http://schema.primaresearch.org/PAGE/gts/pagecontent/2013-07-15" xmlns:xsi="http://www.w3.org/2001/XMLSchema-instance" xsi:schemaLocation="http://schema.primaresearch.org/PAGE/gts/pagecontent/2013-07-15 http://schema.primaresearch.org/PAGE/gts/pagecontent/2013-07-15/pagecontent.xsd">
    <Metadata>
        <Creator>prov=University of Rostock/Institute of Mathematics/CITlab|PLANET AI GmbH/Gundram Leifert/gundram.leifert@planet-ai.de:name=German_Kurrent_XVI-XVIII_M5.4(htr_id=38771)::::v=2.6.7
prov=University of Rostock/Institute of Mathematics/CITlab|PLANET AI GmbH/Tobias Gruening/tobias.gruening@planet-ai.de:name=de.uros.citlab.module.baseline2polygon.B2PSeamMultiOriented:v=2.6.7
prov=University of Rostock/Institute of Mathematics/CITlab|PLANET AI GmbH/Tobias Gruening/tobias.gruening@planet-ai.de:name=/net_tf/LA73_249_0mod360.pb:de.uros.citlab.segmentation.CITlab_LA_ML:v=2.6.7
Transkribus</Creator>
        <Created>2022-06-16T10:54:18.171+02:00</Created>
        <LastChange>2022-09-12T15:44:57.371+02:00</LastChange>
        <TranskribusMetadata docId="1334854" pageId="52363356" pageNr="76" tsid="114645333" status="IN_PROGRESS" userId="9570" imgUrl="https://files.transkribus.eu/Get?id=IYCLFIVBAWVAGGXIOVHRDKYS&amp;fileType=view" xmlUrl="https://files.transkribus.eu/Get?id=QTOEYFICCFOLUNCBEQNNYJMA" imageId="35487471"/>
    </Metadata>
    <Page imageFilename="IMG_8095.jpg" imageWidth="3024" imageHeight="4032">
        <ReadingOrder>
            <OrderedGroup id="ro_1687513593557" caption="Regions reading order">
                <RegionRefIndexed index="0" regionRef="r1"/>
                <RegionRefIndexed index="1" regionRef="r2"/>
            </OrderedGroup>
        </ReadingOrder>
        <TextRegion orientation="0.0" id="r1" custom="readingOrder {index:0;}">
            <Coords points="47,0 47,3424 1404,3424 1404,0"/>
            <TextLine id="r1l1" custom="readingOrder {index:0;}">
                <Coords points="45,91 59,90 66,81 88,89 114,65 126,70 143,53 168,59 209,38 202,-6 189,-9 176,0 160,-4 129,-25 116,-17 99,-25 51,11 32,9"/>
                <Baseline points="47,50 72,47 98,44 123,38 149,34 174,30 200,29"/>
                <TextEquiv>
                    <Unicode>149</Unicode>
                </TextEquiv>
            </TextLine>
            <TextLine id="r1l2" custom="readingOrder {index:1;} person {offset:0; length:4;}">
                <Coords points="526,131 577,147 653,148 676,166 727,141 797,182 861,198 872,106 800,85 776,95 727,76 681,77 639,41 616,47 592,34 561,45 538,35"/>
                <Baseline points="537,111 563,115 590,118 617,122 644,126 670,128 697,132 724,135 751,138 777,142 804,144 831,148 858,150"/>
                <TextEquiv>
                    <Unicode>Anna</Unicode>
                </TextEquiv>
            </TextLine>
            <TextLine id="r1l3" custom="readingOrder {index:2;}">
                <Coords points="150,229 1069,317 1302,386 1375,455 1394,324 1171,228 160,154"/>
                <Baseline points="159,216 219,222 280,226 341,232 402,236 462,241 523,246 584,252 645,257 705,264 766,270 827,278 888,287 948,297 1009,308 1070,320 1131,333 1191,350 1252,367 1313,385 1374,407"/>
                <TextEquiv>
                    <Unicode>seinen ferneren und eigentliche</Unicode>
                </TextEquiv>
            </TextLine>
            <TextLine id="r1l4" custom="readingOrder {index:3;}">
                <Coords points="173,319 579,329 715,412 783,377 846,424 917,369 1070,388 1410,500 1418,429 1363,450 1271,380 1204,401 1095,324 185,229"/>
                <Baseline points="183,305 244,311 305,317 366,321 427,325 488,329 549,333 610,337 671,342 732,347 793,351 854,358 915,366 976,375 1037,385 1098,397 1159,410 1220,424 1281,442 1342,461 1404,485"/>
                <TextEquiv>
                    <Unicode>Berecht von dero jetzig ein Befinden, und</Unicode>
                </TextEquiv>
            </TextLine>
            <TextLine id="r1l5" custom="readingOrder {index:4;}">
                <Coords points="174,437 369,399 499,457 563,417 745,428 956,489 1008,463 1076,526 1161,488 1380,565 1393,488 1162,421 1079,456 918,369 846,423 782,384 713,411 612,340 188,326"/>
                <Baseline points="189,383 248,389 307,394 367,400 426,404 486,408 545,413 604,418 664,423 723,428 783,433 842,440 901,447 961,454 1020,463 1080,473 1139,485 1198,498 1258,512 1317,528 1377,546"/>
                <TextEquiv>
                    <Unicode>Gesundheits Zustand zu haben ver¬</Unicode>
                </TextEquiv>
            </TextLine>
            <TextLine id="r1l6" custom="readingOrder {index:5;}">
                <Coords points="168,534 287,550 492,483 839,527 939,589 1040,542 1160,610 1264,587 1380,630 1385,582 1281,518 1166,492 1062,524 999,462 953,489 555,420 479,467 326,456 260,405 179,436"/>
                <Baseline points="183,468 242,475 302,480 361,485 421,489 480,494 540,497 599,501 659,504 718,508 778,513 838,517 897,523 957,530 1016,538 1076,548 1135,558 1195,571 1254,585 1314,601 1374,621"/>
                <TextEquiv>
                    <Unicode>länger und wie Ends unterschrieben</Unicode>
                </TextEquiv>
            </TextLine>
            <TextLine id="r1l7" custom="readingOrder {index:6;}">
                <Coords points="193,586 353,624 413,583 455,623 754,592 850,645 939,620 1329,695 1336,625 1297,602 1159,611 1041,552 980,586 795,523 592,558 406,487 289,549 199,529"/>
                <Baseline points="204,558 262,562 321,566 380,569 439,573 498,576 557,579 616,582 675,587 734,591 792,596 851,602 910,607 969,614 1028,622 1087,631 1146,640 1205,651 1264,663 1323,677"/>
                <TextEquiv>
                    <Unicode>auf gestern den 9. Sept. 1760</Unicode>
                </TextEquiv>
            </TextLine>
            <TextLine id="r1l8" custom="readingOrder {index:7;}">
                <Coords points="199,665 708,664 1030,705 1123,760 1267,752 1350,803 1357,711 1125,644 872,648 579,584 315,622 207,582"/>
                <Baseline points="209,639 265,642 322,645 379,648 436,651 493,656 550,658 607,661 664,666 721,669 778,674 834,678 891,684 948,690 1005,696 1062,703 1119,711 1176,719 1233,730 1290,741 1347,752"/>
                <TextEquiv>
                    <Unicode>beorderet worden, mit Zuziehung</Unicode>
                </TextEquiv>
            </TextLine>
            <TextLine id="r1l9" custom="readingOrder {index:8;} person {offset:3; length:10;}">
                <Coords points="199,737 339,792 485,790 553,746 860,797 1069,784 1375,883 1381,809 1273,755 1224,783 659,669 206,657"/>
                <Baseline points="207,734 265,734 323,735 381,737 439,739 498,741 556,743 614,747 672,749 730,753 789,757 847,763 905,767 963,774 1021,780 1080,787 1138,796 1196,803 1254,813 1312,823 1371,834"/>
                <TextEquiv>
                    <Unicode>H. Schrärulis den genaueren Ungen</Unicode>
                </TextEquiv>
            </TextLine>
            <TextLine id="r1l10" custom="readingOrder {index:9;}">
                <Coords points="165,860 434,854 482,900 614,842 944,846 1173,944 1240,898 1354,919 1357,875 1185,816 944,779 171,782"/>
                <Baseline points="177,812 235,814 294,817 352,820 411,822 469,825 528,827 586,831 645,834 703,837 762,840 820,845 879,848 937,854 996,859 1054,865 1113,871 1171,878 1230,887 1288,896 1347,905"/>
                <TextEquiv>
                    <Unicode>schein auf dem Ort selbst zu</Unicode>
                </TextEquiv>
            </TextLine>
            <TextLine id="r1l11" custom="readingOrder {index:10;}">
                <Coords points="169,956 401,913 554,978 694,919 1301,1007 1352,999 1357,925 1229,904 1149,941 865,850 711,882 602,838 482,896 174,864"/>
                <Baseline points="180,906 238,908 296,909 354,911 412,912 471,914 529,915 587,918 645,920 703,923 762,925 820,928 878,932 936,936 994,941 1053,946 1111,953 1169,960 1227,968 1285,977 1344,987"/>
                <TextEquiv>
                    <Unicode>nemen, diese Leute genant zu</Unicode>
                </TextEquiv>
            </TextLine>
            <TextLine id="r1l12" custom="readingOrder {index:11;}">
                <Coords points="184,1032 273,1067 423,1012 651,1001 977,1089 1145,1051 1360,1095 1363,1036 1311,1006 1151,1010 949,938 877,975 693,918 549,978 280,940 188,968"/>
                <Baseline points="195,996 252,998 310,999 368,1001 426,1002 484,1004 542,1004 600,1006 658,1008 716,1011 774,1013 831,1016 889,1019 947,1024 1005,1029 1063,1033 1121,1039 1179,1046 1237,1053 1295,1062 1353,1071"/>
                <TextEquiv>
                    <Unicode>examinieren, und ob dißmal oder</Unicode>
                </TextEquiv>
            </TextLine>
            <TextLine id="r1l13" custom="readingOrder {index:12;}">
                <Coords points="157,1123 239,1150 332,1088 520,1087 803,1105 930,1179 1046,1134 1098,1180 1166,1133 1238,1172 1359,1149 1324,1080 1142,1050 974,1090 556,1012 271,1068 162,1033"/>
                <Baseline points="167,1086 226,1086 285,1086 344,1088 403,1089 462,1091 521,1092 581,1094 640,1097 699,1098 758,1101 817,1106 876,1109 935,1113 995,1118 1054,1124 1113,1128 1172,1135 1231,1142 1290,1149 1350,1157"/>
                <TextEquiv>
                    <Unicode>auch fürs künfftige, ihr zustand</Unicode>
                </TextEquiv>
            </TextLine>
            <TextLine id="r1l14" custom="readingOrder {index:13;}">
                <Coords points="142,1201 417,1245 528,1188 658,1254 1094,1207 1153,1266 1314,1270 1318,1195 1167,1133 1098,1181 1048,1136 932,1180 802,1106 552,1150 355,1088 249,1149 146,1122"/>
                <Baseline points="150,1184 207,1182 265,1181 323,1181 381,1181 439,1181 497,1182 555,1184 613,1186 671,1188 729,1191 786,1194 844,1197 902,1202 960,1205 1018,1209 1076,1214 1134,1218 1192,1222 1250,1228 1308,1232"/>
                <TextEquiv>
                    <Unicode>gefährlich seye zu untersuchen.</Unicode>
                </TextEquiv>
            </TextLine>
            <TextLine id="r1l15" custom="readingOrder {index:14;}">
                <Coords points="89,1313 542,1323 603,1377 755,1311 849,1357 1009,1330 1349,1378 1354,1269 1269,1252 1180,1288 1064,1231 868,1299 797,1249 540,1290 96,1179"/>
                <Baseline points="98,1302 160,1302 222,1302 284,1304 346,1304 408,1305 470,1308 533,1310 595,1312 657,1314 719,1317 781,1320 843,1323 905,1327 968,1332 1030,1335 1092,1340 1154,1346 1216,1350 1278,1355 1341,1361"/>
                <TextEquiv>
                    <Unicode>Als wir nun gesteres Morgens und</Unicode>
                </TextEquiv>
            </TextLine>
            <TextLine id="r1l16" custom="readingOrder {index:15;}">
                <Coords points="140,1418 356,1381 463,1438 699,1394 1324,1457 1326,1389 1173,1343 925,1335 850,1376 756,1312 675,1370 352,1311 144,1320"/>
                <Baseline points="150,1383 208,1384 266,1385 325,1385 383,1385 441,1386 500,1388 558,1389 616,1391 675,1392 733,1395 791,1398 850,1400 908,1403 966,1407 1025,1410 1083,1414 1141,1417 1200,1422 1258,1427 1317,1431"/>
                <TextEquiv>
                    <Unicode>halb 10 Uhr an den Ort gekommen,</Unicode>
                </TextEquiv>
            </TextLine>
            <TextLine id="r1l17" custom="readingOrder {index:16;}">
                <Coords points="144,1506 988,1489 1126,1497 1209,1563 1337,1526 1339,1471 988,1409 811,1447 584,1398 499,1442 147,1414"/>
                <Baseline points="152,1478 210,1475 269,1473 328,1472 387,1472 446,1470 505,1470 563,1472 622,1472 681,1473 740,1476 799,1478 858,1480 917,1482 975,1486 1034,1490 1093,1494 1152,1498 1211,1503 1270,1508 1329,1514"/>
                <TextEquiv>
                    <Unicode>haben wie diesen quaestionirl. 60. Jah¬</Unicode>
                </TextEquiv>
            </TextLine>
            <TextLine id="r1l18" custom="readingOrder {index:17;}">
                <Coords points="178,1572 452,1556 677,1603 800,1563 933,1609 1150,1580 1363,1611 1364,1557 1195,1562 1121,1495 819,1488 753,1522 683,1474 604,1506 472,1478 355,1531 181,1483"/>
                <Baseline points="186,1553 244,1553 303,1551 361,1552 420,1553 478,1553 537,1554 595,1556 654,1557 712,1558 771,1560 829,1562 888,1565 946,1568 1005,1570 1063,1573 1122,1576 1180,1580 1239,1584 1297,1588 1356,1592"/>
                <TextEquiv>
                    <Unicode>rigen Man vor dem Hans auf einer</Unicode>
                </TextEquiv>
            </TextLine>
            <TextLine id="r1l19" custom="readingOrder {index:18;}">
                <Coords points="147,1661 484,1651 557,1708 644,1647 734,1685 774,1648 1157,1652 1339,1710 1341,1623 1212,1589 979,1628 879,1571 615,1608 508,1568 425,1609 222,1552 149,1588"/>
                <Baseline points="156,1640 214,1640 273,1640 332,1640 391,1640 450,1640 508,1640 567,1640 626,1641 685,1641 744,1643 802,1643 861,1644 920,1646 979,1649 1038,1652 1096,1654 1155,1658 1214,1662 1273,1667 1332,1671"/>
                <TextEquiv>
                    <Unicode>Gurden Stroh sitzend angetroffen, e</Unicode>
                </TextEquiv>
            </TextLine>
            <TextLine id="r1l20" custom="readingOrder {index:19;}">
                <Coords points="135,1761 268,1724 327,1770 430,1731 744,1776 960,1731 1119,1794 1349,1756 1349,1713 1237,1667 1107,1709 987,1652 819,1699 622,1667 560,1707 454,1655 136,1677"/>
                <Baseline points="144,1728 203,1728 263,1728 323,1727 383,1727 443,1727 503,1727 562,1725 622,1725 682,1725 742,1725 802,1725 862,1727 922,1727 981,1728 1041,1728 1101,1731 1161,1733 1221,1734 1281,1737 1341,1739"/>
                <TextEquiv>
                    <Unicode>hat sich demnach alsobald aufgerich¬</Unicode>
                </TextEquiv>
            </TextLine>
            <TextLine id="r1l21" custom="readingOrder {index:20;}">
                <Coords points="150,1826 505,1809 644,1866 818,1802 970,1849 1125,1816 1327,1858 1327,1737 1120,1794 962,1732 744,1776 457,1733 327,1770 274,1725 150,1754"/>
                <Baseline points="158,1814 216,1814 274,1814 332,1812 390,1812 448,1812 506,1812 564,1812 622,1812 680,1812 738,1812 796,1812 854,1812 912,1812 970,1812 1028,1812 1086,1814 1144,1814 1202,1814 1260,1815 1319,1815"/>
                <TextEquiv>
                    <Unicode>stet und gezeiget, daß er ordentl.</Unicode>
                </TextEquiv>
            </TextLine>
            <TextLine id="r1l22" custom="readingOrder {index:21;}">
                <Coords points="136,1960 229,1970 352,1909 558,1954 621,1909 843,1949 986,1898 1340,1920 1339,1865 1110,1816 972,1876 722,1831 630,1868 483,1808 411,1859 134,1832"/>
                <Baseline points="143,1910 202,1910 261,1908 321,1908 380,1907 440,1907 499,1905 558,1904 618,1902 677,1902 737,1901 796,1899 855,1898 915,1896 974,1896 1034,1895 1093,1893 1152,1893 1212,1892 1271,1892 1331,1892"/>
                <TextEquiv>
                    <Unicode>Steg und Weg brauchen könne, dennoch</Unicode>
                </TextEquiv>
            </TextLine>
            <TextLine id="r1l23" custom="readingOrder {index:22;}">
                <Coords points="138,2009 329,2034 489,1991 694,2024 817,1994 894,2033 951,1979 1142,2021 1346,1992 1248,1916 1143,1903 973,1960 627,1911 568,1956 421,1912 138,1985"/>
                <Baseline points="146,2003 205,2001 265,2000 324,1998 384,1997 443,1995 503,1994 562,1992 622,1991 681,1989 741,1988 801,1986 860,1985 920,1983 979,1983 1039,1982 1098,1982 1158,1982 1217,1982 1277,1982 1337,1983"/>
                <TextEquiv>
                    <Unicode>eine zimliche Schwache und Gütern</Unicode>
                </TextEquiv>
            </TextLine>
            <TextLine id="r1l24" custom="readingOrder {index:23;} place {offset:18; length:10;}">
                <Coords points="141,2106 805,2088 950,2121 1049,2077 1134,2116 1206,2073 1342,2090 1341,2037 1197,1999 1067,2027 951,1980 896,2029 459,1996 396,2047 140,2070"/>
                <Baseline points="149,2097 208,2096 267,2096 326,2094 386,2091 445,2090 504,2088 563,2087 623,2084 682,2082 741,2079 800,2078 860,2076 919,2075 978,2073 1037,2072 1097,2070 1156,2070 1215,2070 1274,2070 1334,2070"/>
                <TextEquiv>
                    <Unicode>in dem Gemein und Scheinteln</Unicode>
                </TextEquiv>
            </TextLine>
            <TextLine id="r1l25" custom="readingOrder {index:24;}">
                <Coords points="141,2196 432,2224 738,2163 1026,2191 1336,2150 1334,2095 1226,2073 1136,2117 1047,2076 881,2137 747,2101 565,2145 138,2108"/>
                <Baseline points="149,2190 211,2188 273,2186 335,2184 397,2181 459,2180 521,2177 583,2175 645,2173 707,2171 769,2168 831,2166 893,2165 955,2162 1017,2160 1079,2158 1141,2156 1203,2154 1265,2151 1328,2150"/>
                <TextEquiv>
                    <Unicode>verführe, liebst einer Mattigkeit</Unicode>
                </TextEquiv>
            </TextLine>
            <TextLine id="r1l26" custom="readingOrder {index:25;}">
                <Coords points="139,2300 256,2336 595,2265 722,2305 970,2244 1115,2301 1308,2216 1211,2189 1070,2225 957,2165 739,2213 667,2173 410,2252 269,2189 136,2231"/>
                <Baseline points="146,2282 203,2280 261,2279 319,2276 377,2273 434,2271 492,2268 550,2266 608,2264 665,2261 723,2258 781,2255 839,2252 896,2250 954,2247 1012,2245 1070,2243 1127,2240 1185,2238 1243,2237 1301,2235"/>
                <TextEquiv>
                    <Unicode>des gantzen leibs, und einicher</Unicode>
                </TextEquiv>
            </TextLine>
            <TextLine id="r1l27" custom="readingOrder {index:26;}">
                <Coords points="146,2409 230,2378 361,2430 426,2371 602,2405 673,2361 822,2406 976,2339 1097,2392 1332,2301 966,2270 897,2323 854,2284 717,2305 587,2264 254,2348 140,2300"/>
                <Baseline points="153,2379 211,2376 270,2375 328,2371 387,2369 446,2366 504,2363 563,2360 621,2356 680,2352 739,2350 797,2347 856,2343 914,2340 973,2338 1032,2335 1090,2331 1149,2328 1207,2327 1266,2324 1325,2321"/>
                <TextEquiv>
                    <Unicode>Unempfindlichkeit in den fingeren</Unicode>
                </TextEquiv>
            </TextLine>
            <TextLine id="r1l28" custom="readingOrder {index:27;}">
                <Coords points="148,2501 356,2512 714,2442 1289,2445 1310,2335 1124,2399 786,2404 673,2361 576,2433 475,2382 145,2442"/>
                <Baseline points="155,2474 212,2472 270,2468 327,2465 385,2462 443,2459 500,2456 558,2453 615,2450 673,2447 731,2444 788,2441 846,2438 903,2435 961,2431 1019,2429 1076,2425 1134,2421 1191,2418 1249,2415 1307,2411"/>
                <TextEquiv>
                    <Unicode>in welchen es ihnen grammstelten</Unicode>
                </TextEquiv>
            </TextLine>
            <TextLine id="r1l29" custom="readingOrder {index:28;}">
                <Coords points="123,2583 421,2554 588,2606 689,2550 959,2567 1329,2515 1323,2434 1164,2421 866,2506 713,2442 442,2519 277,2484 220,2544 121,2549"/>
                <Baseline points="131,2576 190,2571 249,2567 309,2562 368,2558 428,2553 487,2550 546,2545 606,2541 665,2537 725,2534 784,2530 843,2525 903,2521 962,2517 1022,2514 1081,2511 1140,2506 1200,2503 1259,2499 1319,2495"/>
                <TextEquiv>
                    <Unicode>und sie wie halb entschloßen, oder</Unicode>
                </TextEquiv>
            </TextLine>
            <TextLine id="r1l30" custom="readingOrder {index:29;}">
                <Coords points="127,2721 401,2649 596,2696 703,2626 976,2605 1165,2659 1333,2594 1328,2514 1156,2559 873,2544 713,2615 415,2555 118,2597"/>
                <Baseline points="131,2669 190,2666 250,2661 310,2658 369,2653 429,2649 489,2645 548,2641 608,2636 668,2631 728,2627 787,2622 847,2618 907,2614 966,2610 1026,2605 1086,2602 1145,2598 1205,2594 1265,2590 1325,2586"/>
                <TextEquiv>
                    <Unicode>halb tod seyen. In der rechten</Unicode>
                </TextEquiv>
            </TextLine>
            <TextLine id="r1l31" custom="readingOrder {index:30;}">
                <Coords points="134,2789 275,2809 550,2727 759,2751 861,2706 1294,2706 1331,2694 1326,2624 1191,2664 1010,2605 481,2705 283,2662 129,2721"/>
                <Baseline points="140,2766 199,2760 258,2753 317,2747 376,2741 435,2736 494,2731 553,2727 612,2723 671,2718 731,2715 790,2711 849,2706 908,2704 967,2699 1026,2695 1085,2691 1144,2687 1203,2682 1262,2676 1322,2672"/>
                <TextEquiv>
                    <Unicode>Hand sahe der Klagel des Sammens</Unicode>
                </TextEquiv>
            </TextLine>
            <TextLine id="r1l32" custom="readingOrder {index:31;}">
                <Coords points="130,2863 359,2845 456,2892 693,2813 804,2843 983,2790 1233,2820 1349,2784 1343,2708 1217,2694 1087,2766 989,2730 774,2741 730,2782 465,2742 283,2815 124,2782"/>
                <Baseline points="138,2856 198,2850 258,2844 318,2838 378,2833 438,2828 498,2823 558,2819 618,2814 678,2810 739,2805 799,2801 859,2796 919,2792 979,2787 1039,2784 1099,2780 1159,2774 1219,2770 1279,2766 1340,2762"/>
                <TextEquiv>
                    <Unicode>etwas blaub aus, sonsten gewahrete</Unicode>
                </TextEquiv>
            </TextLine>
            <TextLine id="r1l33" custom="readingOrder {index:32;}">
                <Coords points="123,2972 438,2924 521,2965 692,2906 1246,2861 1242,2815 1074,2784 1005,2845 925,2801 797,2843 701,2819 554,2881 401,2866 120,2931"/>
                <Baseline points="129,2949 184,2944 239,2940 295,2934 350,2929 406,2924 461,2918 517,2914 572,2908 628,2903 683,2898 738,2894 794,2889 849,2885 905,2880 960,2875 1016,2871 1071,2867 1127,2863 1182,2858 1238,2855"/>
                <TextEquiv>
                    <Unicode>man am ganzen keit weder</Unicode>
                </TextEquiv>
            </TextLine>
            <TextLine id="r1l34" custom="readingOrder {index:33;}">
                <Coords points="129,3066 345,3023 492,3068 1034,2953 1280,2983 1274,2915 1160,2889 1071,2934 942,2880 825,2925 699,2904 473,2987 120,2970"/>
                <Baseline points="134,3039 190,3035 247,3030 304,3026 360,3021 417,3015 474,3009 530,3003 587,2998 644,2993 701,2986 757,2981 814,2976 871,2970 927,2964 984,2960 1041,2955 1097,2951 1154,2948 1211,2944 1268,2942"/>
                <TextEquiv>
                    <Unicode>gleiben noch geschwulst mehen</Unicode>
                </TextEquiv>
            </TextLine>
            <TextLine id="r1l35" custom="readingOrder {index:34;}">
                <Coords points="93,3174 346,3108 603,3150 707,3071 965,3107 1065,3041 1291,3060 1283,2979 1035,2953 824,2988 766,3040 705,3003 566,3063 280,3054 87,3103"/>
                <Baseline points="98,3135 157,3130 216,3125 275,3119 334,3112 393,3106 452,3098 511,3091 570,3085 629,3078 689,3071 748,3065 807,3058 866,3053 925,3048 984,3042 1043,3039 1102,3036 1161,3033 1220,3032 1280,3030"/>
                <TextEquiv>
                    <Unicode>sonder er befindet sich steint 8.</Unicode>
                </TextEquiv>
            </TextLine>
            <TextLine id="r1l36" custom="readingOrder {index:35;}">
                <Coords points="106,3244 493,3185 648,3237 731,3166 893,3142 1156,3179 1296,3138 1291,3089 1183,3059 964,3106 910,3073 679,3101 602,3149 503,3111 98,3168"/>
                <Baseline points="113,3227 171,3221 230,3215 289,3209 347,3202 406,3195 465,3188 523,3180 582,3173 641,3166 700,3159 758,3152 817,3145 876,3140 934,3135 993,3130 1052,3126 1110,3124 1169,3122 1228,3120 1287,3120"/>
                <TextEquiv>
                    <Unicode>biß 10 tagen sonderl nach ge¬</Unicode>
                </TextEquiv>
            </TextLine>
            <TextLine id="r1l37" custom="readingOrder {index:36;}">
                <Coords points="125,3326 303,3345 349,3303 695,3241 1040,3279 1316,3213 1312,3175 1087,3152 859,3205 712,3182 650,3235 493,3185 117,3251"/>
                <Baseline points="131,3312 189,3306 248,3301 307,3293 366,3286 425,3279 484,3272 542,3264 601,3256 660,3250 719,3242 778,3235 837,3230 896,3223 954,3218 1013,3213 1072,3210 1131,3207 1190,3205 1249,3204 1308,3206"/>
                <TextEquiv>
                    <Unicode>brauchtem in der nahe gelegenen</Unicode>
                </TextEquiv>
            </TextLine>
            <TextLine id="r1l38" custom="readingOrder {index:37;} place {offset:0; length:7;}">
                <Coords points="118,3468 391,3388 650,3421 847,3323 974,3379 1122,3306 1301,3346 1297,3252 834,3285 740,3254 685,3289 606,3260 107,3363"/>
                <Baseline points="119,3402 177,3396 236,3389 295,3383 353,3374 412,3367 471,3358 529,3351 588,3343 647,3335 706,3328 764,3321 823,3315 882,3310 940,3305 999,3300 1058,3299 1116,3296 1175,3296 1234,3296 1293,3297"/>
                <TextEquiv>
                    <Unicode>Limpach Baad seinem eigenen</Unicode>
                </TextEquiv>
            </TextLine>
            <TextEquiv>
                <Unicode>149
Anna
seinen ferneren und eigentliche
Berecht von dero jetzig ein Befinden, und
Gesundheits Zustand zu haben ver¬
länger und wie Ends unterschrieben
auf gestern den 9. Sept. 1760
beorderet worden, mit Zuziehung
H. Schrärulis den genaueren Ungen
schein auf dem Ort selbst zu
nemen, diese Leute genant zu
examinieren, und ob dißmal oder
auch fürs künfftige, ihr zustand
gefährlich seye zu untersuchen.
Als wir nun gesteres Morgens und
halb 10 Uhr an den Ort gekommen,
haben wie diesen quaestionirl. 60. Jah¬
rigen Man vor dem Hans auf einer
Gurden Stroh sitzend angetroffen, e
hat sich demnach alsobald aufgerich¬
stet und gezeiget, daß er ordentl.
Steg und Weg brauchen könne, dennoch
eine zimliche Schwache und Gütern
in dem Gemein und Scheinteln
verführe, liebst einer Mattigkeit
des gantzen leibs, und einicher
Unempfindlichkeit in den fingeren
in welchen es ihnen grammstelten
und sie wie halb entschloßen, oder
halb tod seyen. In der rechten
Hand sahe der Klagel des Sammens
etwas blaub aus, sonsten gewahrete
man am ganzen keit weder
gleiben noch geschwulst mehen
sonder er befindet sich steint 8.
biß 10 tagen sonderl nach ge¬
brauchtem in der nahe gelegenen
Limpach Baad seinem eigenen</Unicode>
            </TextEquiv>
        </TextRegion>
        <TextRegion orientation="0.0" id="r2" custom="readingOrder {index:1;}">
            <Coords points="1443,183 1443,3324 2816,3324 2816,183"/>
            <TextLine id="r2l1" custom="readingOrder {index:0;}">
                <Coords points="2687,245 2712,252 2742,271 2772,266 2785,280 2817,284 2834,187 2811,183 2792,188 2779,171 2759,182 2736,171 2710,181 2699,178"/>
                <Baseline points="2699,219 2728,222 2757,227 2786,232 2816,240"/>
                <TextEquiv>
                    <Unicode>1747.</Unicode>
                </TextEquiv>
            </TextLine>
            <TextLine id="r2l2" custom="readingOrder {index:1;}">
                <Coords points="1945,299 1989,272 2047,300 2106,269 2162,282 2178,264 2269,288 2285,276 2333,284 2330,216 2288,222 2238,200 2117,225 2069,222 2029,191 1942,201"/>
                <Baseline points="1952,287 1978,282 2005,279 2031,275 2058,273 2084,273 2111,271 2138,270 2164,270 2191,270 2217,270 2244,270 2270,270 2297,270 2324,270"/>
                <TextEquiv>
                    <Unicode>dangen.</Unicode>
                </TextEquiv>
            </TextLine>
            <TextLine id="r2l3" custom="readingOrder {index:2;}">
                <Coords points="2079,347 2100,339 2105,331 2114,336 2130,320 2134,323 2147,321 2155,313 2171,311 2161,258 2153,260 2132,285 2107,271 2091,282 2067,282"/>
                <Baseline points="2082,321 2109,317 2136,309 2163,309"/>
                <TextEquiv>
                    <Unicode>88</Unicode>
                </TextEquiv>
            </TextLine>
            <TextLine id="r2l4" custom="readingOrder {index:3;}">
                <Coords points="1579,449 2006,392 2103,449 2354,379 2436,416 2571,380 2618,423 2809,386 2807,328 2597,295 2352,367 1804,313 1576,362"/>
                <Baseline points="1586,434 1646,426 1707,418 1768,412 1829,407 1889,402 1950,398 2011,395 2072,393 2132,390 2193,389 2254,387 2315,387 2375,387 2436,386 2497,386 2558,386 2618,386 2679,386 2740,386 2801,386"/>
                <TextEquiv>
                    <Unicode>Geständnuß nach, um vieles erleich</Unicode>
                </TextEquiv>
            </TextLine>
            <TextLine id="r2l5" custom="readingOrder {index:4;}">
                <Coords points="1576,520 1746,469 2231,493 2324,447 2460,508 2568,453 2619,485 2800,461 2798,402 2618,423 2564,380 2431,421 2355,378 2163,445 1954,400 1574,458"/>
                <Baseline points="1583,497 1643,490 1703,485 1764,480 1824,476 1885,472 1945,468 2006,465 2066,462 2127,461 2187,459 2247,457 2308,456 2368,455 2429,453 2489,453 2550,452 2610,452 2671,450 2731,450 2792,449"/>
                <TextEquiv>
                    <Unicode>seret. Ist demnach zu hoffen, daß</Unicode>
                </TextEquiv>
            </TextLine>
            <TextLine id="r2l6" custom="readingOrder {index:5;}">
                <Coords points="1567,577 1923,535 2041,566 2261,517 2708,540 2811,487 2569,453 2452,503 2327,448 2219,500 1763,477 1565,536"/>
                <Baseline points="1574,566 1635,558 1697,550 1758,544 1820,540 1881,535 1943,532 2004,529 2066,527 2127,525 2189,525 2250,524 2312,524 2373,522 2435,522 2496,521 2558,520 2619,518 2681,516 2742,513 2804,510"/>
                <TextEquiv>
                    <Unicode>er mit com̅unicirenden Gebrauch innerlicher</Unicode>
                </TextEquiv>
            </TextLine>
            <TextLine id="r2l7" custom="readingOrder {index:6;}">
                <Coords points="1579,673 1831,619 1932,658 2028,613 2507,623 2567,581 2746,619 2807,594 2805,539 2483,521 2405,567 2171,523 2068,581 1945,538 1880,592 1768,607 1691,561 1577,610"/>
                <Baseline points="1586,639 1646,632 1707,627 1767,623 1828,617 1889,614 1949,610 2010,608 2070,605 2131,602 2192,600 2252,599 2313,597 2373,596 2434,594 2495,593 2555,591 2616,591 2676,590 2737,588 2798,587"/>
                <TextEquiv>
                    <Unicode>und äußerlichen Hülfsmitten, dar nicht</Unicode>
                </TextEquiv>
            </TextLine>
            <TextLine id="r2l8" custom="readingOrder {index:7;}">
                <Coords points="1564,768 1915,761 1975,712 2392,679 2779,682 2809,633 2560,582 2518,625 2029,612 1931,659 1788,623 1561,689"/>
                <Baseline points="1571,719 1632,713 1694,707 1755,702 1817,698 1878,695 1940,691 2001,689 2063,686 2124,684 2186,681 2247,680 2309,678 2370,677 2432,675 2493,674 2555,673 2616,671 2678,669 2739,667 2801,663"/>
                <TextEquiv>
                    <Unicode>gänzlich, doch guten Theils, so viel etwan̄</Unicode>
                </TextEquiv>
            </TextLine>
            <TextLine id="r2l9" custom="readingOrder {index:8;}">
                <Coords points="1576,821 2351,759 2551,813 2635,758 2797,750 2795,688 2679,726 2292,690 2148,701 2102,749 1995,716 1920,759 1574,765"/>
                <Baseline points="1583,797 1643,792 1703,788 1763,783 1824,780 1884,776 1944,774 2005,771 2065,768 2125,766 2186,765 2246,762 2306,761 2366,759 2427,758 2487,756 2547,755 2608,753 2668,752 2728,750 2789,747"/>
                <TextEquiv>
                    <Unicode>sein anrinkendes Alter zugeben</Unicode>
                </TextEquiv>
            </TextLine>
            <TextLine id="r2l10" custom="readingOrder {index:9;}">
                <Coords points="1570,904 1798,882 1894,927 2009,876 2108,911 2283,846 2361,856 2358,786 1998,783 1902,830 1833,837 1787,809 1646,836 1618,810 1566,835"/>
                <Baseline points="1577,878 1615,876 1654,873 1693,870 1732,867 1770,866 1809,864 1848,861 1887,859 1925,857 1964,855 2003,854 2042,852 2080,851 2119,849 2158,848 2197,847 2235,846 2274,846 2313,846 2352,846"/>
                <TextEquiv>
                    <Unicode>von, hergestellt werde.</Unicode>
                </TextEquiv>
            </TextLine>
            <TextLine id="r2l11" custom="readingOrder {index:10;}">
                <Coords points="1534,1011 1709,967 1834,1018 2116,961 2195,1023 2301,978 2447,1000 2502,954 2749,976 2763,875 2597,900 2354,862 2267,917 2033,887 1797,943 1658,892 1532,919"/>
                <Baseline points="1541,987 1601,982 1662,978 1723,975 1784,972 1844,969 1905,968 1966,966 2027,965 2087,963 2148,963 2209,962 2270,962 2330,962 2391,960 2452,960 2513,959 2573,957 2634,956 2695,954 2756,951"/>
                <TextEquiv>
                    <Unicode>Sein junges 24. jähriges Eheweis wie</Unicode>
                </TextEquiv>
            </TextLine>
            <TextLine id="r2l12" custom="readingOrder {index:11;}">
                <Coords points="1570,1085 1979,1048 2112,1101 2202,1050 2295,1079 2433,1029 2701,1050 2773,1018 2771,964 2571,993 2502,954 2449,1002 2301,977 2194,1023 2099,967 1847,1022 1720,975 1568,1000"/>
                <Baseline points="1578,1062 1637,1058 1696,1055 1756,1053 1815,1050 1874,1048 1934,1046 1993,1044 2052,1043 2112,1041 2171,1040 2230,1038 2290,1037 2349,1035 2408,1034 2468,1032 2527,1031 2586,1029 2646,1028 2705,1026 2765,1025"/>
                <TextEquiv>
                    <Unicode>wohl sie ordentlich einiger wandelt</Unicode>
                </TextEquiv>
            </TextLine>
            <TextLine id="r2l13" custom="readingOrder {index:12;}">
                <Coords points="1552,1154 1680,1178 1754,1134 2345,1110 2520,1158 2599,1110 2762,1105 2717,1044 2642,1041 2305,1088 2237,1055 2112,1101 2016,1055 1748,1097 1637,1061 1550,1100"/>
                <Baseline points="1559,1140 1618,1137 1678,1134 1738,1131 1798,1128 1857,1126 1917,1123 1977,1121 2037,1118 2096,1117 2156,1115 2216,1113 2276,1110 2335,1109 2395,1107 2455,1105 2515,1103 2574,1101 2634,1100 2694,1098 2754,1095"/>
                <TextEquiv>
                    <Unicode>klaget ebenfahls über gantz gleiche</Unicode>
                </TextEquiv>
            </TextLine>
            <TextLine id="r2l14" custom="readingOrder {index:13;}">
                <Coords points="1567,1280 1654,1221 1852,1235 1947,1193 2112,1237 2223,1196 2739,1197 2736,1126 2440,1160 2343,1111 2217,1114 1970,1170 1785,1136 1673,1184 1562,1150"/>
                <Baseline points="1572,1221 1629,1217 1687,1215 1745,1211 1803,1207 1861,1205 1919,1202 1977,1199 2035,1197 2093,1194 2151,1193 2208,1191 2266,1189 2324,1187 2382,1185 2440,1185 2498,1184 2556,1182 2614,1181 2672,1181 2730,1179"/>
                <TextEquiv>
                    <Unicode>Synitoriale wie ihr Mann, bedienet</Unicode>
                </TextEquiv>
            </TextLine>
            <TextLine id="r2l15" custom="readingOrder {index:14;}">
                <Coords points="1557,1319 1965,1288 2074,1340 2193,1285 2780,1274 2778,1222 2595,1184 2239,1255 1991,1224 1948,1265 1752,1234 1556,1277"/>
                <Baseline points="1565,1302 1625,1298 1685,1295 1745,1292 1806,1289 1866,1286 1926,1283 1987,1280 2047,1278 2107,1276 2168,1274 2228,1272 2288,1270 2348,1269 2409,1266 2469,1266 2529,1265 2590,1263 2650,1262 2710,1260 2771,1260"/>
                <TextEquiv>
                    <Unicode>sich aber auch noch einerlicher Medica</Unicode>
                </TextEquiv>
            </TextLine>
            <TextLine id="r2l16" custom="readingOrder {index:15;}">
                <Coords points="1557,1385 2163,1356 2403,1396 2576,1356 2664,1396 2729,1380 2725,1264 2629,1305 2492,1266 2075,1339 1932,1290 1855,1350 1765,1304 1555,1336"/>
                <Baseline points="1565,1379 1622,1376 1680,1374 1738,1371 1796,1368 1853,1367 1911,1364 1969,1362 2027,1360 2084,1358 2142,1356 2200,1355 2258,1352 2315,1350 2373,1349 2431,1347 2489,1345 2546,1343 2604,1341 2662,1340 2720,1338"/>
                <TextEquiv>
                    <Unicode>menten und änderlich des rads</Unicode>
                </TextEquiv>
            </TextLine>
            <TextLine id="r2l17" custom="readingOrder {index:16;}">
                <Coords points="1552,1460 2045,1437 2157,1484 2238,1442 2410,1479 2735,1422 2733,1376 2219,1394 2163,1357 2061,1400 1929,1378 1763,1426 1674,1381 1550,1417"/>
                <Baseline points="1559,1454 1617,1451 1675,1448 1734,1444 1792,1442 1851,1440 1909,1437 1967,1436 2026,1433 2084,1431 2143,1431 2201,1430 2259,1428 2318,1427 2376,1425 2435,1425 2493,1424 2551,1422 2610,1421 2668,1419 2727,1418"/>
                <TextEquiv>
                    <Unicode>mit mercklicher Beßerung. Sie</Unicode>
                </TextEquiv>
            </TextLine>
            <TextLine id="r2l18" custom="readingOrder {index:17;}">
                <Coords points="1545,1573 1621,1531 1937,1510 2175,1571 2349,1502 2769,1515 2766,1441 2713,1419 2446,1480 2239,1445 2041,1488 1949,1447 1613,1486 1541,1458"/>
                <Baseline points="1551,1532 1611,1529 1671,1525 1732,1522 1792,1520 1853,1517 1913,1515 1974,1512 2034,1510 2095,1508 2155,1506 2215,1505 2276,1503 2336,1500 2397,1500 2457,1498 2518,1497 2578,1496 2639,1494 2699,1493 2760,1493"/>
                <TextEquiv>
                    <Unicode>Zeit wird demnach zeigen, ob diese</Unicode>
                </TextEquiv>
            </TextLine>
            <TextLine id="r2l19" custom="readingOrder {index:18;}">
                <Coords points="1551,1622 2473,1581 2568,1644 2772,1558 2578,1504 2458,1550 2351,1503 2172,1567 1989,1576 1796,1525 1550,1564"/>
                <Baseline points="1559,1607 1619,1604 1679,1602 1739,1601 1800,1598 1860,1595 1920,1593 1981,1592 2041,1589 2101,1587 2162,1586 2222,1584 2282,1583 2342,1583 2403,1581 2463,1581 2523,1580 2584,1580 2644,1581 2704,1581 2765,1583"/>
                <TextEquiv>
                    <Unicode>keit wiederum zu völliger vorheriger</Unicode>
                </TextEquiv>
            </TextLine>
            <TextLine id="r2l20" custom="readingOrder {index:19;}">
                <Coords points="1540,1703 1918,1673 2183,1703 2250,1660 2370,1710 2533,1663 2710,1713 2771,1683 2769,1586 2572,1638 2338,1593 2243,1645 2172,1602 1538,1638"/>
                <Baseline points="1547,1680 1607,1679 1668,1676 1729,1674 1790,1673 1850,1671 1911,1670 1972,1668 2033,1667 2093,1665 2154,1664 2215,1662 2276,1661 2336,1659 2397,1658 2458,1657 2519,1655 2579,1655 2640,1653 2701,1652 2762,1650"/>
                <TextEquiv>
                    <Unicode>Gesundheit, die bey eint und anderen</Unicode>
                </TextEquiv>
            </TextLine>
            <TextLine id="r2l21" custom="readingOrder {index:20;}">
                <Coords points="1546,1769 1862,1741 1976,1755 2034,1810 2128,1762 2262,1804 2373,1750 2710,1747 2710,1693 2529,1663 2433,1722 2233,1681 2045,1727 1927,1680 1767,1718 1662,1680 1545,1731"/>
                <Baseline points="1553,1758 1610,1755 1667,1752 1725,1749 1782,1748 1840,1746 1897,1745 1955,1744 2012,1743 2070,1743 2127,1743 2184,1742 2242,1742 2299,1742 2357,1740 2414,1740 2472,1739 2529,1737 2587,1735 2644,1733 2702,1728"/>
                <TextEquiv>
                    <Unicode>uhalteriert wäre, gelangen können?</Unicode>
                </TextEquiv>
            </TextLine>
            <TextLine id="r2l22" custom="readingOrder {index:21;}">
                <Coords points="1558,1850 1690,1880 1969,1831 2106,1869 2191,1833 2288,1881 2373,1832 2485,1859 2718,1820 2717,1757 2642,1742 2477,1809 2134,1761 2053,1806 1778,1757 1557,1776"/>
                <Baseline points="1566,1839 1623,1836 1680,1833 1737,1831 1794,1829 1851,1827 1908,1826 1966,1826 2023,1826 2080,1824 2137,1824 2194,1824 2251,1824 2308,1824 2366,1824 2423,1824 2480,1823 2537,1823 2594,1821 2651,1820 2709,1818"/>
                <TextEquiv>
                    <Unicode>Welches sie den schlerungen Hülfe</Unicode>
                </TextEquiv>
            </TextLine>
            <TextLine id="r2l23" custom="readingOrder {index:22;}">
                <Coords points="1537,1914 1835,1906 1938,1946 1991,1906 2136,1962 2347,1903 2467,1896 2585,1953 2713,1903 2698,1821 2300,1881 2231,1847 1910,1889 1794,1847 1694,1885 1537,1851"/>
                <Baseline points="1545,1911 1603,1908 1661,1907 1719,1905 1777,1904 1835,1902 1893,1902 1951,1901 2009,1901 2067,1901 2125,1901 2183,1899 2241,1899 2299,1899 2357,1899 2415,1899 2473,1899 2531,1899 2589,1899 2647,1898 2705,1898"/>
                <TextEquiv>
                    <Unicode>dant man ihnen gleich Anfangs</Unicode>
                </TextEquiv>
            </TextLine>
            <TextLine id="r2l24" custom="readingOrder {index:23;}">
                <Coords points="1546,2008 1661,1981 1840,2041 2078,2040 2443,1984 2517,2023 2588,1981 2694,1992 2737,1920 2669,1905 2585,1953 2455,1903 2121,1964 2080,1928 1905,1957 1833,1905 1656,1957 1545,1912"/>
                <Baseline points="1553,1983 1611,1982 1670,1982 1729,1980 1788,1980 1847,1980 1905,1979 1964,1979 2023,1979 2082,1979 2141,1979 2199,1979 2258,1979 2317,1979 2376,1979 2435,1979 2493,1977 2552,1976 2611,1975 2670,1974 2729,1971"/>
                <TextEquiv>
                    <Unicode>beygesprungen, zu dancken hatten</Unicode>
                </TextEquiv>
            </TextLine>
            <TextLine id="r2l25" custom="readingOrder {index:24;}">
                <Coords points="1588,2094 1780,2061 2480,2083 2713,2063 2736,2022 2595,1985 2507,2027 2350,1995 2230,2039 2184,2012 1845,2045 1788,2004 1587,2048"/>
                <Baseline points="1595,2066 1651,2064 1708,2063 1765,2062 1821,2061 1878,2061 1935,2060 1991,2060 2048,2060 2105,2060 2162,2060 2218,2060 2275,2060 2332,2060 2388,2060 2445,2058 2502,2058 2558,2057 2615,2055 2672,2054 2729,2052"/>
                <TextEquiv>
                    <Unicode>Sonsten aus genugsammen Exem¬</Unicode>
                </TextEquiv>
            </TextLine>
            <TextLine id="r2l26" custom="readingOrder {index:25;}">
                <Coords points="1536,2185 1738,2137 2016,2186 2120,2128 2218,2183 2338,2134 2403,2168 2617,2130 2731,2164 2730,2082 2660,2059 2482,2111 2346,2068 1765,2064 1710,2114 1638,2087 1536,2121"/>
                <Baseline points="1544,2145 1606,2141 1668,2138 1730,2135 1792,2133 1854,2132 1916,2132 1978,2132 2040,2132 2102,2132 2164,2132 2226,2132 2288,2132 2350,2132 2412,2132 2474,2132 2536,2132 2598,2130 2660,2129 2723,2126"/>
                <TextEquiv>
                    <Unicode>plen bekan̄t, daß dergleichen Über¬</Unicode>
                </TextEquiv>
            </TextLine>
            <TextLine id="r2l27" custom="readingOrder {index:26;}">
                <Coords points="1540,2231 2133,2202 2561,2254 2735,2233 2734,2162 2503,2132 2388,2179 2312,2141 2209,2184 2103,2146 2014,2186 1715,2141 1540,2178"/>
                <Baseline points="1547,2211 1609,2210 1671,2207 1733,2205 1795,2205 1857,2204 1919,2204 1981,2204 2043,2204 2105,2204 2167,2204 2229,2205 2291,2205 2353,2205 2415,2205 2477,2205 2539,2205 2601,2204 2663,2202 2726,2201"/>
                <TextEquiv>
                    <Unicode>bleibstel sich meistens leben länglich</Unicode>
                </TextEquiv>
            </TextLine>
            <TextLine id="r2l28" custom="readingOrder {index:27;}">
                <Coords points="1518,2296 1581,2332 1843,2283 2005,2336 2133,2278 2627,2278 2703,2316 2739,2239 2508,2255 2266,2208 2201,2247 2084,2202 1891,2257 1783,2205 1517,2226"/>
                <Baseline points="1526,2283 1586,2283 1646,2282 1706,2280 1767,2280 1827,2280 1887,2279 1948,2279 2008,2279 2068,2279 2129,2279 2189,2279 2249,2279 2309,2279 2370,2280 2430,2280 2490,2280 2551,2280 2611,2280 2671,2280 2732,2280"/>
                <TextEquiv>
                    <Unicode>mehr oder weniger verspühren laßen.</Unicode>
                </TextEquiv>
            </TextLine>
            <TextLine id="r2l29" custom="readingOrder {index:28;}">
                <Coords points="1594,2382 1741,2411 1777,2377 2056,2403 2149,2370 2565,2410 2633,2384 2634,2279 2392,2356 2158,2288 1940,2356 1813,2284 1594,2322"/>
                <Baseline points="1602,2369 1653,2369 1704,2370 1755,2370 1806,2370 1857,2372 1908,2372 1960,2373 2011,2373 2062,2373 2113,2375 2164,2375 2215,2375 2266,2375 2318,2376 2369,2376 2420,2376 2471,2376 2522,2376 2573,2376 2625,2376"/>
                <TextEquiv>
                    <Unicode>Welches unter Befindern Wir</Unicode>
                </TextEquiv>
            </TextLine>
            <TextLine id="r2l30" custom="readingOrder {index:29;}">
                <Coords points="1522,2473 2047,2443 2233,2505 2361,2448 2438,2485 2621,2476 2683,2460 2684,2418 1523,2389"/>
                <Baseline points="1530,2439 1587,2439 1644,2441 1701,2441 1759,2442 1816,2442 1873,2443 1931,2444 1988,2444 2045,2445 2103,2446 2160,2447 2217,2447 2274,2448 2332,2448 2389,2450 2446,2450 2504,2451 2561,2451 2618,2451 2676,2453"/>
                <TextEquiv>
                    <Unicode>hiemit Meinen WohlEdelgebohrnen</Unicode>
                </TextEquiv>
            </TextLine>
            <TextLine id="r2l31" custom="readingOrder {index:30;}">
                <Coords points="1519,2550 1616,2576 1687,2520 2279,2514 2377,2578 2729,2537 2729,2465 2555,2454 2431,2495 2362,2448 2235,2504 2109,2462 1895,2484 1846,2442 1520,2476"/>
                <Baseline points="1527,2519 1586,2517 1646,2516 1706,2514 1765,2514 1825,2514 1885,2514 1944,2516 2004,2517 2064,2517 2124,2519 2183,2519 2243,2520 2303,2522 2362,2522 2422,2523 2482,2523 2541,2523 2601,2523 2661,2523 2721,2522"/>
                <TextEquiv>
                    <Unicode>Herren Großweibel und Greicht schreiber</Unicode>
                </TextEquiv>
            </TextLine>
            <TextLine id="r2l32" custom="readingOrder {index:31;}">
                <Coords points="1530,2618 1593,2644 1788,2585 1943,2598 2022,2652 2174,2599 2508,2649 2549,2611 2726,2605 2727,2567 2580,2531 2375,2578 2279,2514 2051,2568 1942,2520 1848,2559 1697,2528 1616,2576 1530,2547"/>
                <Baseline points="1538,2592 1597,2592 1656,2591 1715,2591 1774,2591 1833,2591 1892,2591 1951,2592 2010,2592 2069,2594 2128,2595 2187,2595 2246,2597 2305,2597 2364,2597 2423,2598 2482,2598 2541,2598 2600,2597 2659,2596 2718,2594"/>
                <TextEquiv>
                    <Unicode>zu handen Meinen Gnädigen Herren</Unicode>
                </TextEquiv>
            </TextLine>
            <TextLine id="r2l33" custom="readingOrder {index:32;}">
                <Coords points="1522,2692 1628,2658 1674,2682 1851,2665 1887,2694 1955,2664 2091,2718 2198,2665 2243,2703 2430,2712 2430,2638 2374,2606 2239,2632 2174,2598 2054,2647 1952,2642 1896,2600 1826,2643 1715,2600 1593,2640 1522,2621"/>
                <Baseline points="1530,2666 1574,2664 1619,2663 1663,2661 1708,2661 1753,2661 1797,2661 1842,2661 1887,2661 1931,2663 1976,2663 2021,2664 2065,2664 2110,2665 2155,2666 2199,2666 2244,2666 2289,2666 2333,2665 2378,2664 2423,2663"/>
                <TextEquiv>
                    <Unicode>zie übergeben die Ehre habe</Unicode>
                </TextEquiv>
            </TextLine>
            <TextLine id="r2l34" custom="readingOrder {index:33;} person {offset:0; length:5;} place {offset:22; length:10;}">
                <Coords points="1435,2790 1592,2749 1767,2787 1842,2737 2380,2804 2492,2752 2715,2781 2715,2689 2611,2662 2329,2720 2184,2663 2070,2720 1956,2664 1758,2712 1435,2659"/>
                <Baseline points="1443,2757 1506,2756 1569,2754 1632,2753 1696,2753 1759,2751 1822,2751 1885,2751 1949,2753 2012,2753 2075,2754 2138,2754 2202,2754 2265,2756 2328,2756 2391,2756 2455,2756 2518,2756 2581,2754 2644,2754 2708,2751"/>
                <TextEquiv>
                    <Unicode>Berre den 10. et Dan. Wyttenbach. Med. ord. J.</Unicode>
                </TextEquiv>
            </TextLine>
            <TextLine id="r2l35" custom="readingOrder {index:34;} person {offset:14; length:7;}">
                <Coords points="1544,2876 1731,2829 1879,2889 2003,2831 2050,2870 2120,2831 2688,2879 2707,2775 2492,2752 2381,2804 2242,2761 2022,2793 1883,2753 1746,2805 1645,2757 1544,2792"/>
                <Baseline points="1551,2817 1608,2822 1665,2823 1723,2826 1780,2828 1838,2829 1895,2829 1952,2829 2010,2829 2067,2829 2125,2829 2182,2829 2239,2828 2297,2828 2354,2826 2412,2826 2469,2826 2526,2825 2584,2826 2641,2826 2699,2826"/>
                <TextEquiv>
                    <Unicode>1769. I. Jar. Hartman̄ Chir. Ju. Hoch</Unicode>
                </TextEquiv>
            </TextLine>
            <TextLine id="r2l36" custom="readingOrder {index:35;}">
                <Coords points="2172,3293 2216,3305 2291,3275 2359,3310 2535,3294 2630,3329 2673,3314 2675,3265 2441,3219 2379,3179 2175,3190"/>
                <Baseline points="2180,3285 2205,3288 2231,3290 2256,3290 2282,3291 2307,3291 2333,3291 2359,3291 2384,3290 2410,3290 2435,3290 2461,3290 2486,3290 2512,3290 2538,3291 2563,3294 2589,3296 2614,3299 2640,3302 2666,3306"/>
                <TextEquiv>
                    <Unicode>2 Examen¬</Unicode>
                </TextEquiv>
            </TextLine>
            <TextEquiv>
                <Unicode>1747.
dangen.
88
Geständnuß nach, um vieles erleich
seret. Ist demnach zu hoffen, daß
er mit com̅unicirenden Gebrauch innerlicher
und äußerlichen Hülfsmitten, dar nicht
gänzlich, doch guten Theils, so viel etwan̄
sein anrinkendes Alter zugeben
von, hergestellt werde.
Sein junges 24. jähriges Eheweis wie
wohl sie ordentlich einiger wandelt
klaget ebenfahls über gantz gleiche
Synitoriale wie ihr Mann, bedienet
sich aber auch noch einerlicher Medica
menten und änderlich des rads
mit mercklicher Beßerung. Sie
Zeit wird demnach zeigen, ob diese
keit wiederum zu völliger vorheriger
Gesundheit, die bey eint und anderen
uhalteriert wäre, gelangen können?
Welches sie den schlerungen Hülfe
dant man ihnen gleich Anfangs
beygesprungen, zu dancken hatten
Sonsten aus genugsammen Exem¬
plen bekan̄t, daß dergleichen Über¬
bleibstel sich meistens leben länglich
mehr oder weniger verspühren laßen.
Welches unter Befindern Wir
hiemit Meinen WohlEdelgebohrnen
Herren Großweibel und Greicht schreiber
zu handen Meinen Gnädigen Herren
zie übergeben die Ehre habe
Berre den 10. et Dan. Wyttenbach. Med. ord. J.
1769. I. Jar. Hartman̄ Chir. Ju. Hoch
2 Examen¬</Unicode>
            </TextEquiv>
        </TextRegion>
    </Page>
</PcGts>
