3024 4032
270 321 443 474 o
687 325 960 451 Rehler
297 482 455 580 Atb.
476 454 1449 613 Es habe sich am Samstag zu ver¬
445 546 1481 689 mit einer Stineten überlüpfet, so
460 629 1467 768 Ed bis zur Refi hinaufgetragen.
451 714 1415 840 Ob er versuchene, daß es das
315 728 404 844 Ihn
439 799 1467 948 kind samt der Nachgeburt in dem
435 882 1412 1034 Nachtstuhl ligen laßen, und er
428 969 983 1118 nicht berühret
301 1093 442 1178 Antl
478 1062 1365 1224 ta, habe er nicht angeruhet.
432 1180 1461 1323 gs solle nur sein Gewisten gänz
286 1186 394 1303 sha
463 1251 1472 1397 lich entladen Rest und Trien
413 1340 1439 1491 Sohen Obrigkeit die ihre geben
409 1431 1446 1556 folglich auch bekennen, daß er den
412 1510 1418 1677 dosten Vorstath gehabt, sein Kung
411 1598 1416 1763 zu verwahrlosen, und ohne Hülf
402 1693 1132 1847 sterben zu laßen.
466 1785 1406 1952 Es habe in der That den greuliche
291 1797 446 1933 kent.
395 1888 1442 2023 Vorstaz gehabt, auf den Nachtstuhl
394 1966 1443 2091 In kindbetten, und dan̄ seinenn
394 2058 1469 2201 darin verschmachten und erstüben
390 2161 778 2292 zu laßen.
446 2225 1465 2403 Gittet ein Gnad und Barnhechigkeit,
555 2336 1383 2481 abgelesen und bestäthiget,
354 2454 1488 2639 Detum in der Oberen Gefangenschaft,
385 2570 1097 2698 den 30ten May 1763.
2704 306 2878 411 86. 8.
2000 315 2326 411 Gellet
1718 396 2490 569 Mein Eintheil.
1693 545 1888 651 g
1596 554 2827 734 Oder Stathalter, Schein und Große
1684 673 2842 781 Rähte der Stadt und Republic Bern, urkund¬
1677 730 2826 848 den hiermit, Demnach wir heute bey Eyden
1682 786 2854 901 verstandelt uns vortragen laßen, die Cuminal
1677 846 2833 980 vergicht der Eichsbehr Zetter, gebürtig von
1683 914 2812 1044 Bungarten amts Buchsen, bey 22. Jahren
1674 977 2821 1115 Alters, daß daraus wir mit höchsten Miß¬
1679 1054 2864 1185 fallen vernemmen müßen, welcher gestalten
1682 1139 2814 1277 diese Übelthäterin ferndriges Jahr in
1686 1197 2834 1341 unreinem Beyschlaff sich vertrabet, und
1679 1271 2842 1408 ihre darauf erfolgte Schwängerschafft nicht
1679 1354 2829 1505 mir geheim gehalten, sondern am zin¬
1673 1425 2800 1573 stag den 24. April des Nachmitags
1684 1507 2838 1647 in einer Bürgers Haus alhier, da sie in
1678 1576 2860 1722 diensten gestanden, nach vorher verführ¬
1682 1652 2870 1791 ten Kindersehe, auf einem C. v. Nachtstuhl,
1687 1743 2779 1847 eines lebendigen Kindes, weiblichen
1683 1820 2868 1959 Beschlechts heimlich niedergekommen, und
2801 1951 2840 1983 .
1676 1904 2801 2033 solche ihre Leiber frucht, ohne einiche
1687 1984 2856 2121 hulf zu leisten, noch zu begehren, deren
1694 2062 2842 2199 sie doch leichtlich hätte haben können, in
1690 2140 2842 2263 diesem unreinen Ort elendiglich erstiken
1686 2228 2831 2338 lasen und verschmachten laßen, nach¬
1692 2299 2850 2454 werts dann ihre Riederkunft den Mei¬
1978 2403 2017 2455 .
1686 2375 2798 2547 verleuten, und einer herbeygehalten.
1695 2457 2826 2608 beeydigten Hebammen annoch freiher
1702 2564 2841 2684 weise abgelaugnet, endlich aber da das
1707 2649 2824 2782 unsschuldige Kind, welches am Montag
1707 2725 2818 2844 darauf in dem Samler Kosten unter der
1698 2802 2846 2932 Schuzmühle bey der Ringmann gefunden
1708 2902 2846 3017 werde Ihr unter die Augen gelegt worden,
1696 2978 2773 3104 diese ihre Grauel that dem Richter
1690 3049 2833 3183 freywillig mit allen Umständen bekennen,
1707 3119 2819 3256 darbey denn auch noch in mehrerem ein¬
1698 3200 2794 3331 gestanden, wie daß sie schon vor der
1702 3270 2843 3407 Gemot den greulichen Vorsatz gefal¬
1689 3344 2803 3453 stet, also heimlich zu kindbeten und ihre
1696 3421 2801 3559 Leibesfrucht zu verderben und zu die¬
