3024 4032
153 2654 234 2759 3.
194 311 304 375 301.
257 502 315 545 .
577 311 1078 467 Balmen¬
334 412 1334 570 und Er sich über Schmertzen geklaget.
386 524 1327 643 So bald als Sie dahin gekommen, habe
315 591 1334 721 Sie mit der Magd, so machte heiße
321 679 1306 795 gesprochen, und selbiges auch zugleich
313 737 1285 872 schwänger zu seyn geglaubt, so
321 829 1318 947 wohl, wegen seinem großen Bauch,
316 903 1295 1013 als über seine Schmertzen, die sie
310 988 1212 1085 für wilde Kinderweh gehalten.
318 1043 1285 1176 Ohngeacht alles zumuhtens einer
306 1128 1309 1254 Schwängerschaft, und daß Er würklich
305 1201 1279 1324 Kindesbach habe, habe Er Sie nur
311 1273 1294 1404 ausgespotet und nichts bekennen,
309 1354 528 1450 wollen.
313 1427 1310 1555 Solches habe sie der Frau Kanzel
312 1513 1295 1629 hinterbracht, und ihr gerahten,
310 1572 1298 1686 ihns durch eine Hebamme visitiren,
297 1657 1297 1761 zu laßen. Die Frau Kauchel
297 1731 1245 1839 habe darauf alsobald nach der
302 1798 1264 1928 Cathri Müller geschiket, die auch
298 1872 1189 1994 ihre Ankunft ihn zwar nur
289 1948 1286 2072 obenhin visitiert. Da Sie ihm auch
294 2025 1202 2143 vorgehalten, Sie finde, es seye
281 2096 1254 2212 schwänger, habe es dennoch nichts
292 2162 1314 2297 gestehen wollen, sondern gesagt,
273 2253 1316 2381 Es werde am Montag vor den Schau¬
279 2317 1256 2428 staal gehen, und strachten wieder
275 2402 1273 2525 in die Instul zu kommen, wo Es
269 2483 747 2599 schon gewesen.
278 2632 1309 2806 disant Mark gebohrne
241 2743 1292 2896 Knecht, des Kupferschmids Ehefrau,
268 2832 563 2930 sagt aus¬
1116 2866 1243 2964 127.
244 2908 1257 3045 Das Madle Balner seye aus
262 2981 1351 3120 der Instul weg den 21ten Herbstmonat
265 3056 1316 3185 zu ihr in den Dienst gekommen, und
253 3135 1189 3253 bis zur Liechtmeß verblieben.
261 3211 1189 3343 Sie habe gleich Anfangs einen
266 3281 1235 3416 großen Bauch an ihm gewahret, und
271 3363 1170 3492 ihns darüber befraget, welches
1062 3408 1324 3529 gesaget
2592 245 2732 317 302
1828 257 2345 407 Balner
1521 381 2607 528 welches gesaget, das komme her von seiner
1548 455 2639 595 schlechten kindbete, wo es vor 4 jahren gehabt.
1572 521 2353 639 Woran Sie sich damal beiget.
1593 581 2696 716 Heute vier Kirchen dann, als dieses Mensch
1556 655 2652 793 ihres Wißens, einen starken Blütterlurst
1560 703 2704 853 gehabt, habe sie ihm hart zugemuhtet, das
1548 787 2651 919 seyen Zeichen einer Schwängerschafft, und
1557 854 2743 1003 solle doch bekennen, wann er schwänger seye.
1593 943 2722 1079 Es habe aber nur gelachet, und versichert,
1561 1022 2673 1162 daß er seit 4 jahren von keinem Man̄s-
1553 1092 2732 1214 bild berührt worden. Habe darauf den Herr
1554 1171 2699 1303 Apotheker Kind kommen laßen, der ihm eine
1545 1256 2743 1380 stillende Mister gegeben. Am Samstag
1556 1327 2710 1462 darauf nach dem Nachteßen habe Er
1557 1409 2709 1546 sich über Schmertzen zu klagen angefang¬
1560 1487 2694 1607 gen, und auf ihr befragen, was ihm fehle.
1555 1558 2715 1698 gesagt, der Leib gehe ihm ans Weilen Er
1551 1679 2737 1763 Ihr nichts weiters berennen wollen, und sie
1555 1706 2697 1844 seiner Schwängerschaft halber gezweiflet,
1551 1785 2754 1928 habe, Sie die Fr. Nachbaurin frühe beruffen,
1561 1876 2701 1988 und die gebäten, ihns darüber zu Ried zu
1563 1945 2769 2071 stellen, dero Er aber auch nichts bekennet,
1576 2021 2698 2149 sonder die gleiche Antwort gegeben.
1558 2104 2716 2212 derohalb Sie noch gleichen Abend zu der
1574 2178 2710 2303 Cathri Müller geschiket, um ihns zu
1565 2259 2692 2367 visitiren, und ihm mit Miteln oder
1569 2315 2746 2452 sonsten in seinem Umstand zu Hult
1569 2402 1913 2502 zu kommen.
2129 2407 2738 2539 dieselbe habe ihns
1565 2480 2716 2608 zwar mir von außen betastet, und
1564 2559 2744 2684 ihm seine Schwängerschaft alsobald zu¬
1576 2634 2672 2763 gemühtet, welche es Ihre auch mit
1561 2708 2726 2845 soten frech abgelaugnet. Sie habe
1573 2796 2764 2933 aber nichts destoweniger darauf beharret,
1570 2857 2708 2991 und zugleich gesagt, es gebe noch eine
1568 2925 2768 3069 Zeitlang bis zur Deuirt, habe befohlen
1566 3008 2708 3140 für seinen vorgegebenen Umstand
1587 3087 2734 3221 chen Künigen mit Anken zu machen
1574 3154 2690 3299 beye darauf bis an der Lichtmeß in
1577 3266 2729 3372 ihrem Dienst verblieben, da Er noch
1585 3299 2687 3435 am gleichen Morgen über Schmerzen
1587 3376 2763 3504 geklaget. Nachmittag und halber 2 Uhr
2599 3460 2697 3543 all
