3024 4032
188 289 294 383 147.
651 262 1100 371 Demna
336 356 1481 543 es gesagt haben. Es betheure aber darbey zu
322 438 1170 563 keine böste Absicht gehabt zu haben.
244 505 338 600 Er.
357 510 1254 630 Ob Er sonst nie schwänger gewesen
226 578 329 651 Auctio
343 572 481 665 Grind.
236 638 319 718 Fr.
333 619 1461 761 Da Er in der Instul habe angenommen werden wollen,
328 692 1452 823 und Er zuvor mit H. Doctor Hertzog geredet, ob der
312 757 1486 898 selbe zu ihm nicht gesagt: So nicht etwas greübäßigen
309 818 1466 939 darunter verborgen seye? Es auch vor dem Schanstags
294 867 1447 1019 seiner Zustands halber befragt worden, was Er
302 938 807 1044 darauf geantwortet
189 962 304 1095 Antlo
340 992 1420 1111 Es könne seyn, daß solches ihn gefragt worden
295 1063 1425 1166 Er habe geantwortet, Es gespühre Matigkeit in den
313 1113 1443 1244 Gliederen, weilen Er bey 9. Monaten seine Zeiten
287 1173 534 1245 verlohren.
220 1243 299 1319 Fr.
307 1224 1436 1379 Stund seye es zu thun, daß Er die keine Warheit
297 1304 1369 1436 rede, wie er mit seiner Genich zugegangen.
136 1367 295 1455 Antlo
320 1376 1437 1485 Als an dem bewurten Zinstag abends ein starke
303 1449 1426 1567 Veter gewesen, seye Er bis gegen 10 Uhr aufge¬
283 1503 1423 1643 blieben, und da Er sich damal niedergelegt, habe
290 1574 1432 1698 Es wohl geschlaffen, bis am Morgen frühe, da Er
281 1628 1407 1772 gelautet habe, seye aber wieder eingeschlaffen,
291 1700 1422 1826 und bald darauf erwachet, habe zwey oder drey¬
288 1765 1401 1894 mal starken Schmertzen im Bauch verspührt, da
276 1830 1411 1956 indeßen die Genist müße vorgegangen seyn,
279 1888 1380 2024 wiße aber nicht wie, maßen Er in Ohnmacht
273 1958 1130 2063 gelegen und von Einen gewesen.
200 2018 1379 2118 fr. zu welcher Zeit ihn die Ohnmacht überfallen.
156 2098 1418 2218 Antl. Als Er starke Bauch sich merzen gespühret, welcher
268 2166 803 2257 nach 4. Uhr gewesten.
180 2204 1432 2347 fr. Da Er stostarben Bauch schmerzen verspühret, waren
262 2299 952 2416 Es nicht und Hulf gerichten?
148 2356 1274 2499 Antlo. Es habe Er nicht in den Kräfen gehabt.
164 2441 1392 2567 Fr. Wie Er dann Kraff gehabt, ungefehr zu gleicher
261 2516 1385 2605 Zeit um Betaufzusitzen, und die Er ein, über
277 2578 936 2693 das bet hinab zu hängen.
175 2608 911 2756 Anto. Er wiße nichts darvon.
569 2712 781 2775 ehrner
186 2663 1429 2835 Fr. Ob Er nicht zugleicher Zeit, der Untermagd, einen
276 2785 918 2889 guten Morgen gehöüschet.
156 2834 1030 2946 Anto. Auch darvon wiße Er nichts.
174 2896 1384 3025 Er, Just die gantze Zeit, sie Er vorgebe, daß seine
280 2970 1376 3097 Geniet vorgegangen, seyen Leüt bey seinem
279 3031 1425 3156 Betherum gewesen, und haben mithin geredet,
261 3110 1310 3225 folglich seyn Er nicht in Schumacht gelegen.
183 3169 1316 3290 Aant. Es besin̄e sich nicht, daß jemand da gewesen.
189 3252 1390 3337 Fr. Da die Muter ihm das Weißenburger Waßer
291 3293 1436 3421 angeboten, ob damal die Bemist vorbey gewesen.
168 3365 388 3455 Anthosa.
191 3385 1015 3538 fr. Woraus Er solches bemerket.
1123 3476 1262 3560 Auth.
1902 316 2349 432 Ehler
1599 383 2557 508 Rants, viel Es sein kind 6 et verstühret.
1600 445 2470 573 Hr. Ob Er zu seinen Kind geschadet.
1577 505 2296 625 Anth. Stein, weil es tod gewesen.
1590 541 2786 689 Fr. Wie Er gelauet, daß Er tod gewesen, da Er nicht dazu
1665 633 1916 725 geschonet.
1585 644 2261 796 Ants, Weil Er sich nicht beleget:
1583 746 2205 860 Fr. Ob Er nicht geschrauen.
1599 809 2179 919 Antl. habe nichts gehört.
1593 863 2807 975 Fr. Es seye doch nach der Herren Doctoren und Operatoren
1672 944 2785 1053 Haußag bey Leben gewesen, und folglich werde Er
1684 983 2318 1082 Bewalt ausgeübet haben.
1579 1054 2825 1174 Antl. Stein, Es habe dem Kind kein Gewalt angethan,
1677 1130 2798 1242 Wann Er gestühret hätte, daß Er lebte, würde
1684 1188 2405 1302 Es solches geoffenbahret haben.
1590 1249 2802 1374 fr. Es habe vormals gesagt, Es habe der Doctor
1684 1326 2809 1442 Muter die sach nicht bekennen wollen, weil der H.
1678 1391 2753 1492 Doctor just damalen die Stuben gekommen,
1665 1451 2773 1569 Nun erzeige sich, daß der H. Doctor erst
1672 1518 2774 1625 lang hernach angelanget, als Er mit der
1678 1592 2784 1714 Muter geredete folglich habe Er vorsetzlich
1659 1647 2370 1755 seine Genick verlaugnet.
1566 1719 2727 1850 Antlies seye nicht recht bey sich selbst gewesen,
1662 1814 2771 1938 und habe ihns gedunket, Er stehe den Doctor,
1672 1877 2372 1984 die Schärer und ihre Diener¬
1576 1946 2773 2088 Fr. Wie lang Er das Kind, da bey ihm unberührt
1664 2019 2018 2122 ligen laßen.
1563 2061 2780 2231 Antl. Die Sachen tag um 3. Uhr, da Er solcher
1660 2171 2420 2281 in das Clochli eingelikelt.
1557 2220 2719 2369 Fr. Was es der Muter gesagt, daß man ihm
1653 2319 2539 2435 von seinen Sachen bringen solle?
1551 2382 2747 2491 Ants. Ein Kloetzli und ein Heind, das Clochli habe
1648 2449 2728 2595 die Muter gebracht, und der Knecht Nachmitag
1647 2515 2777 2663 das Hein und den Baadstak, habe ihm gesagt,
1641 2580 2750 2715 das heind in dem Raachstab zu bringen, weil
1636 2651 2480 2773 das heind nicht sauber gewesene
1557 2711 2775 2875 Fr. Wann Er das Kind in den Waachstab gethan:
1536 2787 2036 2903 Ants Erst am Abend.
1557 2867 2699 2997 Fr. Er beharre, daß Er in Ohnmacht und schlach
1641 2940 2718 3072 gewesen, da doch die Muter, der Knecht, und
1635 3025 2750 3148 wer mit ihm geredet, nichts dergleichen an ihm
1628 3075 1925 3161 gemerket.
1540 3132 2613 3256 Antl: Es seye einmal sehr schwach gebesten.
1537 3208 2747 3341 Fr. Ob Er den Wandstab nicht in die Instul bringen
1638 3281 2706 3389 laßen, in der Absicht das Kind darin zu
1631 3339 2484 3453 läckeln und darin weg zu trag an¬
1518 3397 2496 3532 dentlo, damal habe Er daran nicht gesinnet.
2517 3470 2657 3567 De
2755 343 2858 430 418.
