3024 4032
27 3429 112 3534 En.
68 130 204 230 133
518 155 901 289 Ahler sch
103 290 197 391 Ee.
235 263 1375 475 Ob er nicht etwan vermuhte, daß seine
190 335 1385 532 Weib solches zu handen genommen, weilen
230 420 1386 621 es der Vergifftung ein verdacht seyn
94 490 233 615 Gnt.
252 510 1370 697 Er könne darüber nichts tagen, noch
219 579 1394 763 dem Weil versprechen, er wiße es nicht
100 672 183 773 Er
233 659 1384 857 ob ihme nicht kendt gesagt, sein weiben
210 763 1256 911 habe des Hauenkraten vergiftet.
69 840 213 939 Meckl
238 848 1374 994 Erstege denselbigen Tag als an ei¬
201 922 1370 1070 wem sonstag, da dieses solle geschehen
213 990 1384 1154 seyn, bis Abends ein 4. Alhr ablestend,
201 1082 1197 1222 und auch im Limbach gewesen.
198 1165 1342 1298 Breytag Morgend um 8. Uhr seye er
219 1249 1354 1379 wieder von Hans gegangen, ohne von
201 1315 1341 1436 dieser Geschicht noch etwas gewißen,
194 1380 1301 1503 als er aber auf seinem Stückweg
176 1447 1383 1568 gewesen, habe er seinen Schwager an¬
183 1509 1395 1645 getroffen, der ihme die Nachricht gegeben,
202 1586 1346 1719 des Hanentrats liegere brauch, und
202 1666 1370 1801 seyen von seinem des Ingt. Weil ver¬
173 1749 1381 1892 geftet worden. Darauf er geantwor¬
182 1825 1364 1958 tet, er habe Mansen Gäst gekaufft, von
183 1900 1364 2049 dieser müße es genomen haben. Als
173 1972 1372 2106 der nun nach Haus gekommen, und dem
164 2048 1334 2198 Weib dieses vorgehalten, habe es die
175 2124 1349 2277 that nicht gelaugnet, aber auch nicht
171 2224 419 2342 bewerdt.
155 2283 1333 2435 In diesen Umständen habe er das in
166 2368 1363 2500 der hinteren Stuben verwahrte Gifft
170 2444 1371 2602 nicht gefunden, worüber erstehe erscher¬
470 2544 651 2619 Ger.
148 2528 1333 2684 eebere dasjenige Gift, so auf einen
155 2603 1273 2760 gebrochenen Kachel gemischet, von
123 2666 1349 2852 Stadthalter und Weitel gefunden wor¬
143 2742 1347 2924 den, habe er nicht zugereistet laße
151 2812 1372 3016 auch nicht wo solcher hingekommen, Sein
147 2927 1366 3104 Weis habe ihm gesagt, es habe selbsten
152 2987 1307 3217 auch denen Mansten Gifft gebettzet
150 3047 1354 3265 man habe aber solches nicht gefunden,
132 3121 1345 3353 und seye ihm unbekan̄t, wo selbiger
142 3331 357 3440 liebe
134 3284 1360 3520 So dann das Gifft, so er in den Garten
140 3362 1337 3590 gethan, hingekommen, weilen solches
2687 166 2853 285 2
1864 234 2160 348 Brett.
1514 312 2808 492 von Stadthalter und Weibel nicht gefunden
1537 454 1779 552 worden.
1471 484 2806 664 puls. Er wiße es nicht, wo selbiges hingekomen
1537 566 2795 698 er habe den Ort im Garten wohl gewüst
1537 620 2777 768 sich auch alle Sich gegeben, das dorfft
1539 697 2777 846 zu suchen, er habe aber nicht ein Merck¬
1534 768 2780 928 mahl davon entdecken können, und seye
1536 852 2298 1004 daher bestürzt gewesen.
1494 894 2750 1076 Hr. Obstein Weib mit des Hauenbrats im
1524 989 2779 1160 Unfrieden gelebt und etwan Streit gehabt.
1547 1066 2785 1239 18. Richt im geringsten, es seyen ihm liebe
1472 1128 1544 1235 A
1546 1156 2774 1310 keitt, die ihme viel gutes erwieſen. Und
1540 1228 2789 1372 seye ihm wohl hertzlich leid, daß es ihnen
1541 1309 2413 1456 also solle ergangen seyn.
1556 1372 2760 1531 Ob er nicht auch diesen Leuten gedrohet.
1471 1463 1532 1566 hr.
1459 1466 2605 1637 Rth. Stein, das habe er nicht gethan.
1468 1535 2687 1740 Hr. Ob er noch mein Verhafft gewesen.
1472 1678 1818 1801 ants Schein.
1547 1738 2713 1913 Scheinte übrigens dieser Sach halben
1536 1848 2765 1987 sein hertzliches leid, und daß er daran
1545 1936 2185 2062 völlig einschuldig seye.
1726 1990 2597 2152 Abgelesen und bestäthiget.
1550 2094 2796 2255 Atetum in der Oberen Gefangenschafft,
1539 2210 2661 2336 durch sehr den Grebe
1530 2271 2775 2412 hinger und Herrn Grichtschreiber
1552 2363 1583 2419 .
1537 2358 2718 2514 teding, den 24. Aug. d. 69.
2305 3304 2719 3474 Examen
