3024 4032
234 2448 333 2555 4
247 350 365 463 339
701 353 940 461 Geller
316 494 409 630 3.
458 463 1442 641 Catharina Luschard die beeydich
400 578 1422 722 hebamme bekräfftigte auch ihre Muthe
409 656 1421 782 des Oberen Chorgrichts gethane
416 723 1451 879 Anzeig und dißörtige Aussag, da
414 803 1255 930 dan sie noch befragt ward.
274 912 366 1027 A
419 895 1413 1035 der das Mensch befragt, ob es mit
413 989 1471 1146 keinem Mans Geld zu schaffen gehalt.
478 1082 974 1241 die frau häntzi
292 1084 439 1199 Ants
421 1171 1473 1354 In welchen Unstanden Sie es befun¬
299 1216 376 1309 Ihn
423 1284 1427 1434 den, als Sie es nach wert und Eisache
391 1372 772 1519 bestichtiget.
277 1489 400 1582 Antl
445 1452 1425 1611 Sie habe befunden, es habe ein
394 1568 1447 1710 kund gebohren, weilen es schone
403 1657 1463 1793 zeitige Milch gehabt und dann haben
401 1742 1312 1900 sich die Skilch lieben erzeiget.
421 1851 1426 2015 Ob Sie den Nachtstuhl bestichtiget.
269 1863 387 1994 I.
273 1978 401 2069 Act
440 1957 1432 2115 Die habe am Sonstag ann Morgen
400 2058 1448 2207 darnach gefraget, die frau Hänzi
383 2138 1421 2286 habe ihr aber gesagt, der Lehngung
371 2239 1414 2374 habe solchen den Abend zuvor an
382 2314 1468 2493 der Keßler Gaß in den Sach getragen.
401 2441 1434 2622 Sohnnen Schreyer der Spinmeister
401 2564 704 2695 Tagt aus
868 2569 1445 2707 das Elsbeth Zeller
382 2653 1434 2777 habe am lezten Sontag zum ersten
382 2739 1462 2878 mahl ihme verdeütet, es labe denen
376 2828 1453 2990 Herren nicht die Wahrheit vorgegeben,
370 2938 1411 3071 weilen es gesagt, es habe ein Sus
365 3016 1457 3174 gehabt, so in den Nachtstuhl gefallen.
370 3111 1456 3247 Solches habe er dem Herrn Verwalter
352 3211 1424 3357 auch angezeigt. Vestern dan̄
340 3289 1444 3426 habe es ihne gefragt: Ob er denen
332 3384 1477 3549 Herren gesagt, daß es nicht die Wahrheit
1604 3280 1688 3386 ethe
2023 360 2265 462 Gellet
2640 403 2780 519 2
1673 460 2753 655 geredet. Da er ihm geantwortet, er
1672 562 2720 724 habe es großenbahret, habe er ihn
1686 647 2728 796 zugleich gefangt: Ob es nicht den
1677 724 2766 885 Herrn Pfarrer begehren. Als den selbe
1672 827 2761 960 cente bey ihm gewesen, und ihn er¬
1690 889 2754 1066 mahnet, bey der Jahrheit zu bleiben,
1693 998 2765 1169 habe er in seiner des Depl. Gegenwart
1685 1085 2723 1263 gesagt, sed wolle bey seiner Außag
1684 1183 2764 1349 bleiben, man solle den Herren nichts
1703 1311 2755 1476 stagen. Engelesen und bestäthiget.
1720 1426 2772 1621 Actum auf dem Suchhaus, den
1695 1545 2250 1687 16. Petri 1776.
1952 1705 2571 1875 de Examen
2193 1834 2301 1911 audt
1690 1891 2734 2019 s. beth Herr von Langarten
1691 1988 2791 2113 verführt durch den Wohlgebohrnen.
1677 2067 2794 2206 Minisch gern Raths Herrn v. Weiger, mit zuziehung
1677 2143 2794 2278 Meine gnädigen Herren Großweibel heigers und Herrn
1691 2225 2478 2375 Reichtschreiben zu illerding.
1735 2319 2770 2472 Nachdeme der Delinquenten seine letzte
1690 2415 2739 2523 Bekan̄tnuß wortlich vorgelesen, und
1692 2492 2777 2628 daßelbe befragt worden, ob es darbey
1684 2575 2733 2707 verbleibe, hat es darauf gesagt, er
1681 2662 2773 2819 habe nicht die Wahrheit geredet, indeme
1695 2748 2755 2898 das Sind nicht das Seinige gebesten,
1686 2851 2731 2989 und es keines zur Welt gebohren,
1675 2949 2720 3084 habe, wohl aber glaube es würcklich
1684 3049 2758 3217 noch ſchwangen zu ſeyn, und zwar seit
1695 3175 2063 3279 dem herbst.
1723 3223 2739 3416 Es stege nicht mehr die Zeit seine Be¬
1702 3319 2745 3465 kan̄ten zurückzunemmen, indeme
1686 3400 2709 3589 es solche zuerst gantz freywillig
2466 3472 2644 3586 den
