3024 4032
296 362 450 463 2219.
698 345 934 513 HEN.
417 474 1506 612 zn H. Operatoren König gegangen, der
339 479 416 587 .
445 552 1506 674 dan̄ einen seinen Scharen Dieneren
437 618 1496 743 mit ihnen geschickt und dem Mensch
430 685 1469 834 zu Ader zu laßen, so auch erfolget.
448 783 1496 923 Ob die nicht gestern Abend auch auch
326 804 419 908 In
442 870 1508 1012 der Mags zu Infra. Damgartner
427 960 878 1068 gegangen.
325 1002 1459 1201 Ants, in scheit morgend seye sie auch
437 1141 1459 1278 wieder dahin gegangen, um zu
418 1219 1524 1378 vernemmen, ob es nicht kinde gewesen.
403 1297 1508 1465 Welches aber solches nicht eingestehen
425 1408 664 1514 wollen.
470 1479 1517 1645 Ob Die niemals eine Schwängerschafft
322 1480 423 1626 Er
436 1589 1370 1730 an diesem Mensch gewahret.
328 1668 1475 1802 Anth. Nein. Sie habe sich deßen auch nie
413 1765 1486 1903 geachtet, wohl aber habe sie von etwas
396 1851 1487 1971 Zeits von einem Meitli, an welches sie
394 1932 1502 2076 sich nicht besinne beym Brunnen sagen
410 2013 1512 2163 gehört, daß H. Hanzer Stand schwanger seye.
436 2110 1491 2250 Zeit wen die Mags vor ihr Depl. bekennt,
302 2085 407 2233 Hr.
408 2194 1485 2335 daß es mit Bluch fleißer behafftet seye.
290 2284 402 2384 Mitb
441 2280 1484 2423 Seit dem letzten Zinstag Nachmitags,
379 2371 1489 2516 fuegte noch bey, daß ihr Fr. ganze
610 2459 688 2518 Pr
382 2468 1510 2590 gesagt, die habe ihm aber nicht gestehen.
614 2532 1531 2654 der Magd Muter habe ihm am letzten dienstag nach gefragen
482 2585 1511 2732 Nach diesen aufgenom̅enen Insor¬
393 2671 1501 2761 mationen werde mit der Magd fordern
385 2749 1517 2862 dlichst folgendes Examen in der Graden
376 2836 970 2983 Spitahl verführt.
1068 3363 1482 3513 Examen.
2693 361 2853 469 .
1911 358 2292 530 1. Heller
1827 600 2390 758 Examen
2139 740 2235 792 mit
1679 742 2817 916 Sch hoch HochEdle von Bangerten Ambt
1683 857 2767 999 Buchter und Kirchhoer Meßen, bey 28.
1678 953 2788 1073 Jahren Altend, habe noch seine Elteren
1677 1012 2799 1140 bey Leben, der Statter heiße Caspar
1683 1111 2797 1258 Geller und habe vor diesem mit Glas
1685 1195 2757 1333 gehandlet, habe auch zwey Bruden
1683 1290 2797 1439 und zwey Schwesteren. Seye sich
1674 1389 2857 1514 Jacobi 1767. bey dest. Hanz, dem träfer
1687 1456 2783 1627 und dienst, habe zuvor 2 Jahr bey
1671 1560 2787 1700 Frau Predigkanten leist gedienet.
1633 1672 2863 1816 Er Man seye allher kommen, um von ihme
1692 1752 2851 1889 zu vernemmen, was sich dieser Tage
1686 1823 2875 1976 außerordentliches mit ihme zugetragen
1683 1916 2863 2049 solle eine wahrhaffte bezehlung machen,
1688 2002 2851 2146 vnnd sein gewißen entladen, vorzu er
1692 2080 2611 2227 kräftigst ermahnet werde.
1617 2166 2873 2344 Auts. Es habe sich seit dem herbstmonat
1677 2284 2799 2430 da sie drüber eingemacht, von der
1681 2361 2881 2509 Erhaltung unpäßlich befunden, so daß
1676 2463 2841 2597 es seine Zeiten verlohren, derohalben es
1689 2547 2884 2694 vor ohngefend 3 oder H. Wochen von dem
1673 2637 2841 2798 Nachrichter Mittel gebraucht, der ihme
1681 2724 2840 2886 ein Callier tranck gegeben, so aber
1677 2809 2869 2938 wenig gewürckt. Darauf habe er der
1671 2907 2820 3051 Eng. Goldschmid Herman Magd an
1677 2994 2880 3159 der Spitahl, daß seine Umständ erzehlt,
1693 3077 2849 3250 wie daß er seine Zeiten verlohren und
1675 3167 2884 3335 dahero starck aufgetriben seye, deßent¬
1675 3268 2864 3429 wwegen es auch von dem Nachrichter
1690 3352 2883 3476 ein Leverer Trank gebracht, so aber
1684 3444 2877 3593 wenig gewürckt habe, welches ihme
