3024 4032
166 351 277 433 169.
667 335 1035 462 Artice
221 426 334 528 Antwo
364 435 1380 569 Ja, sie habe das gesaget, Es habe ihr aber
322 506 1412 627 geantwortet, es seye doch wahr, weil just zur
343 575 1449 709 selben Zeit der Herr Doctor in die Stuben getreten.
254 654 318 739 fr.
343 663 1427 785 Dieses beweise also, daß Er wohl gebürt, was Er
329 720 688 813 rede und mache?
334 748 1389 894 Es habe damal schen geburt, daß Er ein Kind
194 774 317 864 unt.
327 847 569 934 gebohren.
333 890 1358 1036 Mannes das erste mal gemerket, daß Er ein
207 889 326 1011 A.
1354 956 1396 1024 .
326 978 685 1086 Kind gebohren.
334 1045 970 1147 beye gegen 7. Uhr gewesen.
195 1037 322 1135 Anto
340 1121 1339 1242 Ob Er keine Kindes schmerzen verspühret,
216 1121 325 1249 fr.
334 1188 1292 1292 els Er am Abend zuvor aufgestanden.
190 1222 320 1340 Untlo
348 1249 1117 1362 sein, das dörfe Er versicheren.
229 1317 1445 1446 Fr. Ob es auch erharten dorfe, daß Er wiedermal
331 1391 1370 1524 nichts verführet, als Er am Morgen frühe
316 1460 1064 1578 erwachet, und lauten gehöret
201 1498 1444 1634 Antl. Ja. Auch dieses könne Er mit Warheit bezeugen.
231 1606 1390 1730 Fr. Ob Er beharre, daß Er erst gegen den Morgen
320 1676 705 1788 Kinds genesen.
214 1718 1429 1850 Antl. Ja freylich, und daß Er weder am Abend zuvor
330 1802 1316 1914 noch die Nacht hindurch etwas verführet.
226 1871 1425 2002 Fr. Ob Er nicht gewurt, wann das Kind zur Welt
322 1948 590 2029 gekommen?
205 2001 1385 2132 Antb. habe gar nichts davon gestühret, sonder
309 2085 1382 2185 erst zu der Zeit gebürt, da die Muter ihm
314 2150 1302 2266 das Weißenburger Waßer angeboten.
204 2218 1447 2336 Fw. Dieses seye gantz unbegreiflich und ungläublich,
319 2299 1383 2417 daß Er sein Kind nicht zuvor verspühret
305 2366 1363 2491 habe, solle doch in sich selbst gehen, und
305 2432 828 2535 die Warheit reden.
170 2504 308 2619 Autho
330 2506 1397 2648 Es dürfe dennoch versicheren, daß Er zuvor
312 2590 1100 2678 das Kind nicht verspühret habe.
192 2678 290 2759 Fr.
315 2655 1372 2771 Als es das Kind das erstemal gespühret,
305 2712 1399 2857 ob Er zugleich nicht auch verspühret, daß Er
297 2795 760 2904 bey Leben seyn.
154 2848 308 2950 Autlo.
306 2848 1418 2973 Habe kein Lebenszeichen an ihm verspühret.
322 2928 1429 3048 Es seye nicht möglich, daß Er ein solch wohl
177 2942 306 3036 Inst.
528 2993 632 3054 ruhe
316 2999 1364 3094 ausgetragenen Kind, so bey Leben gewesen,
307 3066 1373 3178 in der Geburth nicht werde verführet - noch
286 3134 1223 3233 Lebenszeichen an ihme gewahret haben.
322 3202 1369 3319 Dieses dörfe Er nichts destoweniger erharten.
165 3195 297 3327 Auklo
306 3274 1372 3401 Was Er gedenket und gemachet, als Er das
181 3298 282 3393 fe.
295 3348 1110 3461 erstemal sein kind verspühret.
155 3401 1433 3557 Ants. Es seye bis Nachmitag in dem Get ohne Kraf
1277 3487 1393 3587 nach
1974 346 2298 481 Behlen
2708 395 2820 483 204.
1649 439 2782 568 noch bewegung ligen verblieben, da in deßen sein
1568 448 1657 558 .
1645 490 2587 599 Kind allezeit unberührt bey ihm gelegen.
1566 551 2767 676 Fr. Wann Er dann das Kind in das Gesetzli und den
1647 606 2175 691 Waadstar eingegahet.
1547 625 2547 795 Amts Erst Sachen tag gegen drey Ahren.
1566 718 2777 851 Er, als Er das Kind eingegebet, ob Er daßelbe nicht
1649 790 1884 878 visitieret.
1551 834 2771 963 Antl. Stein habe es nicht geschauet, sonder habe ein
1636 915 2792 1044 solche Bedauren darüber gehabt, daß Er gelan¬
1636 986 2196 1094 schet hätte zu sterben.
1555 1042 2764 1185 Fr. Ob damal niemand in der Stuben gewesen, als
1634 1113 2224 1235 Es das Kind eingegaret.
1642 1165 2744 1287 die Patienten stegen in die andere Stuben
1510 1209 1644 1309 Ratl.
1642 1248 2811 1373 gegangen, Es habe ihns angeschinnen, als wenn
1640 1306 2749 1432 jederman vor ihm und seinem Setfliehe.
1535 1378 2796 1512 Fr. Ob ihne niemand gestehen, das Kind einpaken.
1549 1455 2125 1572 Ants, das wiße Er nicht.
1550 1508 2811 1644 Fr. Wostein Waadstak gelegen, in welchen Er fas
1635 1602 2063 1706 Kind eingepaket:
1552 1663 2789 1796 Antl der H. Schultheiß Stürlers Knecht, habe ihm
1638 1741 2809 1834 ein Heind in diesem Bak den gleichen Nachmit¬
1624 1814 2827 1926 Tag gebracht, deme Es solches durch die Muter
1612 1887 2310 1990 habe abfordern laßen.
1540 1939 2793 2090 Fr. Ob Er das Heind und den Ward stat zugleich
1653 2036 2188 2133 abforderen laßen?
1545 2102 2762 2207 Aants. Er habe durch die Muter ein Hein und ein
1639 2184 2765 2314 Reehl. abforderen laßen, welche ihm aber
1645 2254 2782 2391 mir das Kloetzli gebracht. Als Nachmitags
1629 2321 2746 2464 der Knecht zu ihm gekommen, und ihne zu
1631 2380 2773 2517 besuchen, habe Er ihm ein Hand geforderet,
1623 2455 2805 2599 so erzihen mit seinem Wand säkli bringen solle,
1645 2537 2706 2688 welches Er ihme auch nach Mitag gebracht.
1540 2607 2462 2758 Fr. Wo das Ward stäkli gelesen.
1540 2701 2785 2825 Antl. Der Knecht habe es in seiner Stuben gehabt.
1545 2772 1635 2879 Fr.
1665 2794 2781 2922 Ob Er das Kind bald darauf in den Saadstak
1645 2870 2108 2965 eingelibelt habe.
1533 2927 1664 3005 Auth.
1672 2914 2763 3061 Es seye damal noch nicht im Stand gebesten,
1642 3002 2204 3130 im Bet aufzustitzen.
1528 3071 1636 3160 Fr.
1659 3079 2779 3207 Wo Er den Wand stat samt dem Kind hingeleget,
1635 3136 1803 3228 habend
1518 3192 1649 3289 Acto
1655 3187 2713 3329 habe solches in das Schäffli neben seinem
1632 3286 2764 3407 Bet geleget, so die meiste Zeit offen gewesen.
1534 3346 1634 3435 Er.
1654 3342 2765 3482 Werden Schlüßel zu diesem Schäftli gehabt:
1519 3423 1634 3517 Antl
1651 3435 2744 3570 Es seye kein Schloß daran, sonder nur ein
1612 3512 1779 3614 fall.
2505 3564 2717 3682 fa
