3024 4032
138 331 265 397 241.
315 441 1328 581 als Complice angegeben Catharia
323 526 1261 646 Räber aus dem Kurzenberg, des
316 607 1351 725 bereits vor Jahren verstorbenen Johannes
301 678 1204 814 Schmieds von Bernegg aus dem
304 739 1144 861 Reinthal, hinterlaßene Witib.
291 811 1241 961 Hochdieselbigen dann, daherige
300 905 1311 1021 Procedur noch nicht complet, sondern
302 978 1239 1116 in der Lange befunden, daß die¬
1239 1023 1302 1105 .
291 1046 1237 1186 gefänglich angezogenen Samster und
277 1125 1275 1265 Reber ferners und nach aller Schärfe
279 1216 1324 1319 examinirt werden sollen; zu welchem
799 1280 879 1356 Men
265 1286 1250 1410 End dann MeGn Fürch Meine gnädige Herren
270 1369 1305 1500 Bauherr verordnet, mit Zuziehung
273 1425 1317 1557 Herrn Grorbeibel und Herrn Gricht¬
278 1509 1241 1642 schreibers sothane Procedur zu
270 1584 1303 1727 completiren, mithin mit dieseren
271 1664 1309 1789 vorbenanten Persohnen, auch wo in
262 1741 1342 1853 fernerem es nötig wäre, mit andern
277 1820 1309 1930 die erforderlichen Examina zu
274 1890 1204 2014 verführen, und die benötigten
256 1966 1279 2102 Informationen aufzunemmen, auch
268 2061 1320 2178 zu veranstalten, daß diese Beede
273 2132 1333 2244 lo separirt, wird gewahrsamlich enthal¬
270 2213 1354 2326 ten werden, daß sie mit einander
257 2294 1290 2427 sich nicht unterreden mögen. Aller
268 2373 1273 2501 aber werdet ihr MGGHH. seiner
259 2459 1162 2583 Zeit Mich zu weiterer.
277 2531 942 2664 Verordnung referiren.
259 2628 1320 2775 Hierbey dan̄ haben Ihr Gnaden auch
272 2709 1300 2843 Meine gnädigen Herren auch weylich und zur Nach¬
276 2768 1321 2882 richt communicieren wollen, was
284 2861 1390 2992 wegen ferneren dis örtigen Informa¬
267 2944 1342 3074 tionen Megtl. an die Regierung
277 3028 1310 3148 von Neuenburg aberlaßen, um
282 3095 1288 3218 davon die geweßene Nachricht zu
288 3169 1353 3308 haben. Actum den 9ten Decem¬
289 3256 613 3379 bris 1769.
594 3294 1299 3455 Sigl. Canzley Rern.
1187 3430 1355 3541 Gericht
2614 304 2745 406 242.
1994 310 2426 452 aber
1768 464 2646 612 Dericht von Steuenburg.
1616 628 2698 722 opie d’un Raport, fait au Gouvernement
1611 702 2703 791 par Mons. Bugnet Conseiller d’Etat a Chatelain
1618 768 2729 868 de Thiele le 12e. de Decembre 1769. Date de St. Blaise.
1589 844 2726 961 Jay lʼhonneur d’informer le Conseil, quʼen Execution
1626 937 2721 1006 de l'ordre que je receus hier à Neufchatel, des mon
1618 983 2680 1081 Retour icy, je fis venir la cabartiere du Logis
1630 1040 2740 1119 de la Couronne de ce Lieu, pour savoi d'elle, si elle
1620 1109 2679 1199 avoit effectivement prêté au Fils de la Veuve
1625 1158 2739 1236 Schmid née Räber, les 15. Louis der neuf, quʼelle
1618 1241 2596 1307 à dit, dans son Examen, avoir reçu dʼelle.
1609 1288 2701 1360 La dite poteſse me declara, par Sittouchement
1628 1348 2700 1443 sis ma main, que cette Veuve lui avoit bien
1630 1410 2674 1517 demandé, il y a un an ou deux, dix ou douze
1613 1478 2721 1587 Louis der neuf à emprunte, pour degage son
1627 1537 2719 1652 Fils, qui setoit enrole pois le Service du Roy,
1625 1617 2703 1714 pois sureté du quel emprient elle lui avoit
1618 1681 2737 1791 offert des cueilleres ou Services d’Argent, sans le
1631 1767 2695 1837 lui avos presenté ; mais quelle ne lui avoit
1628 1835 2756 1928 prete aucun Argent, & quelle ignoroit, si elle sʼen
1633 1882 2155 1975 étoit procuré ailleurs.
1624 1951 2701 2056 Pour ce qui regarde la Dépense, que le Fils
1622 2026 2719 2106 de la dite Veus Schmid doit avoir fait au
1625 2084 2744 2192 Pont de Thielle & dans les Environs, & le Dessig.
1624 2153 2741 2233 nation des Especes quʼil y a employées ou montrée
1615 2207 2730 2291 Je requis his le siens Clotte, Recereis des
1624 2270 2728 2385 Peages, de mʼenvoyer entre cy et jeudi une Infor-
1625 2362 2749 2432 mation à ce sujet, a près s'en etre enquis du Sieur
1623 2391 2705 2492 Probst, Inspecteur au Pont de Thielle, de la
1629 2467 2696 2563 Part de LL. C. de Berne, d’autant que le
1631 2539 2700 2628 Fils de la Schmid doit avos fait à Chules.
1628 2610 2740 2753 Copie dʼune Lettre caute a mon
1628 2722 2734 2815 dit Sieur, le Chatelain de Thielle, par
1630 2801 2748 2913 le Sieur Clottus, Recereur des Peages de S. M.
1637 2851 2739 2971 au Pont de Thielle, datée de la Maison des Perges
1629 2912 2209 3033 le 12. de Decembre 1769.
1678 2990 2719 3106 Ensuite de la Lettre que vous m'avez fait
1624 3035 2688 3162 lʼhonneur de mʼadreſser, je nʼay rien eu de plus
1631 3116 2720 3204 preſsé, que de me mettre à meme dy satis faire.
1630 3188 2713 3269 Voici Monsieur ce que j'ay apris de plus precis,
1618 3252 2737 3312 sur le Compte du Fils de la soi disante Devine-
1624 3294 2749 3392 reſse Chmid. Cest quʼil a paſsé une aſsez grande
1627 3362 2742 3453 Partie de l'Eté & de l'hive a Chules, quʼil n’a
1637 3414 2747 3522 du quitter, que depuis l'Epoque, ou le nouveau
2568 3482 2734 3581 Ddecilli
