3024 4032
161 360 285 456 107.
603 358 831 443 wet
745 352 1019 464 und
186 449 308 532 Anto
330 419 1426 589 Es habe nicht gelouet, ob das Kind ausgetragen seyn,
300 518 1115 633 weil Er nicht nachgerechnet er habe.
190 566 1288 717 Er. beidt wie lang Er das Kind getragen habe.
167 666 1438 812 Antl. kurze Zeit nach dem Kaufahr seyn Erschlen,
291 747 615 851 ger worden.
180 794 1425 937 Er: Ob Er geburt, daß Er sich wanger seye, seit dem
281 867 531 999 G hahe.
189 921 1389 1072 Ants. Er habe es geglaubt bis zu der Zeit, da Er das
277 1018 1422 1148 Waßer zu dem Nachrichter und zu dem Doctor
285 1097 900 1202 von Langnau geschikt.
309 1147 1346 1294 Wie Er solches habe glauben können, da Er
199 1179 284 1285 fr.
297 1239 1379 1367 Tage, daß seine Zeiten erstin Maymor¬
286 1308 865 1411 dat zurükgeblieben.
341 1383 1310 1535 Weil Er zuvor Matigkeit verführet.
184 1390 332 1494 Amts¬
187 1482 280 1598 Er
312 1470 1386 1615 Wann Er angefangen zu glauben, daß Er
303 1554 743 1676 Ichwanger seyn.
149 1627 297 1751 Auth.
314 1627 1402 1773 Im Aprill, weil Er damal seine Reglen
295 1711 654 1809 wenig gehabt.
305 1779 1359 1916 Warum Er dann dem H. Doctor Hilter
184 1790 300 1915 Ir.
290 1862 1360 1989 gesagt, seine Zeiten fehlen ihm schon
297 1933 1353 2050 und 10 Monathen, und in der Instul
290 2017 1383 2139 vorgegeben, daß Er solche bey 9. Monaten
287 2079 690 2187 verlohren habe?
147 2129 284 2253 Antlo
327 2129 1448 2261 Weilen Er die Zeiten indeßen sehr wenn erstehet
296 2209 1363 2343 verhanden und nach und nach verlohren, bis im
282 2289 1214 2396 Mayen, da sie völlig ausgeblieben.
186 2378 276 2468 Fr:
311 2366 1372 2500 Da Er vermuchtet, daß Er schwänger seyn,
280 2449 1403 2577 warum Es solches dem H. Predigkeit zu
266 2517 1298 2653 Wazenbal auf sein Befragen nicht
283 2595 511 2691 bekennet.
315 2620 1405 2804 Es habe ihme seine Schwangerschaff zust
142 2680 299 2777 Antho
291 2749 1410 2865 nicht abgelaugnet, sonder gesagt, Er laße
275 2815 1355 2956 er nicht und wünschte, daß Er schwanger
269 2904 440 2984 wäre.
156 2959 258 3079 Fr.
290 2936 1408 3106 Ob der Hl. Vnd diekant ihne nicht auch gefragt,
282 3034 1432 3181 ob Er nicht vermuhte, daß Er sich wanger seye.
303 3127 1403 3247 Ja. Er habe ihn dieses gefraget. Er habe
130 3138 278 3224 Autho
274 3202 1372 3320 ihm aber gesagt, Er wiße es nicht und da
261 3280 1366 3372 Er ihns weiters gefraget, Ob Er nicht mitge¬
277 3327 1391 3475 mund Ungang gehabt, habe Er ihm solches
276 3412 539 3544 bejahet
984 3469 1062 3525 .
971 3513 1049 3594 .
1115 3512 1280 3648 fri
2738 279 2867 359 108.
1901 295 2298 402 Gsellen
1636 358 2832 510 Is der Herr Predigkeit ihme nicht gesagt, da Er ihme
1621 423 2803 574 seide eheliche Versprechung und den Brief gewesen.
1518 463 1616 552 Ie.
1611 464 2814 646 Es solle sich keine Mühe machen seine Schwanger¬
1622 538 2844 695 ſchaft zu bekennen, weilen Er zu seinem Kind einen
1609 606 2127 764 Ehrlichen Vater habe.
1532 652 2405 843 Antliche, Er habe das zu ihme gesagt.
1543 704 2778 910 Hr. Warden Er ihm den nicht bekennet, Er glaube Er
1626 804 2191 940 könne schwänger seyn.
1529 853 2858 1044 Zeitl. Es habe es nicht eigentlich geburt, und darin habe
1604 948 2835 1100 Es auch nichts stägen dürfen, und habe sich zugleich
1621 1056 1879 1165 geschämet.
1633 1068 2838 1214 Da der H. Predigkeit weg gegangen, ob seine
1514 1150 1606 1255 Er
1631 1154 2833 1297 Muter ins nicht befraget, was derselbe mit
1604 1244 1970 1366 ihn geredet.
1528 1271 2786 1448 Ants. Ja, die habe ihns gefragt, und Er habe es ihr
1632 1364 2819 1509 damal nicht stagen dorfen. Habe es ihr aber
1616 1435 2882 1586 nachberts, als Er auf dern gehen wollen, gesaget,
1625 1506 2813 1659 und Es wolle erachten, in die Instul zu
1613 1578 2810 1695 kommen. Die Mater habe ihm gerahten bey
1613 1656 2864 1794 ihr zu bleiben, Sie wolle ihm schon abwar¬
1616 1752 1730 1842 ten.
1532 1774 2789 1945 Er. Ob seine Muter ihme nicht gefraget, ob Er
1603 1894 1997 2013 schanger sey d
1513 1953 2881 2114 Auts. Ja. Er habe ihr geantwortet, wenn Er sich bau¬
1604 2058 2747 2177 gerwäre, so hätte Er den Vater darzu.
1517 2121 1611 2241 Fr.
1629 2119 2827 2277 Ob seine Bruder ihn nicht gefraget, was
1614 2217 2672 2352 der H. Predigkeit mit ihm geredet.
1509 2287 2778 2437 Antl. da Sie haben ihn auch gefragt, wie die
1605 2363 1788 2457 Mutn d.
1512 2426 2375 2568 Fr. Was Er ihnen geantwortet.
1505 2509 1629 2606 Antl.
1641 2521 2806 2682 das gleiche, wann Er jez sich wanger wäre,
1600 2599 2451 2749 shäte Er den Vater darzu¬
1515 2677 2806 2839 fr: Ob die ihne nicht nach dem Vater gefraget.
1501 2757 2849 2934 Ants. Es habe ihnen schon zuvor einsten geoffen¬
1601 2857 2804 3033 bahret, daß Er versprochen und binner seye
1581 2902 2206 3048 sich zu verheürahten.
1526 2963 2786 3155 Fr. Was er dem Bruder gesagt, daß Er dem
1617 3061 2801 3235 Doctor zur Langnen sagen solle, als Er
2238 3167 2371 3234 sohin
1587 3140 2539 3302 ihn mit dem Waser geschiket.
1502 3195 2865 3390 Ritte Er habe Matzigkeit in den Bemend und fehle
1599 3303 2194 3426 ind unten in Bauch
1513 3361 2805 3523 Fr. Warum Er die Mitel nicht genommen, die
1608 3430 2431 3599 die Doctoren ihme geschiket.
1857 3526 1904 3582 heh
1503 3477 2588 3675 Ants. Es habe sie nicht nemmen können.
2609 3659 2728 3753 Er
