3024 4032
202 255 270 343 53.
204 354 275 497 .
563 218 847 332 Anna
319 332 1382 478 händen, daß er die hinger, sonderlich
316 411 1395 555 des Morgens nicht zusamen bemer¬
305 489 1351 620 von, da die doch seithero beyde be¬
304 568 1349 698 ständig in und äußerl. Arzney
298 645 1322 770 Mittel gebraucht haben, auch zu
295 703 1351 857 folge befelch Meine gnädige Herren Doctor Weiten
307 787 1335 961 bachs das darbey sich befindende
283 860 1353 1030 Limbach Daas wiedermalen gebraucht
284 948 1313 1094 aber ohne Stutzero, ich meines Orte
273 1025 1321 1177 habe wenig hoßenung (wann ge ihr
272 1108 1319 1254 leben erhalten wird, daß nicht
263 1192 1307 1349 wenigstens eine Steifigkeit den
254 1287 1270 1398 Gliedmaßen zurück bleiben
260 1367 1333 1496 werde, die Sie lebenslang verspüh¬
258 1456 1312 1600 iren werden, die beste Sache, so Sie
236 1561 1318 1708 genießen, ist mit mehr oder nun¬
252 1633 1312 1759 deren Schmerzen verkamptt, und
242 1707 1324 1858 ist zu beforchten, daß der Rinter
255 1800 1303 1930 ihnen nicht wohl zu statten kommen
252 1870 1306 2001 dürfte, diß ist der wahre Gericht,
236 1952 1295 2097 den Ich Euer WohlEdelgebohrnen
230 2045 1306 2145 für dißmalen geben kan, der
221 2121 1333 2263 Ich die Ehre habe mit gehorsamsten
242 2233 1001 2346 Respect zu verbleiben,
242 2313 973 2487 HochEdelgebohrnen etc.
541 2434 1227 2600 Hochgeehrten Herr.
302 2543 460 2696 Iro
532 2570 1186 2715 Unterthänigste und
533 2670 1287 2760 gehorsamster siener
529 2725 1324 2873 J. Ullrich Schram Char
929 3219 1214 3355 Als etc.
2667 156 2867 276 266.
1953 201 2337 348 appen.
1542 315 2822 482 Bols man in Procincen wäre, diesere
1555 430 2807 551 Procedia Meinen gnädigen Herren den Räthere vorzu¬
2363 496 2511 554 vrie
1580 484 2796 663 tragen, könne von Meine gnädige Herrn Schultheiß
1568 565 2808 719 zu thun ein Gericht ein, wie daß zu
1561 637 2806 817 Uitiger in der Ullrich Dieris Haus¬
1548 718 2779 881 hinter einem Spiegel ein Paquetli
1556 817 2613 971 mit Bist gefunden worden.
1602 865 2792 1041 Welches verursachete, daß diese Procedir
1572 988 2726 1155 verschoben und Meine gnädigen Herren Schulthei
1561 1059 2765 1238 auf Ihm zugeschrieben würde, dieser
1558 1147 2688 1315 Nach halber genauere Information
1558 1233 2767 1370 aufzunemen, wie er dann solches
1550 1316 2781 1470 auch gethan, und schrifftl. eingestendet
1532 1413 2746 1533 was er zu Aufheiterung deßen
1541 1488 2804 1641 entdecken können. Wie Beylaagen
1544 1604 2268 1741 solches ausweisen.
1680 1679 2761 1822 Herohalb mit der Anna Beri
1557 1795 2770 1930 nach folgender Examen vorgenommen
1557 1880 1743 2008 ward.
1768 1988 1844 2093 ten
1697 2045 2392 2168 3 Examen
1556 2119 2613 2284 Mit Anna Bieri gebohrne
1546 2253 2746 2387 Däpper, verführt durch solche Geri
1543 2320 2724 2446 Herrn Herr Presburg mit geziehung
1549 2382 2741 2540 Meine gnädige Herren Großweibel und Gricht schreiben
2545 2535 2621 2588 a
1484 2484 2579 2634 Fr. Da es verlanget, mit Meine gnädige Herren
1528 2589 2727 2713 Großweibel zu reden, so werde ihm ohne
1522 2651 2712 2784 zweifel sein gewißen ausgewachet
1536 2729 2722 2854 seyn, weilen es nicht alle Wahrheit werde
1512 2806 2698 2932 gesagt haben. Es seye also ermahnt,
1515 2877 2687 2998 jezund zu offenbahren, was es noch
1521 2941 2293 3056 auf dem Herzen habe.
1450 3022 2683 3148 gütl. Es habe in seinem vorigen Examen
1532 3106 2617 3230 nicht gesaget, daß auch dieses ihn
1517 3168 2668 3310 gegen die Hauenbraten in Horn und
1520 3245 2662 3392 zu steiner bosten That gebracht, weilen
