3024 4032
296 338 481 479 309
748 337 1003 463 Keller.
355 465 1481 619 und Herrn Gricht schreiber heuten
440 549 1501 679 uunterbrachter relation und verle¬
442 627 1489 754 denen Sufformationen des mehrer
433 693 1537 841 vernommen. Wie nun 33 Gnaden
429 787 1483 911 dermahlen noch Ihr Erkantnuß
435 866 1506 992 darüber verhoben dabey aber
430 935 1509 1081 verordnet, daß diese Gellerne fer¬
424 1025 1499 1176 ners droben im Spittahl enthalten,
415 1123 1508 1279 werden solle. Als haben Ihr Gun¬
419 1224 1481 1396 dessen auch benachrichtigen, dabey
425 1304 1479 1486 aber zugleich anbefehlen wollen,
428 1418 1460 1551 die anstalten vorzukehren, daß
419 1514 1496 1670 dieses Mensch, welches noch ferner
410 1613 1476 1757 Groben im Mittahl verbleiben soll
416 1710 1473 1844 auf eine miltere weiste verpflegt
434 1810 1491 1971 und enthalten werde, wo dann ohr
422 1897 1474 2075 Graden Will auch ist, daß nach
408 1991 1499 2164 etwas zeits solches nochmalen von Euch
400 2082 1411 2241 examinire, und daherige Examen
631 2195 697 2256 nce
393 2192 1471 2329 Meine gnädigen Hn vorgetragen werden. Sie
400 2263 1509 2426 zuthun Ihr Herr Gros weibel und Herr
381 2364 1496 2512 Grichtschreiber bestende wüßen werde.
375 2472 1227 2609 Accum den 28. April. 1770.
656 2567 867 2725 Seguiert
875 2632 1517 2779 Canzley dern
934 3219 1399 3391 Verbale
2733 378 2845 488 33
2044 348 2319 473 Behler.
1937 570 2401 702 serbeite
1687 674 2816 858 Ald heute den 30. April. gegen Schr
1708 817 2805 977 Obendt Meine gnädigen Herren Gund weibel die Anzeig
1696 908 2775 1066 geschehen, daß an der Königl Mann
1704 983 2820 1148 in dem Kasten unterhar der Schich Mühle
1701 1078 2830 1191 ein stodtes Kindlein gefunden worden,
1687 1161 2829 1331 dat derselbe und Meine gnädigen Herren nicht schreiben
1686 1252 2809 1418 mit Zuziehung herrn Docto Rostolet
1689 1350 2836 1512 und Herrn Operator hartmand, wie auch
1692 1435 2812 1589 der hebame Catharina Rychardt sich
1692 1521 2826 1702 alsobald auf den Ort selbst begeben,
1697 1615 2841 1759 der Sie in dem Oberen Theil des vom
1685 1696 2821 1870 Roßen geleerten Kastens das Kun
1696 1791 2836 1930 kein nachens, oben auf dem Monast
1695 1887 2844 2046 auf dem Bauch ligend angetroffen,
1692 1976 2848 2089 welches die aufheben, in eine Brucken
1683 2080 2792 2240 legen, und in Ihr Gnaden Instue
1684 2165 2843 2332 stragen laßen, daselbst er gestaubert
1690 2263 2797 2404 veritire und feciert worden, und es sich
1689 2356 2841 2508 erfunden, wie das dis und Repertune
1681 2447 2788 2590 answeists, zugleich würde, auch der
1677 2537 2830 2679 Mann so die Anzeig gethan, in seinem
1701 2618 2646 2779 Bericht vernommen, wie folget.
1655 2728 2805 2910 Hans Zürcher von Rundend byl
1675 2845 2815 2982 sagt und Er seye bestellt den 5. §.
1695 2930 2799 3023 Baukosten unter der Schutz mühle zu
1684 3025 2813 3170 leeren, welches er auch diesen morgen,
1695 3095 2793 3260 um 6. Uhr gethan, und den gleichen
1673 3181 2822 3303 Kasten bis auf den Grund ausgeleeret,
1688 3256 2739 3421 ohne einer Kindt zu gewahren.
1746 3348 2798 3519 Weilen er gewust, daß der Statt
