3024 4032
113 1991 298 2108 Ants.
154 143 288 252 70.
198 301 365 451 Actb
164 725 340 866 frag
609 153 1014 318 Maria
398 301 1459 515 Weilen niemand bey ihm gewe¬
362 382 1439 562 ven, so habe es solches darin ver¬
355 498 1430 667 riechtsinniget, gelebet habe es
360 601 752 758 aber nicht.
394 696 1453 908 da es selbst gestühre, daß es
356 835 1455 998 deß Stodes schuldig, so muß er
357 923 1440 1086 also trachten seine Seele zu er¬
358 1022 1417 1188 wretten, und dieses könne nicht
346 1132 1424 1319 anderst geschehen, als durch eine
341 1228 1384 1394 aufrichtige Bekantnuß und
329 1336 1456 1506 wahre hertzliche Reu seiner Grund¬
325 1438 1442 1608 That. Seye also zum letzten
337 1571 1425 1709 mahl ernst meinend ermahnet,
316 1641 1423 1801 zu offenbahren, was es nachet,
333 1758 1417 1913 dann auf seinem Gewißen
311 1858 924 2013 zurückgehalten
346 1970 1407 2134 E bezeuge vor Gott, daß es
313 2069 1369 2212 genmehr alle Wahrheit bekennet,
315 2158 1383 2294 und sein Gewißen gäntzlich
306 2269 1351 2381 entladen habe. Gott der
294 2365 1328 2530 Allmächtige wolle ihm doch
306 2458 1336 2633 barmherzig und ihre hohe
290 2589 1190 2739 Dergleit gnädig seyn.
337 2695 1359 2856 abgelesen und bestächtiget,
271 2824 1246 2989 Decum in der Oberen
279 2932 1369 3109 Gefangenschafft den 28. Merz
261 3026 1403 3217 1769 durch MngnHHerren Rathsherren
249 3160 1375 3286 von Wattenber mit zuzeichung
251 3226 1423 3442 Meine gnädigen Herren Großweibel und Bericht schreiben
2744 297 2813 369 2
1982 308 2330 450 Junge
1752 433 2596 597 seinene Information.
1677 555 2848 711 Über den Umstand da die Delinquention
1682 656 2805 793 in dem letzten Examen vorgegeben
1690 730 2823 907 es seye etwas Zeits nach dem Martins
1675 835 2782 1001 Marit hier in der Stadt über drey
1690 930 2820 1040 Stegen Tritten auf dem Rücken unten
1695 1020 2791 1171 aus gefahren, welches des Kunckherr
1687 1114 2794 1262 Obrist Scharners Knecht wohl gestehen
1680 1202 2770 1354 und zu ihm gesagt, sorg zu haben.
1715 1297 2785 1462 hat MnGHHrn Ster Examinator den
1686 1393 2784 1537 Bedienten David Gyot von Galengen
1688 1469 2799 1616 vor sich bescheiden, und nach beschehener
1690 1557 2745 1678 Vermallung bey seinem gewißen
1688 1651 2797 1787 die Wahrheit zu reden, hierüber ver¬
1683 1722 2814 1857 rhört, der dann ausgesaget. Er be¬
1684 1804 2815 1941 sin̄e sich, daß er diesen Rinter, glaube
1686 1878 2778 2037 viel eher von Wienacht, als nach Wie
1682 1961 2787 2096 macht, könne aber die Zeit nicht bestimmen
1683 2048 2803 2191 etwas ein Gang schreyen gehört, darüber
1675 2131 2722 2251 gerin seine stuben thur eröfnet
1692 2210 2809 2348 und bestehen, daß das Materlin unter
1694 2308 2761 2436 an der Stegen sich von Boden auf¬
1672 2392 2793 2540 habe, und mit der rechten hand noch
1693 2488 2767 2602 wercklich zu Bodensere, worauf
1684 2553 2803 2705 en zu ihm gesagt, es solle Acht haben
1688 2653 2788 2804 und habe ihne zugleich auch befragt,
1702 2730 2788 2875 ob es ihm wehr gethan, es seye aber
1696 2827 2758 2974 alsobald ganz leicht aufgestanden,
1678 2920 2749 3067 habe geantwortet, es habe ihm ein
1690 3004 2783 3157 wenig wehr gethan, und seye davon
1693 3087 2798 3235 in die Stuben gegangen, habe nach¬
1685 3174 2728 3306 werts seine Arbeit in Holz und
1684 3256 2779 3399 Waßer tragen verrichtet, wie zuvor
1687 3332 2796 3486 ohne, daß es sich seines deßen über
1676 3425 2348 3564 Schmerzen beklaget.
