3024 4032
190 278 321 376 299.
727 255 1135 395 Erric
641 367 1000 510 Rusire
287 416 1476 592 Est. Daniel Hueber des Scharfrichten
263 543 1455 717 Am 19ten Frachmonats lezthin, habe die Anna
329 636 1408 755 Wuß, Herrn Doctor Kangl ausen Kochin ihme
328 696 1392 829 das Waßer gebracht, vorgebende von H
312 754 1393 891 Schultheis Stürlers Köchin zu stern, welches
322 820 1361 956 sich über Matzigkeit in den Gliederen
312 882 1394 998 Schmertzen in Brauch Magen und Bauch, wie¬
316 945 1379 1074 auch an einem Bencklage, und habe ihm
316 1016 1406 1131 darfür Mitel geforderet. Am Tag hernach
309 1074 1403 1202 seye sie wieder gekommen, und die Mitel
310 1148 1440 1301 abzuholen, der Er in einem Güterli Magen¬
285 1217 1417 1377 Ehberg zugestelt. Eine Sach die nichts schaden
303 1295 1347 1448 noch nutzen könte. Sonsten habe Er ihr
303 1375 1102 1511 keine andere Mittel gegeben.
206 1415 287 1539 Ir
330 1444 1358 1598 Ob nicht des Bedienten Ehefrau, bey H
291 1526 1383 1674 Bauherrn Orth ihm auch das Waßer gebracht,
286 1589 921 1707 und Mitel geforderet.
182 1640 314 1785 Recto
320 1663 1353 1811 Ja Er bestinne sich, seye nachher gewesen,
295 1750 1364 1887 und möge bey 6. Wochen oder mehr seyn.
273 1817 1355 1944 Sie habe ihme gesagt, das Waßer seye
282 1894 1370 2005 von einer Magd, so krank bey ihr seyn:
278 1950 1357 2108 Nachdenen Reden, so sie geführet, habe
273 2044 1417 2177 Er vermuhtet, dieses Mensch möchte schlan
274 2120 1354 2237 ger seyn, und habe dahero derselben mir
270 2187 1375 2312 Magenwaßer in einem Güterli gegeben.
478 2263 1213 2384 Das seye was ihm bekant.
253 2325 1065 2462 Actum den 3ten 8. 1770.
506 2478 963 2611 Ausrech
213 2570 1337 2732 Meister Weib von Vollingen, vnnd
273 2688 1346 2812 Schenkenberg, bey 88 jahren Alters, bonhafft
279 2761 1381 2879 in hier, mit ihrem Man̄ Caspar Klreg und 2.
275 2816 617 2927 Auserster Ehe¬
214 2875 1372 3017 fr. zu welcher Zeit, Sie in die Insul gekommen.
183 2972 1043 3060 antl. Drey Wochen vor dem Datag.
192 3036 1138 3147 Fr. Wan Sie wieder daraus gekommen.
289 3101 1366 3232 dem Mitwochen vor dem Batag gegen Mitag.
161 3107 289 3199 Antlo¬
285 3172 866 3280 Wosie ihr bet gehabt.
189 3197 284 3301 fr.
175 3232 1342 3332 antlo. In der Doctor Stuben und ersten Bet neben
285 3312 750 3411 dem Anna Syhler.
182 3355 1311 3469 Fr. Ob sie nichts gemerket, das in der Sannali
296 3431 942 3557 Tahlers Bat vorgegangen.
1155 3490 1268 3547 Accklo
1527 3233 1634 3340 fr.
1510 3328 1629 3427 Ratts
2737 329 2861 428 200
2074 316 2388 427 Debher
1577 389 2773 524 Ants. Nicht das geringste. Die seye in der Nacht¬
1653 475 2776 584 zuvor, zwischen Zinstag und Mitwochen, wegen
1665 534 2799 650 dem Weter unruhig gewesen. Und seyn wie
1666 620 2815 698 das Anneli, etwan um 8 Uhr Abends von dem
1657 661 2806 753 Bet aufgestanden, und bis gegen 10. Rthr aufge¬
1646 729 2801 832 blieben. Weilen aber die nachbarts nicht schlaffen
1664 790 2798 907 können, habe sie den Bethaber in dem Bet
1654 853 2740 963 herum getrieben, so daß das Anneli zu ihr
1643 914 2779 1031 gesagt, ob sie nicht feyer Abend haben wolle,
1650 978 2750 1089 den Bath aber zu treiben. Und dann auch, Es
1639 1035 2767 1155 häte sich dem Oberländer Weiblein nicht zu
1654 1108 2777 1222 erkenen geben sollen, Es thue wegen seinen
1627 1165 2763 1291 Kindern die ganze Racht nur Schreyen, Er
1650 1233 2779 1344 wolle ihr mitt Tagen, daß Er von Watenbyl
1645 1306 2796 1413 gebürtig. Die Depe habe darauf bis am Mor¬
1639 1370 2698 1478 gen, da es Tag war, geschlaffen. Als Sie
1653 1437 2771 1541 erwachet, welches bey 5 Uhr gewesen seyn
1651 1500 2797 1603 möge, habe sie das Anneli auf dem Betsitzen
1639 1562 2788 1675 gestehen, so die Bein über die Betstat, gegen
1639 1640 2745 1774 ihres det zu hinabhangen gehabt. Sie
1623 1719 2745 1844 haben nichts mit einander geredet, und sie
2515 1788 2757 1898 Bald her
1637 1797 2508 1870 habe sich wieder umgekehret.
1645 1856 2753 1982 nach habe die Muter die Depl. gefragt,
1643 1935 2730 2048 Ob sie erbachen seyn? Wie Sie der mit ja
1620 2007 2787 2111 geantwortet, habe hie ihr das Mitel gegeben.
1631 2076 2749 2198 Und da Sie darauf beyde gegen des Annelis
1636 2130 2770 2272 Batgeschauet, haben die geglaubt, Er schlaffe,
1643 2222 2802 2330 indem Er sich still gehalten, und nichts geredet.
1722 2281 2774 2387 Eine kurze Weil hernach, als die Muter
1629 2362 2754 2463 bey ihrem Bet die Stuben gewüschet, habe das
1630 2417 2689 2542 Anneli sich gedrohet und seyn erwachen.
1629 2480 2757 2597 Da dann die Muter zu ihm gesagt, die wolle
1620 2553 2760 2673 Ihm jezt sein Weisenburger Waßer geben,
1636 2626 2761 2739 welches Er aber nicht trucken wollen, sonder
1620 2688 2762 2810 gesagt, Es wolle lieber etwas warmes indeme
1627 2752 2705 2861 etwas anderes angelanget seyn. Auf
1631 2832 2720 2940 Befragen von Seiten der Muter, was dann
1623 2895 2716 3027 Reg. Habe Er gesagt, seine Zeiten seyen
1630 2963 2716 3063 wieder gekommen, und wie dieselbe es nicht
1617 3027 2695 3163 glauben wollen, habe Er ihr dem Einger
1618 3104 2710 3227 blutig hervorgezogen. Worauf die Muter
1621 3170 2364 3281 ihme durenbeiche gebracht.
1632 3222 2650 3369 Ob Sie die gantze Nacht geschlaffen.
1650 3315 2714 3397 Ja, von 12. Ihr weg, bis am Morgen da¬
1618 3379 2681 3502 sie erwachet, und das Anneli auf dem Bet
1637 3445 1997 3549 litzen gestehen.
2528 3494 2672 3602 fn.
