3024 4032
110 185 238 282 434.
604 225 1109 364 Derita
751 291 941 376 unn
145 262 1437 525 Fr. Was Er vorhabend gewesen, mit seinem Kind
262 390 1460 593 also im Waadstak eingepaket vorzunemmen.
138 404 1221 627 Ants. Es häte es mit sich weg getragen.
97 506 1413 731 Inst. Es seye nochmal gantz ernstlich ermahnt,
244 597 1434 798 Die keine Warheit an den Tag zu geben, wie
253 680 1416 868 es zugegangen, daß sein Bet nicht mehr
261 770 1421 955 bestucket worden, indeme nicht zu glauben,
258 840 1119 985 daß Er nichts unterleget habe:
127 904 266 1002 Antl
283 916 1398 1095 Es betheure, daß Er nichts unterleget habe.
139 996 265 1087 Fr.
269 989 1444 1175 Wie es auch möglich seyn zu glauben, daß Er
254 1068 1389 1243 von Sinnen gelegen. Da der Bericht laute,
233 1143 1387 1291 Es seye gleichen Morgen, etwan um 5. Uhr,
255 1193 1406 1373 von seinem Bet aufgeseßen, und habe seine
248 1262 1437 1462 Bei über das Bet hinab zu hangen gehabt.
115 1316 1131 1504 Anth. Es wiße einmal davon nichts.
127 1433 1421 1594 Fr. Ob es etwann zu einer anderen Zeit Kind¬
246 1501 1202 1631 besterin worden, als Er vorgeben.
120 1543 284 1663 Autlo.
292 1573 1434 1733 Stein. Es müße in dieser Zeit geschehen
260 1679 445 1767 seyn.
532 1791 1244 1926 Confrontation.
255 1867 1439 2010 Weilen unnd die Delinquentin nicht gestehen
264 1956 1440 2069 wollen, daß Er etwas im bet unterlegt habe,
258 2025 1423 2151 noch daß Er gleichen Morgen frühe in dem
261 2099 1389 2211 bet aufgeseßen seyn; wurde anbefohlener
258 2162 1354 2283 maßen zur Confrontation geschriten
267 2230 1384 2337 da dann die Doctor Muter Barbara
262 2309 1413 2418 Naces ihre heute gegebene Aussag, wie die
274 2380 1423 2498 das Kind entdeket, was dabey Gläschen der und
262 2444 1429 2559 der Fählerin vorgegangen, und wie sie das
275 2510 1426 2622 bet am Abend so wenig verwüstet befunden, von
267 2587 1426 2706 Wort zu Wort wie solche hievor eingetragen
276 2642 1404 2766 ist, der Delinquentin unter angesicht erhartet,
277 2723 1346 2839 mit der Versicherung der keinen Warheit.
286 2792 1376 2916 Die Deling. gestuhnde aller ein, bis an das
285 2864 1433 2976 unterstrichene, welches Er laugnete. Seinlich Es
261 2929 1427 3049 habe nichts gehört, daß die Muter ihme mit
273 2982 1430 3097 dem H. Verwalter getrohet, wann Er sein Zeug
1333 3048 1411 3131 .
275 3048 1340 3173 nicht hervorgeben wolle, und dann habe Er
277 3112 1431 3249 derselben bey Übergab der Gnad staber auch nicht
279 3188 1402 3312 gesagt, Es habe eine fausse Couche gemacht,
282 3259 1422 3364 Sie könne aber nichts stehen, indeme alles zu¬
273 3313 1431 3434 Stüben seyn. Ferners versicherte Er, daß Er das
276 3376 1406 3485 Betmanteli bis Nachmitag um 3. Uhr auf dem Lib
279 3436 1373 3572 getragen, und nichts unter sich gelegt gehabt.
1876 324 1946 417 .
2643 357 2816 441 435
1945 321 2266 429 Sablen
1920 395 2090 457 n
1707 415 2819 555 deßen ohngeacht behaubtete die Muter ihre
1652 494 2826 599 Außag ohne den geringsten Abstand, und bezeugen
1647 545 2806 663 ste aber, daß ihr nicht in wißen seyn, ob sie den¬
1667 610 2793 748 selben tag das Anneli mit oder ohne Getmänteli
1653 676 2034 786 im Betgesehen.
1658 736 2772 877 Diesen nach wurde die Anna Krich der Delin¬
1644 814 2760 951 quentin auch vorgestellet, die gleichermaßen ihr
1653 874 2325 988 reich unter Augen erhalten.
1766 934 2804 1050 daß Er am Mitwochen vor dem Constag am
1667 994 2777 1111 Margen ungefahr nun 5. Uhr, in seinem Bet
1659 1061 2791 1190 aufgeseßen, und seine kein gegen ihr Getzu
1629 1136 2223 1248 hinab hangen gehabt.
1701 1193 2820 1330 Die Fällerin wolte dieses weder eingestehen.
1657 1272 2787 1400 noch in Abred seyn, sonder sagte lediglich, Es
1647 1340 2188 1449 laße nichts darvon.
1624 1405 2792 1563 Weilen die Untermagd in der Insul Maria
1630 1509 2803 1624 Hubacher nicht beharret, daß just an dem gleichen
1650 1577 2785 1690 Mitwochen, die Bahlerin ihm einen guten Mor¬
1634 1645 2758 1755 gen gewünschet, sonder gesagt, Sie könne sich
1642 1709 2747 1818 darin wohl irren, so ist die Confrontation als
1656 1769 2543 1882 müchtig zu seyn erachtet worden.
1576 1835 2780 1963 Fr. Ob kann auf dieses aller Ein dennoch betheuren dörfe,
1651 1909 2757 2021 daß Er die Warheit an den Tag gegeben. Mauer¬
1645 1968 2727 2079 mahne ihne, daß Er doch noch jetzt in sich selbst gehe,
1639 2027 2752 2133 nem Gewißen entlade, und durch mir lautre Be¬
1644 2080 2757 2191 kantnus trachte, sich mit seinem erzörnten Gott
1628 2139 2803 2270 zu versöhnen. Dann alles was bishero heraus gekom¬
1632 2215 2781 2326 men, und die verschiedene Widerspruch Zeugen stark
1647 2264 2742 2396 wider ihm, und erwahre sich wenigstend daraus.
1647 2342 2793 2457 daß Er das Kind und seine Geist verspühret, solle
1641 2397 2798 2519 derohalb Gott die Ehre geben und sein Verbrechen
1637 2467 2782 2582 offenbahren, sonsten eine hohe Obrigkeit ohnfehl,
1634 2529 2707 2647 barlich durch strengere Mitel an ihns wachsten
1636 2596 2777 2717 laßen wurde, Welches Es solle erwarten seyn.
1551 2658 2761 2816 Antl. Es bezeuge, daß Er die Warheit geredet, und
1647 2762 2752 2886 daß keine Remit so zugegangen sey, wie Er
1642 2824 2720 2948 gesagt. Die Herren Geistlichen haben ihm
1641 2886 2726 3009 allergrung vorgestellet, und ins zur wahren
1640 2951 2711 3086 Bekantnus ermahnt. Es wüsse aber nichts.
1629 3040 2135 3134 anders zu bekennen.
1710 3093 2497 3229 Es abgelesen und bestättiget.
1569 3183 2738 3330 Letum in der Oberen Gefangens schaft
1825 3299 1859 3329 e
1642 3286 2320 3405 den 7ten Decembris 1770.
