3024 4032
204 1766 273 1857 3.
191 291 296 373 803.
227 692 317 798 fr.
197 1021 313 1151 Auto
274 475 310 511 .
514 279 1106 402 Galmen
336 399 1333 543 als Sie ihm dem Lohn gegeben, seye er
321 483 1285 583 aus ihrem Haus und dienst weg und
316 548 1321 656 habe gesagt, Es wolle zu steiner Schwester
322 616 822 724 bey Kagelei gehen.
352 685 1243 796 da die Hebanden beharet, es seye
331 745 1317 872 schwänger, so hate sie solches wenigstens
318 825 1313 943 dem Feuergschauer anzeigen sollen,
315 895 1307 1015 dardurch das Unglük nicht geschehen,
314 973 445 1064 wäre
335 1038 1292 1153 Sie bekenne, daß sie hierin gefehlet,
310 1110 1361 1219 Sie habe aber auch noch daran gezweiflet,
313 1169 1306 1295 weilen Er würklich ein betagtes Mensch
316 1241 1303 1361 und sie ihm alles gute anerboten, welches
301 1309 1305 1415 doch keine Bekantnuß bewürken mögen.
292 1375 1334 1490 Anbey habe sie schon einsten eine Zeugere
294 1442 1295 1553 Mags deshalb angegeben, so sich aber
300 1516 1214 1625 hernach nicht schwänger erfunden,
315 1584 1253 1707 darauf die Mühe gehabt diensten zu
306 1658 564 1752 bekommen.
315 1764 1306 1911 Rathena Cullerdin
280 1875 1202 1983 Hebamme und Vorgängerin, sagt aus¬
266 1948 1223 2075 Die Frau Krüchel habe sie am
288 2036 1237 2140 Samstag 3. Wochen am Abend path in
286 2103 1344 2203 ihr Haus an dem Stalden beruchten laßen.
265 2179 1255 2304 Auf ihr Ankommen, habe die Ihr die
270 2255 1274 2364 Magi vorgestelt, selber zu visitieren,
270 2328 1271 2455 ob Es nicht schwänger seye. Obschon
268 2403 1252 2536 Sie darzu nicht beeydiget seye, so¬
262 2473 1294 2598 habe sie dennoch der Fr. Rünchel zin¬
251 2553 1276 2686 dienst mit der Magd geredet, ihns
270 2637 1302 2762 auch obenhin visitirt, und von außen
267 2690 1272 2821 berühret, habe alsobald geglaubet,
262 2786 1259 2899 Es seyn schwänger, doch noch nicht nach
262 2842 1250 2958 bey der Gericht, habe ihm solches
247 2917 1313 3042 zugemuhtet, welches aber weil abgelang¬
260 2989 1340 3104 net, und gesagt, Es habe vor 40 Jahren
263 3061 1315 3189 auch ein Kind gehabt, würte wohl wann
257 3130 1310 3264 Er schwänger wäre. Habe auch gesagt,
251 3204 1348 3331 es wolle am Montag vor den Schanstaal
550 3268 1275 3381 Weilen es einen andern
244 3284 446 3395 gehen.
443 3280 550 3365 .
242 3316 1329 3460 zustand geklagt, so habe Sie ihm darfür
1081 3389 1339 3513 Graudanke
2582 314 2693 391 304
1728 275 2321 410 Balmes
1563 414 2629 532 Brand anten verordnet, und habe ihns darnach
1576 474 2654 586 kammer gestehen, auch geglaubet die Er, Keüchel
1576 528 2614 645 oder ihr Mann werden es dem Feuergschauer
1574 600 1791 709 anzeigen.
1561 626 2615 776 also aufgenommen aus Befelche MetzgHHr.
1567 711 2696 828 Ober Examinatorii durch Meinen gnädige Herren Großwei¬
1577 772 2542 897 bel Affiriger den 7. Februarii 1779.
1705 1114 1736 1262 .
1902 1159 2481 1303 Examen
1630 1231 1707 1320 .
1554 1285 2638 1422 Mit Cadlena Zalment
1578 1383 2632 1512 Mühleberg, verführt durch den W. Wolgebohrn
1563 1460 2589 1588 Mitzig Herr Bauherrn Bleiger, als wohl t
1577 1529 2633 1648 neten Herrn Ober Examinatorii, mit
1562 1607 2665 1723 zziehung Meine gnädigen Herren Großweibel Einge
1575 1660 2586 1790 und Grichtschreiber Sillading
1579 1766 2590 1918 Nachdeme demselben vorgestelt word
1575 1870 2589 1980 das es seine immenschliche That zwar ge¬
1573 1937 2590 2039 soseyen dennoch verschiedene Umstände
1568 2006 2639 2116 heiteren nötig, wurde daher nachtruklich er¬
1575 2066 2588 2168 sein Gewißen von allem zu entlade
1575 2132 2680 2250 welches der Weg seye zu der Erbarende sei¬
1579 2190 2688 2311 erzürnten Gottes, und dardurch Er bey se
1561 2265 2591 2396 beleidigten Obrigkeit auch mehrere d
1568 2340 2711 2463 erlangen könne. Da ihm darauf sein erste
1561 2404 2683 2532 Examen wörtlich vorgelesen worden, würde.
1482 2500 2597 2641 Befraub dieses die reine Wahrheit enthalte.
1477 2574 1580 2680 Ausb
1588 2589 2709 2736 Ja, das seye die pure Warheit, Es habe ab
1577 2691 2702 2812 vormals nicht gesagt, daß Er schon am Mor¬
1566 2743 2752 2880 von des Meister Kinchels weggehen, und die
1558 2827 2704 2936 Frau ihns nicht habe gehen laßen wollen.
1572 2896 2726 3030 bis Nachmitag, welches die Ursach gewesen
1576 2949 2703 3102 daß Er nicht zu rechter Zeit zu seiner
1570 3035 2713 3129 Schwester in die Standweid ankommen können.
1575 3097 2672 3236 und Er bis auf den Abend auf dem Weg
1577 3156 2747 3299 verbleiben müßen, da sonsten ihm dieses
1587 3243 2705 3356 Unglük nicht wiederfahren wäre, weilen
1585 3316 2778 3438 Es nicht im Sinn gehabt sein Kind zu verderben,
2546 3389 2677 3515 Per
