3024 4032
110 141 236 221 121.
260 237 1396 456 deren der einte zu Meine gnädigen Herren haubt
253 355 1427 537 mann frischung gegangen, durch welchen
252 427 1397 587 Wohldenselbe dieser Leutters Theriae
255 510 1390 686 und Ohl zukommen laßen, welche
240 575 1412 749 Mittel bey dieser Leuten das Erben
259 650 1402 837 schen bebriecht, und hierauf etwelche
246 739 1384 873 Beßerung. Doch seye die Fran
255 800 1396 932 noch würcklich stehe übel brauch und in
241 877 1069 1016 gefährlichen Umständen.
249 950 1368 1112 Von denen zur Gutt gekommeren
241 1044 1404 1212 Nachbauren seye einer nach albeschie
230 1125 1364 1259 gegangen, die Elteren der Frauen
233 1212 1385 1346 herzuholen, nemlich Bendicht zahlen
239 1262 1367 1405 und sein Weib. Als dieselben zu
244 1342 1407 1496 des Hauentrats Seit gekommen, haben
251 1423 1374 1552 sie die Ingl. hinter einen gann
233 1493 1363 1648 sizend angetroffen. Worauf die
213 1588 1321 1719 Säleren sie befragt, was sie da
1329 1652 1359 1744 1
207 1680 1369 1816 thue diese dan̄ geantwortet:
198 1760 1403 1893 Die wolle zum Hauentrat, und nach¬
233 1867 1397 1999 dem die erstere hierauf erwiede¬
224 1940 1387 2080 ret, die habe nichts dort zu thun.
202 2037 1405 2172 Sie seye schon zu viel dorten ge¬
221 2124 1381 2271 zwesen und wäre beßer, sie wäre
217 2212 1378 2381 mne da gewesen, weil Sie eine zu
217 2310 1355 2478 viel boses alldort gemacht habe.
220 2410 1375 2581 Worüberhin die Spos. sich verflucht,
225 2512 1364 2669 sie seye diesen selbiger Tag eine in
208 2577 1329 2774 des Hauenkrats Hand gewesten.
230 2695 1409 2871 Diesemnnach seye der Herr Churunges
198 2785 1404 2988 Schräncke dahin gekommen und habe
209 2896 944 3044 die frauwen visitiert.
352 2941 1284 3144 Abgelesen und bestäthiget.
180 3044 1391 3288 Actum in Ihre naden schloß
181 3170 1177 3367 Ihnn den S. Heumonat 1769.
643 3249 1377 3447 Landschreibenen allda¬
276 3346 457 3487 Seg.
2697 226 2844 335 22
1648 363 2632 505 Retatio Chirurgica S.
1619 501 2776 643 Nachdeme ich unterschriebenen den
1591 587 2724 732 30t Juny 1769. in die Scheinweid und
1577 658 2704 776 Beziger Kieners Rentl. zu Niclaus¬
1586 726 2689 850 Hauenkrat und seinem Weib Stick
1580 794 2786 933 Hauenkrat eine gebohrne Seller, be¬
1592 866 2785 1010 rußen worden, habe ich folgende Un¬
1596 948 2350 1102 stände wahrgenommen.
1537 1019 2746 1176 S. Dieste zwey Eheleidt im Sedtligend mit
1564 1122 2745 1247 heftigem Erben und Erbrechen, ein
1572 1186 2754 1317 Geben, etwan 6. Mas haltend, wäre
1589 1252 2779 1376 angefellt. Die Umstand wurden mir
1583 1342 2780 1472 folgender maßern beschrieben. Den
1578 1399 2779 1517 29. Abends tochte die Hausfrau ein
1586 1494 2804 1620 Herr Appel drey in einer eifernen
1576 1565 2762 1702 Pfannen, welche die täglich zum Rochen
1581 1633 2803 1758 gebraucht hatten, sie geniesten etwan
1575 1715 2779 1858 die Helffte, den Resten behalteten Sie
1575 1790 2734 1924 m einem herdenen Geschier auch
1578 1853 2740 2010 den 30. nachdeme Sie beyde bis und 15.
1579 1940 2772 2092 Uhr gearbeitet, begabe sich die Frau nach
1581 2019 2727 2152 Haus, nahme den Resten herd Apfel
1575 2098 2784 2237 thate selbigen in die gleiche Pfannen, um
1570 2175 2800 2316 Fraten zu machen, in gleicher Zeit kome
1576 2252 2736 2394 eine Frau, die N. ihnen Burz vorher
1582 2335 2797 2476 eingebrochen und gestohlen hat, setzte sich
1582 2421 2781 2535 auf die feueblatten, die Haus frau er¬
1582 2497 2761 2635 mahnte selbige nach Haus zu gehen
1567 2576 2729 2692 mit bedrohen, wenn ihr Man kommen
1572 2664 2665 2791 wurde dorffte ihre nicht wohl gehen,
1573 2725 2709 2870 Indeßen gehet die Hausfrau in den
1564 2814 2746 2961 Keller Milch zu holendenn den Frey
1576 2893 2789 3032 dimmer zu machen die Leben machte
1570 2968 2728 3109 sich fort die Hausfrawe aber rüffte
1566 3042 2737 3186 ihrem Mann und sie allen ihren
1569 3141 2734 3264 Drey, sie begaben sich wieder an
1575 3210 2778 3324 ihre Arbeit nach etwan einen Viertel
1563 3283 2750 3440 oder längstens halber Stund, wird
1573 3375 2681 3517 der frauen eibel, fangt an zu
