3024 4032
158 970 266 1132 Fr.
101 1562 290 1694 Ants.
124 1685 247 1804 Er.
83 1948 259 2069 Auflag
130 2229 222 2357 fr.
34 2565 217 2707 Act.
106 165 230 246 d.
628 189 717 297 1s
518 262 1267 436 s. Ramen
260 368 1426 604 Mit Adam Arni von Güetigen Amts
306 509 1443 713 Frienisperg 21. Jahr Alters, unverheiraten,
325 578 1426 776 habe noch keinen Vater namens haer
318 641 1405 836 Mert zu Haus und zwey Brueder bey¬
329 724 1442 926 Leben, habe das Zimmerhandwerk erlernt,
474 855 1345 1057 Drremissa Exhortatione
320 957 1442 1178 Ob er nicht geständig seyn müße, daß da
305 1068 1427 1247 Ersohn längst alhier mit Ruten ausgestri¬
316 1171 1418 1313 chen worden, man ihme deutlich eröff¬
307 1232 1391 1373 net habe, daß ihme für Lebenslang
314 1325 1441 1465 verboten seÿe. Meine gnädigen Botmäßigkeit
307 1379 1413 1553 und und die ganze Lobl. Eydgnoß¬
302 1455 953 1598 schafft zu betreten.
318 1569 1190 1715 Ja das könne er nicht Absteÿn.
296 1656 1430 1817 Wie Er dan̄ so frech und ruchlos seyn dörfen
285 1770 1403 1905 gleich darauf in hiesigen Landen so
282 1845 1008 1986 große Diebstähl zubegehen.
289 1943 1415 2088 Er habe seinen Rok verlohren und darne¬
273 2039 1406 2168 ben kein Geld gehabt, sonsten er solches
283 2128 907 2255 nicht begangen häte.
276 2202 1358 2366 Wo Er von hier weg sich hinbegeben,
264 2295 1379 2438 und was er in deßen schlim̅es verübet.
255 2374 1415 2522 beye ernstlich ermahnet alle Wahrheit zu
264 2477 545 2592 Freden.
246 2553 1402 2715 Am mitwochen vor dem Bättag seye
253 2656 1407 2822 Er von hier auf Hindelbank gegangen,
268 2713 1398 2887 und Tags hernach auf Sollothurn. In¬
242 2775 1375 2968 der Nacht dann seye er wieder das Land
253 2890 1406 3057 hin auf nach Gegenstorf, wo Er am Morgen
253 2953 1415 3144 bey anbrechendem Tag in ein Hans geschie¬
247 3058 1361 3232 chen, und sich auf das Herr Verborgen,
246 3118 1404 3299 bis daß Er verspühret, daß alle aus dem
232 3182 1364 3387 Haus sich auf die Arbeit begeben. Da
252 3285 1353 3462 seye er durch das Tenn in die Stuben
241 3317 1416 3553 gegangen, wo Er einen Schafft eröfnet, darauf
245 3413 1381 3624 der Schlüßel gelegen, und habe daraus
1124 3462 1399 3592 mitbendet
2715 291 2828 405 93.
1679 344 2485 476 d Adame gest
1617 449 2812 587 entwendet. 1. halb leinernen Rok, 1. Veste
1683 530 2798 669 und Hosen, 1. geblecktes Heind, v. Schnupftu¬
1682 592 2772 737 her, 1. Halrich. 1. Säckel mit 5. Bazen Geld
1690 665 2803 798 und einichen Zahlpfenningen, 1. Jedermeßer,
1683 753 2508 856 1. Schreibbüchlein statut einem Paß¬
1682 805 2743 929 Ab der Wand dann in gleicher Stuben habe er
1690 872 2801 1001 genommen. 1. paar reistige Hofen, 1. paar Strumpf
1679 958 2055 1046 und ein Heid
1672 967 2738 1136 Mit diesem Raub seye er auf Sollothurn
1665 1079 2748 1226 zu, wo Er einen Theil von diesen Kleidern
1684 1156 2795 1290 in dem zweyten Keller rechter Hand, beym
1672 1232 2776 1360 Eintrit in die Stadt zweyen Weibsbildern
1680 1306 2757 1429 die alda Mein ausschenken, u. verbah¬
1673 1375 2710 1512 rung gegeben. In der Nacht dann seyn Er
1673 1455 2757 1579 wieder mit einichen Kleidern auf Jegen,
1673 1520 2750 1649 storf gegangen, da Er in dem gleichen Haus
1665 1603 2757 1713 seine Kleider auf das Hen verborgen, die
1676 1664 2744 1796 noch da liegen sollen. Von dort habe Er sich
1669 1745 2722 1876 außricher dem Dorf Jegenstorf in eine
1661 1828 2780 1963 Weid begeben, daraus Er ein paar Stieren
1673 1902 2742 2029 entführt, welche dem Niklaus Reichel
1669 1978 2734 2099 von Urthenen zugehört. Wormit Er am
1654 2051 2759 2182 Samstag am Morgen zur Sollothurn auch
1676 2122 2739 2258 dem Markt angelanget. Welche Er an
1675 2211 2725 2332 einen Händler um 1ten neue duplonen
1669 2281 2779 2411 und einen halben neuen Thaler verkauffet,
1653 2363 2761 2487 Nachdemme ihme solche gegen Abend ausbe¬
1654 2427 2763 2559 zalt worden, seye er zu seinem Bruder
1669 2503 2698 2630 auf Leüßligen, der bey einem Baur
1664 2573 2758 2702 daselbst in diensten stehe, übernächsten
1659 2654 2764 2782 gegangen, welcher am Son̄tag am Mor¬
1669 2726 2761 2871 gen darauf bis auf Subingen ihne beglei¬
1665 2812 2689 2935 tet. Da Er Ingt. dann allein auf
1657 2897 2772 3026 Langenthal sich begeben, wo Er dieselbe
1660 2978 2746 3116 Nacht auf einem Heustok zugebracht.
1641 3061 2724 3182 Am Montag seye er den gantzen Tag
1648 3131 2771 3265 zu Langenthal verblieben. Am zinstag
1652 3215 2722 3341 Nachmittag dann habe Er sich wieder zu
1651 3284 2776 3418 seinem Bruder nach leüßligen verfüget.
1650 3354 2725 3489 da er dann in der Nacht dem Wirth eine
2564 3444 2754 3514 Kalbete
