<?xml version="1.0" encoding="UTF-8" standalone="yes"?>
<PcGts xmlns="http://schema.primaresearch.org/PAGE/gts/pagecontent/2013-07-15" xmlns:xsi="http://www.w3.org/2001/XMLSchema-instance" xsi:schemaLocation="http://schema.primaresearch.org/PAGE/gts/pagecontent/2013-07-15 http://schema.primaresearch.org/PAGE/gts/pagecontent/2013-07-15/pagecontent.xsd">
    <Metadata>
        <Creator>prov=University of Rostock/Institute of Mathematics/CITlab|PLANET AI GmbH/Gundram Leifert/gundram.leifert@planet-ai.de:name=German_Kurrent_XVI-XVIII_M5.4(htr_id=38771)::::v=2.6.7
prov=University of Rostock/Institute of Mathematics/CITlab|PLANET AI GmbH/Tobias Gruening/tobias.gruening@planet-ai.de:name=de.uros.citlab.module.baseline2polygon.B2PSeamMultiOriented:v=2.6.7
prov=University of Rostock/Institute of Mathematics/CITlab|PLANET AI GmbH/Tobias Gruening/tobias.gruening@planet-ai.de:name=/net_tf/LA73_249_0mod360.pb:de.uros.citlab.segmentation.CITlab_LA_ML:v=2.6.7
Transkribus</Creator>
        <Created>2022-06-16T10:54:16.990+02:00</Created>
        <LastChange>2022-09-12T15:43:01.540+02:00</LastChange>
        <TranskribusMetadata docId="1334854" pageId="52362930" pageNr="8" tsid="114644816" status="IN_PROGRESS" userId="9570" imgUrl="https://files.transkribus.eu/Get?id=QROXJMRGSHIVYDYXHQLUQBVV&amp;fileType=view" xmlUrl="https://files.transkribus.eu/Get?id=UVUSLQUCLDFJVXLVGDKQVLBT" imageId="35487290"/>
    </Metadata>
    <Page imageFilename="IMG_8027.jpg" imageWidth="3024" imageHeight="4032">
        <ReadingOrder>
            <OrderedGroup id="ro_1687513589978" caption="Regions reading order">
                <RegionRefIndexed index="0" regionRef="r1"/>
                <RegionRefIndexed index="1" regionRef="r2"/>
                <RegionRefIndexed index="2" regionRef="r3"/>
                <RegionRefIndexed index="3" regionRef="r4"/>
                <RegionRefIndexed index="4" regionRef="r5"/>
            </OrderedGroup>
        </ReadingOrder>
        <TextRegion orientation="0.0" id="r1" custom="readingOrder {index:0;}">
            <Coords points="161,80 161,232 213,232 213,80"/>
            <TextLine id="r1l1" custom="readingOrder {index:0;}">
                <Coords points="153,209 177,216 199,202 221,205 221,137 205,137 201,140 173,118 153,118"/>
                <Baseline points="161,182 187,180 213,182"/>
                <TextEquiv>
                    <Unicode>8.</Unicode>
                </TextEquiv>
            </TextLine>
            <TextEquiv>
                <Unicode>8.</Unicode>
            </TextEquiv>
        </TextRegion>
        <TextRegion orientation="0.0" id="r2" custom="readingOrder {index:1;}">
            <Coords points="240,2018 240,2172 321,2172 321,2018"/>
            <TextLine id="r2l1" custom="readingOrder {index:0;}">
                <Coords points="230,2172 246,2170 255,2163 263,2166 293,2140 303,2139 309,2133 329,2136 331,2068 301,2072 279,2056 269,2057 246,2078 232,2077"/>
                <Baseline points="240,2118 267,2122 294,2121 321,2121"/>
                <TextEquiv>
                    <Unicode>9.</Unicode>
                </TextEquiv>
            </TextLine>
            <TextEquiv>
                <Unicode>9.</Unicode>
            </TextEquiv>
        </TextRegion>
        <TextRegion orientation="0.0" id="r3" custom="readingOrder {index:2;}">
            <Coords points="288,292 288,3567 1521,3567 1521,292"/>
            <TextLine id="r3l1" custom="readingOrder {index:0;} person {offset:3; length:13;} place {offset:21; length:6;}">
                <Coords points="281,322 397,319 465,372 703,344 1012,426 1278,408 1505,482 1513,405 1449,372 1215,348 1115,283 1047,325 808,243 702,285 293,201"/>
                <Baseline points="288,329 348,331 409,333 469,336 530,339 591,341 651,344 712,348 772,351 833,355 894,359 954,365 1015,371 1075,378 1136,385 1197,395 1257,406 1318,416 1378,429 1439,444 1500,461"/>
                <TextEquiv>
                    <Unicode>8. Susanna Fuchs von Rynach, die Kirchen</Unicode>
                </TextEquiv>
            </TextLine>
            <TextLine id="r3l2" custom="readingOrder {index:1;}">
                <Coords points="366,421 438,472 628,431 695,466 817,441 898,496 1060,455 1395,503 1442,544 1501,546 1505,512 1279,408 1153,394 1085,436 949,385 884,415 737,366 672,395 581,362 532,398 371,367"/>
                <Baseline points="375,411 433,416 492,420 551,423 610,426 669,430 728,432 787,435 846,438 905,441 963,446 1022,451 1081,457 1140,464 1199,471 1258,481 1317,493 1376,506 1435,520 1494,537"/>
                <TextEquiv>
                    <Unicode>28. Jahren Alters, Zeuget deß gleichen,</Unicode>
                </TextEquiv>
            </TextLine>
            <TextLine id="r3l3" custom="readingOrder {index:2;}">
                <Coords points="347,534 484,569 603,510 723,562 794,518 990,532 1150,609 1245,563 1528,629 1534,561 1469,574 1396,504 1276,479 1051,456 898,497 744,438 628,475 484,436 437,472 357,424"/>
                <Baseline points="357,503 415,503 473,504 531,506 589,507 648,509 706,512 764,513 822,517 880,521 939,526 997,530 1055,536 1113,543 1171,551 1230,560 1288,569 1346,580 1404,592 1462,605 1521,620"/>
                <TextEquiv>
                    <Unicode>daß seit liechtmeß, als es hier in dienstein</Unicode>
                </TextEquiv>
            </TextLine>
            <TextLine id="r3l4" custom="readingOrder {index:3;}">
                <Coords points="376,644 485,597 692,645 892,605 1090,628 1239,707 1331,661 1432,714 1512,699 1518,627 1244,563 1151,610 1055,538 702,574 630,508 486,569 386,528"/>
                <Baseline points="389,584 444,587 500,589 556,591 612,594 668,596 723,597 779,600 835,602 891,605 947,609 1002,613 1058,618 1114,624 1170,629 1226,637 1281,645 1337,655 1393,666 1449,678 1505,693"/>
                <TextEquiv>
                    <Unicode>seye, es an dem Mareyl. nicht dad</Unicode>
                </TextEquiv>
            </TextLine>
            <TextLine id="r3l5" custom="readingOrder {index:4;}">
                <Coords points="362,741 688,686 1499,776 1335,661 1241,707 756,613 526,664 370,646"/>
                <Baseline points="375,677 430,680 486,681 542,682 598,684 654,686 709,687 765,690 821,692 877,695 933,698 988,703 1044,706 1100,711 1156,719 1212,725 1267,734 1323,743 1379,753 1435,765 1491,779"/>
                <TextEquiv>
                    <Unicode>geringste Merckmall einer Schwan¬</Unicode>
                </TextEquiv>
            </TextLine>
            <TextLine id="r3l6" custom="readingOrder {index:5;}">
                <Coords points="348,838 526,811 580,848 723,781 1118,863 1254,818 1505,885 1511,798 1176,723 1007,779 852,701 761,748 549,710 479,754 355,739"/>
                <Baseline points="360,777 417,777 474,777 531,777 588,777 645,779 702,780 759,782 816,785 873,788 930,791 987,796 1044,800 1101,805 1158,811 1215,816 1272,824 1329,832 1386,839 1443,848 1500,858"/>
                <TextEquiv>
                    <Unicode>gerschafft gewahret, habe es alle Abend¬</Unicode>
                </TextEquiv>
            </TextLine>
            <TextLine id="r3l7" custom="readingOrder {index:6;}">
                <Coords points="357,890 524,876 615,933 859,881 975,920 1075,894 1502,987 1509,886 1072,872 713,780 579,847 518,817 360,853"/>
                <Baseline points="366,875 422,873 479,873 535,873 592,875 648,876 705,877 761,879 818,881 874,884 931,888 988,891 1044,895 1101,901 1157,906 1214,912 1270,919 1327,927 1383,935 1440,945 1497,954"/>
                <TextEquiv>
                    <Unicode>in dem Hembs allein gestehen, wird</Unicode>
                </TextEquiv>
            </TextLine>
            <TextLine id="r3l8" custom="readingOrder {index:7;}">
                <Coords points="374,978 525,976 571,1026 714,972 888,979 992,1056 1133,999 1455,1089 1524,1079 1530,997 1335,941 1241,960 1172,908 1022,970 896,892 545,952 380,883"/>
                <Baseline points="381,972 437,972 494,972 551,972 608,972 665,974 721,975 778,977 835,978 892,981 949,984 1005,988 1062,992 1119,998 1176,1003 1233,1009 1289,1017 1346,1026 1403,1036 1460,1046 1517,1058"/>
                <TextEquiv>
                    <Unicode>keinen großer Bauch bemercket, sey,</Unicode>
                </TextEquiv>
            </TextLine>
            <TextLine id="r3l9" custom="readingOrder {index:8;}">
                <Coords points="364,1115 962,1083 1248,1170 1508,1157 1512,1079 1458,1096 1385,1043 1192,1029 1129,1066 1048,1024 991,1057 875,986 797,1013 704,974 587,1035 529,980 476,1024 370,1007"/>
                <Baseline points="375,1070 431,1070 487,1071 543,1071 600,1071 656,1073 712,1074 768,1075 825,1077 881,1079 937,1081 993,1085 1050,1088 1106,1092 1162,1096 1218,1102 1275,1108 1331,1115 1387,1123 1443,1132 1500,1142"/>
                <TextEquiv>
                    <Unicode>seiner Wißens in der Nacht auch</Unicode>
                </TextEquiv>
            </TextLine>
            <TextLine id="r3l10" custom="readingOrder {index:9;}">
                <Coords points="352,1195 604,1192 720,1258 825,1200 945,1235 1033,1189 1333,1266 1421,1223 1500,1256 1504,1171 1254,1181 906,1090 528,1149 355,1129"/>
                <Baseline points="360,1169 416,1170 473,1172 529,1172 586,1173 643,1175 699,1176 756,1178 813,1179 869,1180 926,1182 983,1184 1039,1187 1096,1190 1153,1194 1209,1198 1266,1203 1323,1208 1379,1213 1436,1220 1493,1227"/>
                <TextEquiv>
                    <Unicode>niemahl aufgestanden, noch hinaus</Unicode>
                </TextEquiv>
            </TextLine>
            <TextLine id="r3l11" custom="readingOrder {index:10;}">
                <Coords points="351,1304 485,1265 603,1313 1106,1344 1181,1294 1462,1351 1503,1339 1507,1256 1332,1265 1284,1230 1222,1271 857,1209 713,1256 645,1216 464,1241 355,1207"/>
                <Baseline points="360,1268 416,1268 473,1269 530,1269 587,1271 644,1272 701,1274 757,1275 814,1277 871,1280 928,1282 985,1284 1042,1287 1099,1292 1155,1295 1212,1298 1269,1302 1326,1307 1383,1312 1440,1318 1497,1325"/>
                <TextEquiv>
                    <Unicode>gegangen, habe sich über keine Krau</Unicode>
                </TextEquiv>
            </TextLine>
            <TextLine id="r3l12" custom="readingOrder {index:11;}">
                <Coords points="339,1435 521,1381 642,1444 717,1386 828,1375 1006,1464 1182,1418 1461,1452 1480,1353 1406,1328 1235,1369 795,1303 753,1336 557,1287 342,1345"/>
                <Baseline points="348,1373 404,1371 460,1371 516,1371 572,1371 628,1371 684,1373 740,1374 796,1376 852,1378 909,1380 965,1383 1021,1385 1077,1388 1133,1391 1189,1394 1245,1397 1301,1400 1357,1402 1413,1404 1470,1407"/>
                <TextEquiv>
                    <Unicode>rheit beklaget, sonder seye allezeit</Unicode>
                </TextEquiv>
            </TextLine>
            <TextLine id="r3l13" custom="readingOrder {index:12;}">
                <Coords points="340,1505 722,1487 822,1536 932,1475 1044,1542 1248,1485 1370,1562 1461,1512 1519,1531 1521,1465 1295,1416 1000,1462 828,1375 642,1444 554,1387 342,1435"/>
                <Baseline points="348,1473 406,1472 464,1470 522,1470 580,1470 639,1471 697,1472 755,1473 813,1475 871,1476 930,1478 988,1481 1046,1482 1104,1485 1162,1487 1221,1491 1279,1493 1337,1496 1395,1499 1453,1502 1512,1505"/>
                <TextEquiv>
                    <Unicode>gesind und wohl auf gewesen, außert</Unicode>
                </TextEquiv>
            </TextLine>
            <TextLine id="r3l14" custom="readingOrder {index:13;}">
                <Coords points="349,1580 1468,1606 1434,1526 1351,1565 1212,1492 1064,1564 923,1481 803,1539 351,1502"/>
                <Baseline points="357,1575 412,1574 467,1574 522,1572 577,1572 633,1572 688,1572 743,1572 798,1572 853,1574 909,1575 964,1577 1019,1578 1074,1580 1129,1581 1185,1584 1240,1587 1295,1589 1350,1592 1405,1594 1461,1598"/>
                <TextEquiv>
                    <Unicode>die verlichene Wochen, da es ein Tag</Unicode>
                </TextEquiv>
            </TextLine>
            <TextLine id="r3l15" custom="readingOrder {index:14;}">
                <Coords points="343,1681 491,1685 563,1750 717,1680 1101,1729 1177,1687 1417,1717 1449,1658 1234,1639 1174,1587 1030,1660 907,1582 808,1615 622,1575 344,1617"/>
                <Baseline points="351,1679 405,1677 459,1676 514,1674 568,1674 623,1674 677,1674 732,1674 786,1674 841,1676 895,1677 949,1677 1004,1679 1058,1680 1113,1682 1167,1683 1222,1685 1276,1686 1331,1688 1385,1689 1440,1691"/>
                <TextEquiv>
                    <Unicode>über Kopf und Banch Schmerzen</Unicode>
                </TextEquiv>
            </TextLine>
            <TextLine id="r3l16" custom="readingOrder {index:15;}">
                <Coords points="340,1806 530,1778 710,1842 868,1797 1125,1779 1243,1822 1327,1777 1501,1785 1501,1722 1455,1700 1318,1729 1248,1690 1050,1761 722,1682 555,1758 340,1698"/>
                <Baseline points="348,1778 405,1778 462,1779 519,1779 577,1778 634,1778 691,1778 749,1778 806,1778 863,1778 921,1778 978,1778 1035,1778 1092,1778 1150,1778 1207,1778 1264,1778 1322,1779 1379,1779 1436,1781 1494,1782"/>
                <TextEquiv>
                    <Unicode>geklaget, seye aber auf den Abend¬</Unicode>
                </TextEquiv>
            </TextLine>
            <TextLine id="r3l17" custom="readingOrder {index:16;}">
                <Coords points="330,1889 657,1897 693,1933 817,1879 885,1923 1006,1880 1448,1895 1423,1786 1243,1822 866,1797 624,1863 396,1802 330,1823"/>
                <Baseline points="338,1886 393,1886 448,1884 503,1884 558,1884 613,1883 668,1883 723,1881 778,1881 833,1880 889,1880 944,1878 999,1878 1054,1877 1109,1877 1164,1877 1219,1877 1274,1877 1329,1877 1384,1877 1440,1878"/>
                <TextEquiv>
                    <Unicode>wieder ganz wohl worden, und</Unicode>
                </TextEquiv>
            </TextLine>
            <TextLine id="r3l18" custom="readingOrder {index:17;}">
                <Coords points="328,2017 465,1989 518,2027 613,1987 819,2049 963,1998 1034,2045 1134,1984 1261,1976 1349,2023 1507,1981 1489,1900 1418,1938 1263,1894 1174,1931 1047,1889 886,1922 820,1878 694,1933 580,1897 327,1924"/>
                <Baseline points="336,1989 394,1989 452,1989 510,1988 568,1988 627,1986 685,1985 743,1983 801,1982 859,1981 918,1980 976,1979 1034,1977 1092,1976 1150,1976 1209,1976 1267,1976 1325,1976 1383,1976 1441,1977 1500,1979"/>
                <TextEquiv>
                    <Unicode>habe seinen Dienst wie zuvor verrichtet.</Unicode>
                </TextEquiv>
            </TextLine>
            <TextLine id="r3l19" custom="readingOrder {index:18;} person {offset:0; length:10;} place {offset:15; length:8;}">
                <Coords points="362,2146 518,2189 748,2117 1011,2114 1072,2169 1187,2127 1319,2122 1368,2162 1507,2124 1506,2057 1403,2031 1071,2062 961,1998 788,2069 600,1997 519,2026 360,1998"/>
                <Baseline points="369,2123 425,2123 482,2123 538,2123 595,2123 651,2121 708,2121 764,2120 821,2120 877,2118 934,2117 991,2116 1047,2115 1104,2114 1160,2114 1217,2112 1273,2112 1330,2111 1386,2111 1443,2111 1500,2112"/>
                <TextEquiv>
                    <Unicode>David Gyot von Selangen, 31. Jahren</Unicode>
                </TextEquiv>
            </TextLine>
            <TextLine id="r3l20" custom="readingOrder {index:19;}">
                <Coords points="334,2252 412,2216 525,2247 808,2207 1105,2210 1183,2249 1265,2200 1459,2194 1458,2128 1383,2172 1318,2122 1251,2132 1167,2182 851,2123 513,2190 458,2146 332,2143"/>
                <Baseline points="341,2214 396,2213 452,2212 507,2211 563,2210 618,2208 674,2208 729,2207 785,2206 840,2205 896,2204 952,2204 1007,2202 1063,2201 1118,2201 1174,2199 1229,2198 1285,2196 1340,2195 1396,2193 1452,2192"/>
                <TextEquiv>
                    <Unicode>Alters, der Kommerdiener, Zeuget</Unicode>
                </TextEquiv>
            </TextLine>
            <TextLine id="r3l21" custom="readingOrder {index:20;}">
                <Coords points="328,2324 1005,2297 1297,2337 1382,2271 1471,2282 1460,2208 1287,2256 1228,2216 1116,2264 829,2213 626,2282 467,2213 327,2268"/>
                <Baseline points="336,2309 392,2307 448,2304 505,2303 561,2301 617,2300 674,2298 730,2297 786,2297 843,2295 899,2294 955,2294 1012,2291 1068,2290 1124,2289 1181,2286 1237,2285 1293,2281 1350,2279 1406,2274 1463,2270"/>
                <TextEquiv>
                    <Unicode>bey seinem gewißen. Daß sie</Unicode>
                </TextEquiv>
            </TextLine>
            <TextLine id="r3l22" custom="readingOrder {index:21;} person {offset:12; length:7;}">
                <Coords points="310,2420 738,2400 922,2442 1221,2370 1294,2402 1469,2382 1466,2296 1389,2271 1296,2338 726,2294 539,2377 309,2367"/>
                <Baseline points="318,2403 375,2402 432,2400 489,2399 546,2397 603,2396 660,2394 718,2393 775,2391 832,2389 889,2387 946,2385 1003,2384 1060,2381 1118,2379 1175,2376 1232,2374 1289,2370 1346,2368 1403,2364 1461,2361"/>
                <TextEquiv>
                    <Unicode>tung er das Mareyli gekennet, so</Unicode>
                </TextEquiv>
            </TextLine>
            <TextLine id="r3l23" custom="readingOrder {index:22;}">
                <Coords points="311,2543 379,2564 463,2500 577,2486 787,2522 953,2471 1192,2534 1351,2454 1469,2482 1467,2428 1303,2394 1177,2436 1012,2394 887,2457 738,2400 306,2422"/>
                <Baseline points="317,2498 374,2496 431,2493 488,2491 545,2489 602,2487 659,2485 717,2483 774,2481 831,2479 888,2477 945,2475 1002,2472 1059,2471 1117,2468 1174,2465 1231,2463 1288,2460 1345,2457 1402,2454 1460,2450"/>
                <TextEquiv>
                    <Unicode>wohl draußen im Lohne, als hier in</Unicode>
                </TextEquiv>
            </TextLine>
            <TextLine id="r3l24" custom="readingOrder {index:23;}">
                <Coords points="323,2629 700,2589 849,2636 1187,2554 1413,2569 1475,2549 1473,2501 1356,2453 1192,2540 1135,2493 961,2471 839,2538 665,2549 512,2498 409,2567 320,2567"/>
                <Baseline points="330,2592 386,2591 443,2589 500,2588 557,2586 614,2585 671,2583 727,2581 784,2579 841,2576 898,2574 955,2571 1012,2568 1069,2566 1125,2562 1182,2559 1239,2555 1296,2552 1353,2546 1410,2543 1467,2538"/>
                <TextEquiv>
                    <Unicode>der Stadt, er nichts verdächtiget an</Unicode>
                </TextEquiv>
            </TextLine>
            <TextLine id="r3l25" custom="readingOrder {index:24;}">
                <Coords points="313,2717 1048,2672 1113,2720 1257,2649 1447,2669 1443,2599 1316,2555 844,2636 643,2646 518,2601 441,2645 309,2632"/>
                <Baseline points="320,2693 375,2691 431,2688 487,2687 543,2685 599,2682 655,2681 710,2678 766,2676 822,2673 878,2670 934,2667 990,2665 1046,2661 1101,2658 1157,2655 1213,2651 1269,2647 1325,2643 1381,2639 1437,2634"/>
                <TextEquiv>
                    <Unicode>ihme wahrgenommen, noch daß es vor¬</Unicode>
                </TextEquiv>
            </TextLine>
            <TextLine id="r3l26" custom="readingOrder {index:25;}">
                <Coords points="296,2804 847,2782 934,2813 1038,2753 1459,2747 1455,2689 1301,2664 1111,2721 1034,2683 699,2738 581,2693 511,2754 352,2717 292,2742"/>
                <Baseline points="303,2796 360,2793 417,2791 474,2787 532,2785 589,2782 646,2779 704,2776 761,2772 818,2769 876,2766 933,2762 990,2759 1047,2755 1105,2751 1162,2748 1219,2744 1277,2739 1334,2735 1391,2732 1449,2727"/>
                <TextEquiv>
                    <Unicode>Mannsbilderen besucht werde, wider</Unicode>
                </TextEquiv>
            </TextLine>
            <TextLine id="r3l27" custom="readingOrder {index:26;}">
                <Coords points="294,2918 580,2882 835,2922 1076,2855 1163,2883 1451,2821 1447,2761 1252,2733 1094,2804 1021,2764 921,2831 780,2788 289,2845"/>
                <Baseline points="300,2892 357,2891 414,2887 471,2884 528,2881 585,2878 642,2875 700,2873 757,2870 814,2865 871,2863 928,2859 985,2856 1042,2852 1100,2848 1157,2843 1214,2838 1271,2834 1328,2829 1385,2823 1443,2817"/>
                <TextEquiv>
                    <Unicode>habe sich still aufgeführt, seinen</Unicode>
                </TextEquiv>
            </TextLine>
            <TextLine id="r3l28" custom="readingOrder {index:27;}">
                <Coords points="303,3055 606,2999 807,3031 915,2954 1131,2941 1222,2992 1309,2926 1469,2917 1462,2805 1077,2909 974,2861 825,2933 747,2890 690,2928 592,2902 527,2954 380,2895 294,2933"/>
                <Baseline points="306,2990 363,2987 421,2982 479,2978 536,2975 594,2971 652,2968 709,2965 767,2961 825,2958 883,2954 940,2951 998,2947 1056,2943 1113,2939 1171,2934 1229,2929 1286,2922 1344,2916 1402,2910 1460,2903"/>
                <TextEquiv>
                    <Unicode>dienst wohl verrichtet, dabey seye es</Unicode>
                </TextEquiv>
            </TextLine>
            <TextLine id="r3l29" custom="readingOrder {index:28;}">
                <Coords points="292,3127 387,3080 582,3146 769,3050 908,3041 1034,3096 1094,3038 1471,3025 1463,2925 1015,3021 615,3004 287,3061"/>
                <Baseline points="297,3083 355,3081 413,3077 471,3074 529,3072 587,3069 645,3066 704,3063 762,3059 820,3057 878,3053 936,3048 994,3045 1052,3040 1111,3034 1169,3028 1227,3021 1285,3014 1343,3006 1401,2996 1460,2987"/>
                <TextEquiv>
                    <Unicode>gestund gewesen und habe von allen</Unicode>
                </TextEquiv>
            </TextLine>
            <TextLine id="r3l30" custom="readingOrder {index:29;}">
                <Coords points="297,3235 362,3188 570,3167 731,3197 909,3149 1440,3124 1453,3042 1094,3038 990,3109 887,3132 755,3095 681,3148 387,3080 289,3128"/>
                <Baseline points="300,3180 357,3179 414,3177 472,3174 529,3173 587,3171 644,3168 701,3165 759,3162 816,3159 874,3156 931,3150 988,3146 1046,3140 1103,3134 1161,3129 1218,3123 1275,3114 1333,3107 1390,3099 1448,3089"/>
                <TextEquiv>
                    <Unicode>Speisten geeßen. Actum den</Unicode>
                </TextEquiv>
            </TextLine>
            <TextLine id="r3l31" custom="readingOrder {index:30;}">
                <Coords points="305,3305 396,3319 492,3270 613,3319 663,3290 695,3310 851,3252 847,3170 575,3212 534,3183 485,3202 393,3191 301,3230"/>
                <Baseline points="311,3269 337,3268 364,3265 390,3263 417,3261 444,3260 470,3258 497,3256 523,3255 550,3254 577,3252 603,3251 630,3249 656,3248 683,3247 710,3245 736,3245 763,3243 789,3242 816,3242 843,3240"/>
                <TextEquiv>
                    <Unicode>16. Marii 1769.</Unicode>
                </TextEquiv>
            </TextLine>
            <TextLine id="r3l32" custom="readingOrder {index:31;} person {offset:22; length:7; continued:true;}">
                <Coords points="285,3456 390,3401 490,3457 637,3395 1318,3379 1434,3320 1429,3249 1247,3298 1126,3245 819,3332 657,3295 543,3338 454,3291 278,3344"/>
                <Baseline points="290,3417 346,3412 403,3407 460,3404 517,3399 574,3395 631,3392 687,3390 744,3387 801,3384 858,3381 915,3378 972,3375 1029,3372 1085,3368 1142,3363 1199,3359 1256,3354 1313,3348 1370,3342 1427,3335"/>
                <TextEquiv>
                    <Unicode>zugleich würde dieses Mareyli</Unicode>
                </TextEquiv>
            </TextLine>
            <TextLine id="r3l33" custom="readingOrder {index:32;} person {offset:0; length:6; continued:true;}">
                <Coords points="316,3561 429,3561 566,3487 920,3531 1030,3487 1153,3520 1232,3477 1289,3509 1427,3412 1420,3343 1237,3418 1129,3376 1080,3415 879,3393 820,3437 649,3395 490,3455 392,3403 307,3443"/>
                <Baseline points="320,3516 377,3510 435,3504 493,3499 551,3494 609,3489 667,3486 724,3482 782,3478 840,3474 898,3471 956,3466 1014,3462 1071,3457 1129,3452 1187,3447 1245,3441 1303,3434 1361,3425 1419,3417"/>
                <TextEquiv>
                    <Unicode>Burger Kleider Schafft durch suchet,</Unicode>
                </TextEquiv>
            </TextLine>
            <TextLine id="r3l34" custom="readingOrder {index:33;}">
                <Coords points="1249,3568 1267,3565 1295,3580 1308,3571 1340,3585 1377,3563 1389,3570 1413,3568 1392,3444 1364,3436 1355,3440 1314,3493 1262,3525 1242,3528"/>
                <Baseline points="1253,3545 1282,3537 1311,3530 1340,3525 1369,3522 1398,3522"/>
                <TextEquiv>
                    <Unicode>und</Unicode>
                </TextEquiv>
            </TextLine>
            <TextEquiv>
                <Unicode>8. Susanna Fuchs von Rynach, die Kirchen
28. Jahren Alters, Zeuget deß gleichen,
daß seit liechtmeß, als es hier in dienstein
seye, es an dem Mareyl. nicht dad
geringste Merckmall einer Schwan¬
gerschafft gewahret, habe es alle Abend¬
in dem Hembs allein gestehen, wird
keinen großer Bauch bemercket, sey,
seiner Wißens in der Nacht auch
niemahl aufgestanden, noch hinaus
gegangen, habe sich über keine Krau
rheit beklaget, sonder seye allezeit
gesind und wohl auf gewesen, außert
die verlichene Wochen, da es ein Tag
über Kopf und Banch Schmerzen
geklaget, seye aber auf den Abend¬
wieder ganz wohl worden, und
habe seinen Dienst wie zuvor verrichtet.
David Gyot von Selangen, 31. Jahren
Alters, der Kommerdiener, Zeuget
bey seinem gewißen. Daß sie
tung er das Mareyli gekennet, so
wohl draußen im Lohne, als hier in
der Stadt, er nichts verdächtiget an
ihme wahrgenommen, noch daß es vor¬
Mannsbilderen besucht werde, wider
habe sich still aufgeführt, seinen
dienst wohl verrichtet, dabey seye es
gestund gewesen und habe von allen
Speisten geeßen. Actum den
16. Marii 1769.
zugleich würde dieses Mareyli
Burger Kleider Schafft durch suchet,
und</Unicode>
            </TextEquiv>
        </TextRegion>
        <TextRegion orientation="0.0" id="r4" custom="readingOrder {index:3;}">
            <Coords points="1655,739 1655,895 1739,895 1739,739"/>
            <TextLine id="r4l1" custom="readingOrder {index:0;}">
                <Coords points="1648,853 1662,855 1681,845 1707,857 1718,849 1734,853 1748,851 1746,794 1737,794 1715,777 1706,778 1699,773 1675,794 1647,796"/>
                <Baseline points="1655,845 1683,839 1711,840 1739,842"/>
                <TextEquiv>
                    <Unicode>10.</Unicode>
                </TextEquiv>
            </TextLine>
            <TextEquiv>
                <Unicode>10.</Unicode>
            </TextEquiv>
        </TextRegion>
        <TextRegion orientation="0.0" id="r5" custom="readingOrder {index:4;}">
            <Coords points="1710,168 1710,3585 2993,3585 2993,168"/>
            <TextLine id="r5l1" custom="readingOrder {index:0;}">
                <Coords points="2863,248 2882,242 2896,228 2913,232 2922,227 2933,235 2947,226 2959,237 2966,236 2961,160 2947,164 2939,157 2930,161 2922,158 2887,170 2872,180 2858,180"/>
                <Baseline points="2868,219 2897,214 2927,213 2957,212"/>
                <TextEquiv>
                    <Unicode>9.</Unicode>
                </TextEquiv>
            </TextLine>
            <TextLine id="r5l2" custom="readingOrder {index:1;}">
                <Coords points="1762,503 2912,439 2929,329 2824,367 2542,319 2428,370 2304,341 2140,395 1906,358 1758,432"/>
                <Baseline points="1769,491 1826,486 1884,481 1942,477 2000,474 2058,470 2116,467 2174,465 2232,462 2290,459 2348,457 2405,455 2463,452 2521,450 2579,447 2637,443 2695,439 2753,435 2811,429 2869,424 2927,417"/>
                <TextEquiv>
                    <Unicode>und darin drey mit Glück befleibte</Unicode>
                </TextEquiv>
            </TextLine>
            <TextLine id="r5l3" custom="readingOrder {index:2;}">
                <Coords points="1743,604 1921,548 2081,597 2218,540 2464,528 2519,568 2638,513 3002,496 2999,451 2872,435 2660,487 2317,460 2052,522 1989,486 1738,515"/>
                <Baseline points="1749,564 1811,559 1873,554 1935,549 1997,545 2060,542 2122,539 2184,536 2246,533 2308,530 2371,527 2433,524 2495,521 2557,518 2619,515 2682,510 2744,506 2806,501 2868,496 2930,489 2993,482"/>
                <TextEquiv>
                    <Unicode>Hembden gefunden, die zu genauerer</Unicode>
                </TextEquiv>
            </TextLine>
            <TextLine id="r5l4" custom="readingOrder {index:3;}">
                <Coords points="1769,659 1876,682 1986,619 2080,669 2269,625 2375,659 2641,600 2742,639 2872,576 2986,580 2982,504 2869,539 2635,514 2516,570 2436,529 2354,566 2219,541 2083,598 1987,555 1765,593"/>
                <Baseline points="1776,639 1836,635 1896,630 1956,626 2016,623 2076,618 2136,615 2196,612 2256,610 2316,606 2377,603 2437,600 2497,597 2557,593 2617,590 2677,586 2737,581 2797,577 2857,571 2917,566 2978,560"/>
                <TextEquiv>
                    <Unicode>Besichtigung Herrn Operator Kuhn über¬</Unicode>
                </TextEquiv>
            </TextLine>
            <TextLine id="r5l5" custom="readingOrder {index:4;}">
                <Coords points="1747,750 1849,732 1880,752 1921,726 1959,736 2015,714 2282,727 2276,633 2212,631 2189,650 2144,629 2081,671 1985,619 1876,681 1813,649 1741,655"/>
                <Baseline points="1754,725 1781,721 1808,718 1835,715 1863,713 1890,710 1917,708 1945,705 1972,703 1999,701 2027,699 2054,698 2081,696 2109,695 2136,694 2163,693 2191,693 2218,692 2245,692 2273,692"/>
                <TextEquiv>
                    <Unicode>bracht worden.</Unicode>
                </TextEquiv>
            </TextLine>
            <TextLine id="r5l6" custom="readingOrder {index:5;} person {offset:0; length:24;}">
                <Coords points="1749,855 1947,861 2013,806 2095,850 2358,810 2804,829 2915,715 2723,749 2453,728 2352,776 2261,726 2174,773 1991,718 1931,761 1745,749"/>
                <Baseline points="1757,842 1814,839 1872,837 1929,836 1987,834 2045,833 2102,831 2160,828 2218,827 2275,825 2333,823 2391,821 2448,819 2506,817 2564,815 2621,812 2679,809 2737,805 2794,802 2852,798 2910,794"/>
                <TextEquiv>
                    <Unicode>Mache Bernhard von Haßle, 3)</Unicode>
                </TextEquiv>
            </TextLine>
            <TextLine id="r5l7" custom="readingOrder {index:6;}">
                <Coords points="1728,955 2171,900 2400,896 2486,945 2683,889 2773,928 2826,882 2980,877 2978,829 2129,825 1724,876"/>
                <Baseline points="1734,924 1795,921 1857,918 1919,916 1981,914 2043,912 2105,911 2167,909 2229,908 2291,906 2353,905 2414,903 2476,902 2538,899 2600,896 2662,892 2724,889 2786,884 2848,878 2910,872 2972,864"/>
                <TextEquiv>
                    <Unicode>Jahren Alters Köchen bey H. Com̅issario</Unicode>
                </TextEquiv>
            </TextLine>
            <TextLine id="r5l8" custom="readingOrder {index:7;} place {offset:4; length:6;}">
                <Coords points="1732,1018 2360,985 2466,1016 2521,983 2706,1027 2968,960 2967,920 2720,897 2483,945 2399,894 1730,952"/>
                <Baseline points="1740,1010 1801,1005 1862,1002 1923,999 1984,997 2045,995 2106,993 2167,992 2228,990 2289,987 2350,986 2411,984 2472,983 2533,980 2594,977 2655,974 2716,971 2777,967 2838,962 2899,958 2960,951"/>
                <TextEquiv>
                    <Unicode>von Muralt sant aus, nach beschehenen</Unicode>
                </TextEquiv>
            </TextLine>
            <TextLine id="r5l9" custom="readingOrder {index:8;}">
                <Coords points="1737,1126 1802,1116 1871,1151 1937,1108 2063,1145 2184,1096 2315,1142 2391,1083 2557,1089 2554,996 2405,1017 2362,985 2199,991 2087,1031 1975,1007 1925,1043 1826,1009 1732,1017"/>
                <Baseline points="1743,1092 1783,1091 1823,1088 1863,1086 1904,1084 1944,1082 1984,1080 2025,1079 2065,1076 2105,1074 2146,1073 2186,1071 2226,1070 2266,1068 2307,1067 2347,1067 2387,1065 2428,1065 2468,1064 2508,1064 2549,1064"/>
                <TextEquiv>
                    <Unicode>Vermahnung zur Wahrheit.</Unicode>
                </TextEquiv>
            </TextLine>
            <TextLine id="r5l10" custom="readingOrder {index:9;} person {offset:18; length:13;}">
                <Coords points="1734,1265 2068,1208 2935,1177 2932,1095 2847,1132 2686,1082 2519,1128 2448,1088 2298,1150 2226,1113 2018,1158 1730,1139"/>
                <Baseline points="1740,1214 1799,1211 1858,1208 1918,1206 1977,1203 2036,1202 2096,1200 2155,1199 2214,1197 2274,1196 2333,1195 2392,1194 2452,1191 2511,1190 2570,1188 2630,1187 2689,1185 2748,1182 2808,1179 2867,1176 2927,1172"/>
                <TextEquiv>
                    <Unicode>Es habe neben dem Mareyli Jungi von</Unicode>
                </TextEquiv>
            </TextLine>
            <TextLine id="r5l11" custom="readingOrder {index:10;}">
                <Coords points="1745,1341 1840,1293 2190,1323 2399,1277 2652,1322 2753,1266 2953,1270 2951,1191 2877,1221 2614,1189 2482,1251 2395,1208 1743,1265"/>
                <Baseline points="1751,1298 1810,1294 1870,1290 1930,1287 1989,1286 2049,1284 2109,1281 2168,1281 2228,1280 2288,1278 2348,1278 2407,1277 2467,1275 2527,1275 2586,1274 2646,1272 2706,1269 2765,1267 2825,1264 2885,1262 2945,1257"/>
                <TextEquiv>
                    <Unicode>verlachenen Meyen wegg bei der nicht tenieß</Unicode>
                </TextEquiv>
            </TextLine>
            <TextLine id="r5l12" custom="readingOrder {index:11;} person {offset:14; length:16;}">
                <Coords points="1749,1439 1932,1375 1995,1410 2122,1373 2237,1433 2412,1369 2733,1398 2938,1358 2936,1296 2770,1280 2652,1321 2401,1278 2121,1345 2016,1293 1985,1324 1891,1298 1746,1341"/>
                <Baseline points="1755,1380 1813,1377 1872,1374 1931,1373 1990,1371 2048,1370 2107,1368 2166,1367 2225,1365 2283,1365 2342,1364 2401,1362 2460,1362 2518,1361 2577,1358 2636,1356 2695,1355 2753,1352 2812,1348 2871,1345 2930,1340"/>
                <TextEquiv>
                    <Unicode>bey Junckherr Obrist Tscharner so wohl</Unicode>
                </TextEquiv>
            </TextLine>
            <TextLine id="r5l13" custom="readingOrder {index:12;} place {offset:3; length:8;}">
                <Coords points="1753,1485 1810,1468 1872,1514 2025,1480 2076,1514 2369,1461 2586,1504 2858,1437 2935,1467 2932,1365 2831,1413 2766,1373 2685,1410 2610,1367 2408,1371 2257,1435 2065,1371 1989,1418 1941,1375 1751,1434"/>
                <Baseline points="1760,1469 1818,1466 1876,1464 1935,1461 1993,1460 2051,1458 2110,1456 2168,1454 2226,1452 2285,1451 2343,1449 2401,1447 2460,1446 2518,1443 2576,1442 2635,1440 2693,1439 2751,1436 2810,1434 2868,1431 2927,1428"/>
                <TextEquiv>
                    <Unicode>im Lohnsald hier in der Stadt gedienet;</Unicode>
                </TextEquiv>
            </TextLine>
            <TextLine id="r5l14" custom="readingOrder {index:13;}">
                <Coords points="1751,1595 1971,1615 2148,1544 2297,1579 2479,1529 2912,1536 2943,1493 2861,1499 2796,1450 2679,1506 2435,1467 2033,1524 1900,1486 1861,1523 1747,1486"/>
                <Baseline points="1757,1556 1819,1553 1881,1551 1943,1548 2005,1546 2067,1544 2129,1542 2191,1539 2253,1538 2315,1536 2377,1535 2439,1532 2501,1530 2563,1529 2625,1527 2687,1526 2749,1524 2811,1523 2873,1520 2936,1518"/>
                <TextEquiv>
                    <Unicode>es bezeuge aber, daß es an dem¬</Unicode>
                </TextEquiv>
            </TextLine>
            <TextLine id="r5l15" custom="readingOrder {index:14;}">
                <Coords points="1738,1676 1831,1648 2029,1696 2286,1645 2384,1691 2672,1615 2908,1622 2906,1572 2646,1571 2562,1524 2308,1580 2131,1542 2000,1615 1737,1621"/>
                <Baseline points="1746,1647 1803,1644 1861,1642 1919,1640 1976,1637 2034,1634 2092,1632 2149,1630 2207,1628 2265,1626 2323,1625 2380,1623 2438,1622 2496,1620 2553,1619 2611,1617 2669,1616 2726,1614 2784,1613 2842,1611 2900,1610"/>
                <TextEquiv>
                    <Unicode>selben nichts verdächtiges wahrge¬</Unicode>
                </TextEquiv>
            </TextLine>
            <TextLine id="r5l16" custom="readingOrder {index:15;}">
                <Coords points="1733,1757 1952,1736 2184,1793 2297,1721 2912,1731 2959,1721 2956,1637 2870,1621 2662,1693 2266,1655 1931,1713 1861,1670 1732,1716"/>
                <Baseline points="1740,1743 1800,1739 1861,1736 1921,1733 1982,1731 2042,1728 2103,1726 2163,1724 2224,1722 2284,1721 2345,1718 2406,1718 2466,1716 2527,1714 2587,1713 2648,1712 2708,1710 2769,1709 2829,1706 2890,1704 2951,1703"/>
                <TextEquiv>
                    <Unicode>nommen, noch daß es ein ausgelaßen,</Unicode>
                </TextEquiv>
            </TextLine>
            <TextLine id="r5l17" custom="readingOrder {index:16;} person {offset:24; length:9; continued:true;}">
                <Coords points="1736,1842 2196,1890 2335,1840 2501,1869 2576,1819 2949,1821 2947,1721 2698,1709 2559,1779 2251,1747 2183,1794 1870,1735 1734,1756"/>
                <Baseline points="1743,1833 1806,1829 1869,1827 1932,1824 1995,1823 2058,1821 2121,1820 2184,1818 2247,1818 2310,1817 2374,1817 2437,1815 2500,1814 2563,1813 2626,1812 2689,1811 2752,1809 2815,1806 2878,1804 2942,1800"/>
                <TextEquiv>
                    <Unicode>mes leben geführt, oder Mans Bil¬</Unicode>
                </TextEquiv>
            </TextLine>
            <TextLine id="r5l18" custom="readingOrder {index:17;} person {offset:0; length:3; continued:true;}">
                <Coords points="1735,1942 1989,1920 2083,1976 2281,1909 2653,1972 2776,1919 2955,1927 2954,1832 2882,1811 2800,1861 2613,1817 2497,1870 2335,1840 2262,1889 1734,1840"/>
                <Baseline points="1743,1926 1803,1924 1863,1922 1923,1920 1984,1919 2044,1917 2104,1917 2164,1916 2225,1916 2285,1916 2345,1914 2405,1914 2466,1914 2526,1913 2586,1913 2646,1911 2707,1910 2767,1908 2827,1907 2887,1905 2948,1901"/>
                <TextEquiv>
                    <Unicode>der eingezogen habe. Als sie aber</Unicode>
                </TextEquiv>
            </TextLine>
            <TextLine id="r5l19" custom="readingOrder {index:18;}">
                <Coords points="1738,2036 1908,2076 2020,2025 2244,2021 2311,2069 2410,2026 2671,2058 2785,2011 2960,2021 2959,1946 2908,1936 2379,1980 2280,1911 2089,1979 1989,1920 1846,1971 1737,1941"/>
                <Baseline points="1745,2021 1805,2018 1865,2017 1925,2015 1986,2014 2046,2013 2106,2013 2167,2012 2227,2012 2287,2012 2348,2012 2408,2012 2468,2010 2528,2010 2589,2010 2649,2010 2709,2009 2770,2009 2830,2007 2890,2005 2951,2003"/>
                <TextEquiv>
                    <Unicode>den letzten Sonstag vor dem Martices</Unicode>
                </TextEquiv>
            </TextLine>
            <TextLine id="r5l20" custom="readingOrder {index:19;}">
                <Coords points="1732,2134 2256,2115 2385,2167 2440,2120 2549,2119 2700,2176 2784,2126 2893,2136 2893,2048 2303,2077 2260,2042 2196,2093 2148,2051 2068,2096 1944,2051 1732,2074"/>
                <Baseline points="1739,2115 1796,2115 1853,2115 1910,2115 1968,2115 2025,2115 2082,2115 2140,2115 2197,2114 2254,2114 2312,2115 2369,2115 2426,2115 2483,2115 2541,2115 2598,2115 2655,2117 2713,2117 2770,2117 2827,2118 2885,2118"/>
                <TextEquiv>
                    <Unicode>Märit in die Stadt gekommen, habe</Unicode>
                </TextEquiv>
            </TextLine>
            <TextLine id="r5l21" custom="readingOrder {index:20;}">
                <Coords points="1744,2240 2010,2264 2136,2208 2336,2270 2408,2228 2690,2213 2805,2278 2918,2246 2919,2142 2715,2191 2601,2124 2463,2129 2318,2192 2172,2124 2128,2155 1744,2137"/>
                <Baseline points="1752,2208 1809,2210 1867,2210 1925,2211 1983,2211 2041,2211 2099,2211 2157,2211 2215,2211 2273,2211 2331,2211 2388,2211 2446,2210 2504,2210 2562,2210 2620,2210 2678,2210 2736,2211 2794,2211 2852,2213 2910,2214"/>
                <TextEquiv>
                    <Unicode>es so gleich sagen gehört, man mich¬</Unicode>
                </TextEquiv>
            </TextLine>
            <TextLine id="r5l22" custom="readingOrder {index:21;} person {offset:10; length:7;}">
                <Coords points="1740,2339 2132,2327 2311,2378 2361,2342 2479,2379 2604,2336 2760,2383 2870,2331 2935,2353 2935,2297 2806,2293 2716,2230 2374,2290 2119,2221 2034,2289 1916,2240 1740,2288"/>
                <Baseline points="1748,2310 1807,2309 1866,2309 1925,2309 1984,2309 2043,2310 2102,2310 2161,2310 2220,2310 2279,2312 2338,2312 2397,2312 2456,2313 2515,2313 2574,2314 2633,2315 2692,2315 2751,2316 2810,2316 2869,2316 2928,2316"/>
                <TextEquiv>
                    <Unicode>mäße, das Mareyli seye schwänger</Unicode>
                </TextEquiv>
            </TextLine>
            <TextLine id="r5l23" custom="readingOrder {index:22;}">
                <Coords points="1730,2458 2075,2408 2517,2429 2765,2494 2894,2433 2875,2376 2775,2391 2605,2337 2482,2380 2112,2325 2017,2362 1894,2312 1733,2341"/>
                <Baseline points="1740,2402 1797,2402 1854,2403 1911,2403 1969,2403 2026,2405 2083,2405 2141,2406 2198,2408 2255,2409 2313,2411 2370,2412 2427,2414 2484,2415 2542,2417 2599,2418 2656,2420 2714,2421 2771,2423 2828,2424 2886,2426"/>
                <TextEquiv>
                    <Unicode>Solches habe es etwann 10. tag hernach.</Unicode>
                </TextEquiv>
            </TextLine>
            <TextLine id="r5l24" custom="readingOrder {index:23;}">
                <Coords points="1732,2503 2105,2535 2357,2508 2477,2581 2586,2518 2634,2549 2911,2536 2912,2488 2850,2467 2772,2499 2523,2430 2422,2468 2250,2461 2157,2412 2029,2450 1929,2408 1733,2466"/>
                <Baseline points="1739,2496 1797,2496 1855,2498 1913,2499 1972,2499 2030,2501 2088,2501 2146,2502 2205,2502 2263,2504 2321,2505 2379,2507 2438,2507 2496,2508 2554,2510 2612,2512 2671,2514 2729,2517 2787,2519 2845,2522 2904,2525"/>
                <TextEquiv>
                    <Unicode>uus dem Anlas, weilen daßelbe über</Unicode>
                </TextEquiv>
            </TextLine>
            <TextLine id="r5l25" custom="readingOrder {index:24;} person {offset:0; length:5;}">
                <Coords points="1743,2615 1862,2656 1944,2606 2015,2649 2219,2599 2281,2646 2475,2604 2915,2640 2916,2603 2731,2536 2555,2533 2429,2588 2278,2521 2029,2515 1936,2566 1746,2510"/>
                <Baseline points="1752,2588 1809,2589 1867,2591 1925,2592 1983,2594 2040,2595 2098,2597 2156,2597 2214,2598 2271,2599 2329,2600 2387,2601 2445,2603 2502,2603 2560,2605 2618,2607 2676,2609 2733,2612 2791,2615 2849,2618 2907,2621"/>
                <TextEquiv>
                    <Unicode>Colie geklaget, der Frau Oberstin ge¬</Unicode>
                </TextEquiv>
            </TextLine>
            <TextLine id="r5l26" custom="readingOrder {index:25;}">
                <Coords points="1731,2750 1839,2709 1911,2745 1963,2702 2098,2761 2284,2699 2597,2706 2754,2776 2849,2712 2939,2725 2940,2677 2650,2606 2476,2616 2375,2679 2239,2606 1991,2656 1733,2621"/>
                <Baseline points="1740,2684 1799,2685 1859,2687 1918,2688 1978,2688 2037,2690 2097,2690 2156,2691 2216,2691 2275,2693 2335,2693 2395,2694 2454,2694 2514,2696 2573,2697 2633,2699 2692,2702 2752,2704 2811,2707 2871,2709 2931,2714"/>
                <TextEquiv>
                    <Unicode>loßenbahret, die ihme aber darauf ge¬</Unicode>
                </TextEquiv>
            </TextLine>
            <TextLine id="r5l27" custom="readingOrder {index:26;}">
                <Coords points="1734,2796 2125,2792 2191,2846 2475,2799 2558,2870 2888,2802 2890,2719 2748,2777 2616,2709 2395,2779 2099,2762 1970,2705 1735,2754"/>
                <Baseline points="1743,2781 1799,2783 1856,2785 1913,2786 1970,2787 2027,2789 2084,2790 2140,2790 2197,2792 2254,2793 2311,2793 2368,2795 2425,2796 2482,2796 2538,2798 2595,2799 2652,2801 2709,2802 2766,2804 2823,2806 2880,2808"/>
                <TextEquiv>
                    <Unicode>antwortet, man müße nicht alles</Unicode>
                </TextEquiv>
            </TextLine>
            <TextLine id="r5l28" custom="readingOrder {index:27;}">
                <Coords points="1731,2906 2153,2878 2331,2933 2443,2883 2810,2928 2865,2919 2868,2819 2652,2875 2555,2871 2453,2801 2365,2870 2225,2818 2190,2846 2115,2791 1971,2839 1858,2796 1732,2843"/>
                <Baseline points="1739,2877 1797,2877 1856,2879 1915,2879 1974,2880 2033,2880 2092,2882 2151,2883 2210,2884 2269,2885 2327,2886 2386,2888 2445,2891 2504,2892 2563,2895 2622,2897 2681,2900 2740,2903 2799,2908 2858,2912"/>
                <TextEquiv>
                    <Unicode>glauben, was die kent sagen: Von</Unicode>
                </TextEquiv>
            </TextLine>
            <TextLine id="r5l29" custom="readingOrder {index:28;}">
                <Coords points="1731,2996 1797,2976 1905,3039 2005,2983 2197,2975 2249,3020 2411,3008 2574,3066 2777,3014 2843,3072 2939,3036 2942,2942 2873,2971 2714,2913 2401,2889 2138,2956 1978,2898 1898,2940 1733,2914"/>
                <Baseline points="1740,2973 1799,2973 1859,2975 1918,2975 1978,2976 2038,2978 2097,2979 2157,2981 2217,2982 2276,2984 2336,2985 2396,2987 2455,2990 2515,2991 2575,2994 2634,2996 2694,2998 2754,3001 2813,3004 2873,3007 2933,3009"/>
                <TextEquiv>
                    <Unicode>dieser Zeit an habe es Dept. nicht mehr</Unicode>
                </TextEquiv>
            </TextLine>
            <TextLine id="r5l30" custom="readingOrder {index:29;}">
                <Coords points="1710,3091 2112,3084 2237,3155 2432,3116 2497,3165 2600,3123 2927,3157 2929,3079 2629,3030 2575,3068 2266,3042 2195,2978 1905,3040 1795,2974 1712,3012"/>
                <Baseline points="1719,3068 1779,3069 1839,3071 1899,3072 1959,3074 2019,3075 2079,3077 2139,3078 2199,3079 2259,3080 2320,3082 2380,3084 2440,3086 2500,3087 2560,3090 2620,3092 2680,3095 2740,3099 2800,3102 2860,3106 2921,3111"/>
                <TextEquiv>
                    <Unicode>davon geredet, ob schon es solches noch</Unicode>
                </TextEquiv>
            </TextLine>
            <TextLine id="r5l31" custom="readingOrder {index:30;}">
                <Coords points="1702,3205 2058,3172 2755,3271 2947,3221 2910,3167 2707,3177 2601,3125 2495,3167 2433,3116 2211,3156 2155,3110 1908,3077 1705,3113"/>
                <Baseline points="1710,3168 1771,3167 1832,3167 1894,3167 1955,3167 2017,3167 2078,3168 2140,3170 2201,3171 2263,3173 2324,3176 2385,3177 2447,3181 2508,3183 2570,3187 2631,3190 2693,3194 2754,3197 2816,3200 2877,3203 2939,3206"/>
                <TextEquiv>
                    <Unicode>zu verschiedenen mahlen Tagen ge¬</Unicode>
                </TextEquiv>
            </TextLine>
            <TextLine id="r5l32" custom="readingOrder {index:31;}">
                <Coords points="1729,3293 1951,3265 2023,3320 2271,3279 2536,3353 2622,3295 2759,3299 2893,3352 2895,3285 2684,3273 2619,3228 2228,3232 2054,3171 1967,3235 1839,3185 1732,3207"/>
                <Baseline points="1737,3261 1794,3263 1851,3264 1909,3266 1966,3267 2024,3269 2081,3270 2139,3272 2196,3273 2254,3275 2311,3276 2368,3279 2426,3281 2483,3284 2541,3286 2598,3289 2656,3292 2713,3295 2771,3299 2828,3303 2886,3306"/>
                <TextEquiv>
                    <Unicode>hört. Es ſelbſt könne betheiiren,</Unicode>
                </TextEquiv>
            </TextLine>
            <TextLine id="r5l33" custom="readingOrder {index:32;}">
                <Coords points="1721,3427 1985,3366 2341,3406 2410,3463 2579,3425 2881,3481 2886,3386 2695,3299 2536,3354 2272,3281 2112,3330 1952,3265 1728,3309"/>
                <Baseline points="1733,3363 1790,3362 1847,3363 1904,3363 1961,3365 2019,3366 2076,3368 2133,3371 2190,3373 2247,3377 2305,3380 2362,3383 2419,3387 2476,3392 2533,3396 2591,3400 2648,3404 2705,3408 2762,3413 2819,3416 2877,3420"/>
                <TextEquiv>
                    <Unicode>daß es an dem Mareyl. keine</Unicode>
                </TextEquiv>
            </TextLine>
            <TextLine id="r5l34" custom="readingOrder {index:33;}">
                <Coords points="2378,3549 2450,3582 2503,3565 2598,3590 2685,3568 2726,3605 2782,3609 2836,3584 2930,3612 2942,3496 2880,3495 2857,3469 2748,3482 2689,3446 2605,3488 2539,3429 2388,3455"/>
                <Baseline points="2390,3507 2416,3510 2443,3513 2470,3516 2497,3519 2524,3521 2551,3524 2577,3525 2604,3529 2631,3531 2658,3534 2685,3536 2712,3539 2739,3542 2765,3545 2792,3548 2819,3551 2846,3553 2873,3555 2900,3559 2927,3563"/>
                <TextEquiv>
                    <Unicode>Schwängerschafft</Unicode>
                </TextEquiv>
            </TextLine>
            <TextEquiv>
                <Unicode>9.
und darin drey mit Glück befleibte
Hembden gefunden, die zu genauerer
Besichtigung Herrn Operator Kuhn über¬
bracht worden.
Mache Bernhard von Haßle, 3)
Jahren Alters Köchen bey H. Com̅issario
von Muralt sant aus, nach beschehenen
Vermahnung zur Wahrheit.
Es habe neben dem Mareyli Jungi von
verlachenen Meyen wegg bei der nicht tenieß
bey Junckherr Obrist Tscharner so wohl
im Lohnsald hier in der Stadt gedienet;
es bezeuge aber, daß es an dem¬
selben nichts verdächtiges wahrge¬
nommen, noch daß es ein ausgelaßen,
mes leben geführt, oder Mans Bil¬
der eingezogen habe. Als sie aber
den letzten Sonstag vor dem Martices
Märit in die Stadt gekommen, habe
es so gleich sagen gehört, man mich¬
mäße, das Mareyli seye schwänger
Solches habe es etwann 10. tag hernach.
uus dem Anlas, weilen daßelbe über
Colie geklaget, der Frau Oberstin ge¬
loßenbahret, die ihme aber darauf ge¬
antwortet, man müße nicht alles
glauben, was die kent sagen: Von
dieser Zeit an habe es Dept. nicht mehr
davon geredet, ob schon es solches noch
zu verschiedenen mahlen Tagen ge¬
hört. Es ſelbſt könne betheiiren,
daß es an dem Mareyl. keine
Schwängerschafft</Unicode>
            </TextEquiv>
        </TextRegion>
    </Page>
</PcGts>
