3024 4032
553 403 1031 549 Antheil
310 523 1334 691 Henrich Spiermand
227 658 1362 903 Ed. Gegneris dlein
329 842 1216 958 und Grosse Raht der Stadt und
309 919 1261 1031 Respublic Reern, thun kund hiermit,
331 977 1330 1111 demnach Wir heute bey Eyden verständlet,
325 1062 1279 1184 Und vortragen laßen, die verführte
315 1139 1268 1255 Criminal Procedur und Vergicht mit
335 1207 1194 1321 dem alhier vordericht gestelten
311 1281 1180 1396 Übelthäter, namens Heinrichs
307 1348 1329 1463 Spielman, gebürtig von Vilnacheren
324 1418 1275 1499 aus dem Amt Kasselen, 30 Jahren
314 1482 1317 1576 Alters, daß Wir aus derselben mit
310 1554 1312 1664 höchsten Misfallen vernemmen müßen,
310 1629 1301 1743 welcher gestalten dieser elende Mensch¬
317 1696 1347 1809 von seinem 17ten Jahr an mit stahlen
310 1763 1325 1884 und Einbrechen an des nächsten Guth
313 1831 1297 1965 sich vielfältig und gröblich vergriffen,
319 1906 1325 2029 und ungeacht aller an ihme ausgeübten
288 1983 1250 2100 Züchtigungen, dennoch in dieser Kund
304 2054 1312 2170 verharret, Gestalten Er zu zweyen
305 2124 1331 2247 Malen mit dem Schallenwerk bestra¬
291 2188 1219 2302 fet, und daraus entrißen, müsten
298 2260 1268 2382 mit Ruthen gestrichen und eydlich
296 2330 1311 2445 des Landes verwiesen, auch von dem
291 2398 1309 2517 Lobl. Stand Basel wegen diebstählen
295 2475 1257 2585 das erstemal für 10. Jahr eydlich
289 2507 1334 2650 banniset, auf wiederholte die begriffen
302 2614 1219 2721 aber für gehen Jahr lang auf die
271 2685 1242 2798 Galeeren geschiket worden, von
295 2740 1324 2865 dannen Er im letzten Sammer sich erfreihet,
283 2813 1270 2928 auch eine niemendige Weise Kustere
279 2884 1291 2996 Land wieder in betreten, worin Er
285 2963 1231 3077 aber angehalten, und nach Frischer
279 3031 1185 3143 Ausschwehrung, auf die Gränzen
277 3090 1306 3209 geführt worden. Da er es wiedermal
275 3162 1296 3280 gewagt in Unsere Land zu kommen
277 3239 1284 3357 und nach Hindelbank zu gehen, wo Er
266 3297 1357 3425 letzten Christmonat in dem Pintenschenk
262 3375 1370 3494 Haus, nach einem paar tägigen Andenthalt,
1137 3434 1348 3551 daselbst
1564 480 1597 515 7
2594 321 2705 383 288.
1618 411 2692 562 daselbst, mit einem Meistel eine verschloßene
1602 485 2670 619 Schubladen erbrochen, und daraus in Zweyen Sablen
1609 538 2672 670 eine beträchtliche Summ Geldes entwendet. Sted
1599 620 2633 760 halb Er ausgeschrieben zu Basel behändiget:
1601 674 2534 801 und in hiesige Banden gebracht worden.
1589 766 2676 926 Wann nun dieser Mißethäter dieses alles,
1599 869 2647 985 zwar freywillig gestanden, daraus aber sein
1606 937 2692 1055 unverbeßerliches niemeidiges Hertz- und seine
1606 1008 2679 1126 gefährlichen Reigungen sich zur Genüge
1609 1079 2655 1195 an Tag geben; Als haben Wir denen die
1605 1153 2715 1260 gemeine Sicherheit zu schützen - und auch mit dem
1599 1212 2670 1334 Schwerdt der Gerechtigkeit zu handhaben,
1618 1299 2653 1423 von dem allerhöchsten Regenten
1619 1385 2055 1483 anvertraget ist
1740 1456 2622 1614 zu Recht Entent und
1909 1563 2416 1708 Gesprochen.
1552 1640 2701 1803 solle dieser unglükselige Heinrich
1601 1765 2674 1877 pielman als ein unverbeßerlicher
1620 1843 2658 1965 dieb und Übertretung des Eyds nach
1619 1913 2708 2039 Empfehlung seiner armen Seele, in die
1618 1980 2731 2103 Erbarende ihres Erlösters, zu wohl verdien¬
1625 2062 2701 2180 ter Straf und andern Bösen zum Abscheu¬
1637 2137 2717 2255 nnd Schreben, dem Scharfrichter übergeben,
1628 2204 2688 2329 von demselben gebunden unter aus nach
1624 2289 2687 2402 dem Hochgericht geführt und daselbst mit
1633 2357 2722 2475 dem Strang vom Leben zum Tod hingerich¬
1618 2418 2752 2546 tet: sein Körper dann nach konnen Rieder¬
1630 2489 2758 2616 gang abgenommen- und an das verschmächte
1623 2553 2745 2690 Ort verscharret werden. Und sein Guth
1618 2641 2534 2755 Unserm Fisco zuerkent seÿn.
1610 2714 2722 2839 Geben in Unserer Großen Raths¬
1624 2797 2742 2934 Versandlung den 26. Hornung 1776.
