3024 4032
98 322 218 414 249.
176 690 259 797 Pfr.
85 837 256 961 Auth.
149 1640 224 1743 Fr.
53 1873 236 2002 Autho¬
146 2052 242 2129 fe.
84 2109 227 2238 Antho
132 2367 239 2486 Er¬
73 2528 240 2628 Aus.
112 2618 212 2722 fr.
80 2760 252 2873 Auth.
132 2914 236 3030 Er.
62 3005 226 3107 Autl.
140 3147 242 3265 fr.
51 3129 127 3240 .
75 3352 239 3458 Antw
618 298 1024 448 Eyber
320 418 1312 577 zugestelt und seye nicht beiters das Haus
311 502 1275 640 hinauf gewesen. Gleichen Tag seyn Er
314 577 1307 687 wieder in den Forst übernachtten- und
303 629 1310 763 folgenden Tag auf Summenen gegangen.
297 698 1313 843 zu welcher Zeit Er das Maille noch mehr
291 778 547 890 gesehen.
289 826 1312 995 Er habe ihm bey Zustellung der Heider
281 934 1245 1061 gesagt, wann er wieder in die Stadt
288 1016 1285 1161 komme, So solle Er bey ihm zusprechen,
278 1082 1209 1202 Seye darauf an einem Sontag am
281 1155 1237 1321 Morgen vor der Predigt, dahin
260 1238 1230 1393 zu ihm in seine Kammer gegangen,
266 1310 1286 1469 welches sich angekleidet, und gesagt,
251 1388 1286 1546 Es müße mit der Frau in die Predigt
260 1470 1338 1625 gehen. Er Ingt seye darauf weggegangen,
270 1562 1160 1677 eher als es zusamen geleutet:
265 1630 1273 1764 Ob Er laugnen dörfe, daß sie nicht
267 1715 1271 1862 während der Morgenpredigt, da bey
261 1788 976 1916 einander verblieben.
260 1879 1341 2026 Nein. Seye schon vor der Morgenpredigt
271 1993 706 2088 weg gegangen.
284 2003 1198 2167 Was sie mit einander geredet.
265 2126 1300 2252 Es besinne sich nicht, haben mit einander
260 2207 1357 2329 geredt wie andere Leut. Es habe ihns gegrüßet
261 2288 754 2400 und auch behütet.
267 2335 1315 2486 Ob sie nicht von Geld entwenden, mit
261 2445 827 2567 einander geredet.
272 2520 452 2627 Nein.
271 2561 1358 2734 Ob Er ihm nicht von einem Passe partout
280 2678 566 2782 geredet.
283 2712 1280 2880 Neits werde solches mit Wahrheit
279 2837 632 2958 nicht sagen.
272 2864 958 3004 Was sie dann geredet.
277 2964 1331 3114 Was die Leüt gemeiniglich mit einander
280 3087 470 3162 reden.
275 3121 1287 3255 Ob Er erharten dörfe, daß Er vor der
266 3193 1298 3336 Predigt weggegangen, und während
274 3262 1314 3390 der Predigt nicht wieder gekommen.
276 3335 1355 3474 Es seye vor der Predigt dahin gekommen
283 3413 1370 3549 und wieder weggegangen, seye niemal
1163 3486 1328 3579 währen
2604 210 2741 311 218.
1927 243 2354 411 Deber
1595 360 2761 527 bährend der Predigt dort gewesen, als das ersten
1587 457 2758 592 mal, da die andern zwey Magd auch beygewohnt.
1487 542 2628 691 Fr. Ob Er nicht in einer Stuben gewesen, wo ein
1562 621 2135 753 Bureau sich befunden.
1484 693 2685 832 Antl. Es seye in keiner andern Stuben, als in der
1564 786 2143 894 Magd Kammer gewesen.
1497 838 2738 979 Fr. Was Er zu diesem Schlüßel sage, so Er hier
1581 920 2551 1050 sehe und auf ihm gefunden worden:
1470 986 2746 1131 Anth. Es habe solchen als einen Pfriend gebraucht.
1472 1081 2339 1230 fr. Ob er den Schlüßelbartkenne.
1481 1189 2382 1324 Antl. Es wiße nicht was das seye.
1494 1267 2772 1423 Fr. Dieser Bart seye an dem gleichen Schlußel
1585 1367 2729 1491 gewesen, und paße gar wohl zustamen:
1599 1446 2645 1563 nin seye der Bart an dem gleichen
1580 1512 2740 1647 Schäfftl und Schloß gefunden worden, wo
1594 1595 2738 1735 der Geld diebstahl in der Muntz geschehen,
1587 1674 2738 1813 Welches also eine klare Probe seye, daß Er
1546 1763 2606 1887 in diesem Diebstahl Mitgehülfen seyn
1480 1838 2728 1977 Antl. da Er bey dem Madle seinen Sak voll
1590 1928 2774 2064 Herren ausgeleeret, So müße das Maille
1605 2011 2750 2133 ihm diesen Schlüßel in den Sak gestoßen
1596 2081 2736 2215 haben. Es habe einen solchen Schlußel
1593 2151 2740 2291 zu Neuenburg, von einem Weibsbild so Er
1603 2217 2783 2379 nicht gekent, auf dem Beeplatz empfangen,
1611 2297 2800 2463 den Er hernach für einen Pfriend gebraucht.
1472 2360 1583 2482 Fr.
1617 2388 2748 2521 Es habe ja in seinem vorderen examen
1607 2462 2751 2626 vorgegeben, solchen Schlüßel von Herr
1603 2535 2541 2691 Chatenez empfangen zu haben?
1486 2588 1618 2718 Antb.
1626 2620 2721 2813 ben könne stern, daß Er seine Magd
1615 2718 2715 2900 gewesen, die ihm solchen gegeben.
1495 2798 1589 2901 Fr.
1623 2793 2709 2993 vns Er bey Herr Chatener verrichtet.
1491 2896 1611 2981 Auth
1641 2889 2770 3073 Es habe dorten gemachet und glätet, sey
1629 3005 2774 3153 vor dem Herbst nach dem Batag gewesen
1507 3053 1571 3155 Fr.
1614 3061 2748 3212 der H. Chatener der hierüber vernommen
1620 3130 2750 3300 worden, sage hingegen, daß Er vor dem
1623 3206 2775 3390 letzten Wintermonat nichts bey ihm gear-
1629 3288 1823 3379 beitet.
1495 3326 1629 3468 Auk.
1636 3358 2740 3527 das könne möglich seyn, bestimmen sich nicht
1626 3433 2118 3563 an den Monat.
2565 3518 2691 3636 fr.
