3024 4032
89 141 179 230 12.
104 1039 251 1184 Perg.
87 1261 227 1362 Melle
93 1365 228 1521 serlich.
64 1534 202 1657 Antb.
75 1776 219 1909 Prag.
63 1882 224 2002 Ants.
13 2587 154 2709 frach
28 2806 170 2922 Ants
26 3400 167 3531 Perg.
289 267 1423 483 Bect, wo das Mareylin geschloßen ein¬
277 384 1389 551 mnen Kinigen mit einrichtem Gluck
272 450 1446 657 angefüllt gefunden, und sonsten weder
277 568 1418 759 in Zeit noch anderwerts nicht das ge¬
257 669 1407 850 wringste mehr. Sie den keigen habe
268 756 1408 940 er in eine dreichen gethan, so hier
243 853 1392 1032 bey der Stell seye, welchen er zu be¬
251 944 1361 1105 hhörigen Untersuchung überbringe.
285 1042 1432 1266 E. er glaube, daß das Mareyli traußen
258 1158 1276 1326 bey ihm Kindes wiedergekommen.
273 1270 945 1421 das wiße er nicht.
258 1373 1426 1544 Ob man nicht verstühret, daß es etwann
243 1464 870 1587 um Hilf gereden.
246 1551 1381 1729 Sie haben nicht das geringste gehört
207 1659 761 1790 noch gemercket,
261 1745 1372 1912 Ob es weit von ihnen geschlaffen.
267 1870 1420 1985 Gleich ob seiner Stuben ein Ober Baden
239 1975 1423 2132 daselbst die Magd seines Scheils Schwester
218 2065 1351 2215 in gleicher Kammer aber in einem
224 2156 1348 2312 anderen Zeit auch geschloßen. Er
206 2242 1370 2384 habe Selbes auch darüber befraget, es
212 2335 1390 2494 wolle aber von allem nichts wißen,
212 2451 1018 2609 noch etwas gehört haben,
212 2553 1381 2706 Ob Er es zuvor nicht einer Schwan¬
198 2655 1165 2827 ggerschafft ein Verdacht gehabt.
229 2799 1375 2937 schon in Herbst habe man einter den
213 2886 1398 3044 Leuten gesaget, es seye schwänger, und
204 2977 1393 3159 daher seye ihm Deple, als es sich bey
195 3045 1361 3252 ihrer eben Durchlahe beklaget, zu Sie
194 3138 1382 3322 gekommen, es möchte vielleicht etwas
214 3278 673 3383 anders seyen.
209 3332 1374 3499 So bald Sie in Zweifel gestanden u
192 3425 1348 3606 möchte schwangen seyen, warenn Sie
1131 3499 1243 3655 es
1529 599 1665 740 Acts
1513 1065 1654 1201 fang
1503 1239 1630 1343 Aucti
1669 370 2825 555 es nicht behörig angezeiget, oder ge¬
1683 478 2673 639 nänere Nachforschung gehalten?
1688 584 2826 742 Er bezeuge, er habe geglaubt, maie
1665 673 2832 821 ohne ihm unrecht, und daher haben
1646 743 2780 894 Sie reichts weiters verfueget, haben Sie
1652 829 2818 990 gefehlet, so bätten Sie demütigst un
1660 928 2247 1079 gnädige Verziehung.
1685 1028 2835 1196 Ob er nicht gewahret, daß es Kleigung
1651 1128 2614 1252 mit Mans Bilderen gepflogen.
1676 1237 2824 1386 zu Nacht habe es im Lohne darzu nicht
1652 1315 2746 1481 Gelegenheit gehabt, solches erwüste
1623 1418 2835 1574 tags geschehen seyn. Es habe sonst ein
1647 1508 2832 1669 eingezogenes jeniges Mensch zu seyn
1649 1628 1974 1757 gestehenen
1846 1688 2654 1865 abgelesen und bestäthiget.
1643 1816 2494 1979 Retum den 15. Mery 1769.
1663 2027 2624 2217 Relatio Medico Chirurgica.
1606 2215 2749 2369 Auf beschehene Requisition haben wie
1641 2315 2779 2458 Ende berente in bey seyn meinen gnädigen Herren Herren
1639 2392 2814 2546 Großweibel Einger und Herren Gricht¬
1636 2492 2799 2632 schreiben Sillading den 10ten Marty 1769.
1618 2582 2782 2734 Nachmittag um 2. Uhr das in dem Stühl
1636 2663 2798 2791 Graben gefundene uns in Brand¬
1637 2754 2786 2864 Hr Justul gestente Todte Kind, mannli¬
1618 2846 2776 2986 ichen Geschlechts, besichtiget, und gesinn¬
1633 2930 2773 3090 den, daß selbiges wohl ausgetragen,
1633 3015 2800 3125 und an allen Gliedmaßen vollkommen
1626 3106 2763 3254 auch keine gewalthätige Verlezung an
1622 3209 2739 3351 ihme geschehen seye, äußert, daß die
1620 3284 2741 3456 Nabel Scheuer, welche ohngeferd 4. ac.
2424 3419 2652 3575 Golle.
2802 196 2892 307 73.
