3024 4032
316 345 426 471 97
408 486 470 583 .
697 330 933 494 zelter.
484 454 1506 618 an der Herrengaß vndt befindend
448 527 1501 678 Mags vorgestern Kindt genesen zu
473 601 1532 749 seyn, in verdacht gefallen seye, und
472 667 1528 845 darbey allerhand beschwärende Umständ¬
465 750 1520 893 sich ergeben. Aller vorderst nun
443 818 1521 985 werdet Ihr Herr Großweibel und Herrn
442 897 1496 1046 Grichtschreiber der Mensch, das er sich
436 988 1526 1113 dermahlen befindet abholen, und in den
426 1065 1515 1193 Ritahl zu Abhaltung des Kochenbechs
430 1154 1514 1268 transportieren laßen, so dann mit dem
432 1236 1518 1379 selben, der Hebamme, der Fra. Hanz, und
433 1326 1505 1482 anderen sie einichen Dericht dieser Sach
413 1411 1505 1559 halb ertheilen können, ein Procoquition
405 1500 1492 1620 Examen abhalten, und die gewohnlichen
391 1589 1490 1743 Informationen dißfals aufnemen, wie
399 1679 1475 1829 nicht wenigen auch dem Kind selbsten
400 1759 1475 1925 noch forstehen, wo solches gefunden
399 1860 1520 2016 werden sollte, selbiges gewohnter nach den
393 1951 1469 2090 visitieren zu laßen, und so dan̄ über
391 2043 1475 2189 alles Meinen gnädigen Herren den ferneren Rappor
365 2135 1490 2265 zu erstattere. Actum den 26. April 1770.
940 2239 1497 2398 Cantzley Bern.
501 2518 1191 2689 Information.
255 2654 1514 2818 5 Mst. an dage zu der trauler sonstand.
418 2759 1512 2927 Das Elsbeth Geller von Bangert, welches
381 2869 1486 3006 seit Jacob Tag a. 1767. bey ihnen zum
357 2944 1492 3092 Verwiegen gedienet, und ihres wißens
369 3032 1478 3158 gar keinen Mand böderen nachge¬
367 3121 1460 3263 gangen, noch deren eingezogen, habe
379 3200 1449 3360 vorgestern, als dinstag Nachmitag
364 3278 1487 3441 einen starcken blut Verlurst gehabt,
367 3368 1493 3531 welches Sie für seine Mankleinigung
2668 381 2788 495 .
1994 375 2256 528 Ittler.
1707 462 2792 658 angestehen, und solches zu stegen, es keinen
1690 587 2766 747 wanen auch vorgegeben. Da dieser
1695 666 2743 825 slcht fluß angehalten, seye seine fra
1683 748 2776 906 auf den Abend zu H. Specials den Sache
1696 845 2787 962 gegangen, ihne darüber zu berathen,
1702 915 2787 1078 welcher ihme haben kernen bruche verord¬
1699 1008 2770 1139 net, und befohlen, daß es sich in das
1683 1085 2731 1238 Zeit legen solle diesem segen sie
1699 1176 2731 1333 nachgegangen, so daß die Magd am
1686 1265 2782 1422 Mitwochen am morgen wieder aufge¬
1699 1353 2818 1495 standen, seine Arbeit verrichtet, sagende,
1706 1457 2769 1602 es sey ihm wieder wohl. Am Abend
1674 1528 2785 1687 gegen 3. Uhr habe die Fraw die Mand
1696 1606 2812 1773 an die Herren guß zu der Jahren Baum¬
1692 1685 2772 1856 gartner geschicket, und ihr Geld zu
1694 1771 2819 1932 bringen, daselbst seye dieser blut
1661 1862 2828 2014 fluß wider kommen, so es der Frau auf
1704 1961 2821 2093 seine zurückkunft auch geoffenbaret,
1684 2032 2812 2199 welche ihn darüber hin zu red gestellt,
1688 2147 2821 2284 und ihm die Schwängerschafft zugemuthet.
1732 2234 2813 2364 Es habe aber nichts eingestehen wollen,
1698 2314 2827 2457 sondern sich gantz unschuldig dargestellt,
1706 2385 2829 2521 deßen zur Versticherung habe die zu etwelche
1688 2473 2792 2603 Gebammen geschickt, da dann etwann um 9.
1681 2552 2821 2705 Uhr Abend die Muter Catey angekommen
1707 2629 2806 2771 welche nach beschehener Besichtigung
1702 2689 2824 2867 und bekostung Milch in den Briesten gefand¬
1717 2782 2785 2928 den, und darauf ihm alsobald zuge¬
1704 2872 2811 3034 muthet schwangen zu seyn, so es aber
1700 2955 2800 3115 auch nicht bekennen wollen, andert daß
1696 3037 2800 3205 es in Gegendonet den Gebaue gesagt
1706 3111 2804 3290 es seye ferndrigen Jahre am Jacobs dan
1705 3206 2758 3357 der Unter bediente in H. Wyttenbache
1698 3297 2678 3451 Apotheck beym Zeit glocken thuen
