3024 4032
313 354 462 482 319.
678 331 970 486 33 Rthl.
481 465 1547 624 bey ihm zu soll gewesen, da die haben
406 473 474 602 .
455 551 1535 689 geglaubet, es möchte noch in der Nacht
442 614 1523 749 kindbetterin werden, wenn ihm zu Aden
428 690 1523 838 gelaßen werde, haben die die Mund
455 774 1508 918 weilen die solche in ihren offenen Kung¬
454 854 1504 1014 zu ligen gehabt, beßer versorgen
428 943 1538 1102 wollen und zu der Jofrl. bringenehmen
452 1026 1511 1161 an die herrengaß noch um 10 Uhr
436 1111 1529 1281 in der Recht geführet, die und angenommen
443 1205 1507 1365 und in ihrer eigenen Stuben ihm ein
419 1309 1531 1442 Dect allein gegeben, darnach haben di
431 1388 1504 1546 ihm der H. Operator Königl. Bedienten
430 1471 1501 1625 geschicket, der ihm noch zu Ader ge¬
425 1567 1513 1723 laßen. Die haben die Vergestaltung
421 1675 1513 1828 gemacht, daß so bals sich Kindtbeh
409 1769 1528 1906 erzeigen werden, die Gebaue zu zalen
399 1856 1510 2002 uund des Mueters weib, so in dem Ante¬
385 1941 1515 2065 dren Stübli wohne, habe zu ihm der an
381 2039 1495 2192 Acht haben sollen. Diesen Morgen
396 2131 1518 2275 haben Sie ihm die Geborne wieder zuge¬
392 2226 1523 2376 schickt, und selbige geheißen, solche begen¬
387 2306 1504 2468 benheit meine gnädigen Herren der Oberen Chorgrichts
408 2396 1477 2571 anzuzeigen, welches Sie auch gethan.
394 2485 1472 2612 Seye ein einfältiges Mensch, so seine
376 2574 1491 2735 Monas Zeiten ganz einrichtig gehabt, dan
410 2671 1516 2807 für es von 14. Tagen von dem Scharffrichter
382 2770 1456 2918 Species für ein franck genommen und
394 2828 1507 3005 gebrauchet. Die haben kein Zeichen von
393 2936 1507 3085 einer Niederkauff in dem Haus gewahret,
381 3005 1520 3175 ihn auch niemahl für schwänger zu seyn,
394 3090 1525 3239 angestehen, weilen er seine Leiber gestalt
375 3195 1498 3326 niemals geändert habe, sondern allzeit
376 3280 1006 3436 gleich dick geschinnen.
1648 2247 1711 2340 4.
2667 447 2816 558 20.
2071 404 2307 524 Ver
1672 485 2773 671 Frau Susane Sangs geben nebst be¬
1705 592 2791 736 stätiget ihrer Heimans Kußig, mit dem
1704 655 2713 808 zustat, daß Hr. Mays am Sienstag
1701 730 2771 883 Morgens von Hause gegangen, Ohl zu
1696 818 2759 945 holen, und noch andere Commissionen zu
1705 885 2783 1019 machen, seye aber bald wieder zeunge¬
1705 969 2772 1104 kommen, und den gantzen war hindurch
1712 1039 2775 1198 bey Hans verblieben, indeme Nachmitag
1699 1123 2678 1270 ihn der Blutfluß angekommen.
1783 1219 2766 1373 den Mitwochen dann seye er in Spittahl
1710 1315 2741 1448 gegangen, im Directori Grodt zu
1717 1403 2806 1543 holen, und habe auch der Hofr Baumgartner
1702 1473 2807 1608 Geld überbracht, seye aber beyde aucht
1711 1559 2766 1695 alsobald wieder zeungekommen, und
1702 1642 2802 1778 die übrige Tags Zeit bey Hause geweßen
1663 1728 2822 1857 d Ratharinn geschardt die geschworne
1703 1832 2776 1937 Gebamme machte die gleiche Erzehlung
1710 1896 2796 2024 wie die Wicht der Oberen Gregrichts
1695 1969 2817 2102 gethan und die in dem Meine gnädigen Herren Gros weibel
1690 2049 2826 2189 zugestendten Gedul ein ständlich enthalten
1688 2143 1800 2268 Ist
1711 2200 2806 2378 Iohe Rosina Mengerteier, beschafft
1701 2325 2454 2443 in der Herrengaß, deponire
1699 2371 2814 2539 Gestern Abends gegen 10 Uhr, da sie schon
1708 2476 2803 2602 in ihrer Ruche wäre, seye frau könte mit
1700 2547 2777 2687 ihrer Magd zu ihre Depl. gekommen, mit
1708 2628 2805 2766 but, die Magd so sich empaßlich befinde
1686 2702 2808 2841 zu übernachten, indeme Sie selbige wegen
1701 2791 2787 2917 der Unpäßlichkeit ihrer Maur, nicht in
1678 2857 2815 3011 Haus behalten und der Magd auch abwarten
1696 2931 2808 3080 könne. Weil die die Fra. Hanze gar wohl
1686 3014 2780 3159 kenne, so habe sie ihre zum Gefallen
1699 3099 2784 3239 die Magd zu sich genommen und mein
1693 3182 2078 3303 Bedt geleget.
1748 3238 2718 3401 Nach etwan einer halben Stund
1716 3339 2793 3475 sege die Infra. Hänge mit Jgfr. Ruhn
