<?xml version="1.0" encoding="UTF-8" standalone="yes"?>
<PcGts xmlns="http://schema.primaresearch.org/PAGE/gts/pagecontent/2013-07-15" xmlns:xsi="http://www.w3.org/2001/XMLSchema-instance" xsi:schemaLocation="http://schema.primaresearch.org/PAGE/gts/pagecontent/2013-07-15 http://schema.primaresearch.org/PAGE/gts/pagecontent/2013-07-15/pagecontent.xsd">
    <Metadata>
        <Creator>prov=University of Rostock/Institute of Mathematics/CITlab|PLANET AI GmbH/Gundram Leifert/gundram.leifert@planet-ai.de:name=German_Kurrent_XVI-XVIII_M5.4(htr_id=38771)::::v=2.6.7
prov=University of Rostock/Institute of Mathematics/CITlab|PLANET AI GmbH/Tobias Gruening/tobias.gruening@planet-ai.de:name=de.uros.citlab.module.baseline2polygon.B2PSeamMultiOriented:v=2.6.7
prov=University of Rostock/Institute of Mathematics/CITlab|PLANET AI GmbH/Tobias Gruening/tobias.gruening@planet-ai.de:name=/net_tf/LA73_249_0mod360.pb:de.uros.citlab.segmentation.CITlab_LA_ML:v=2.6.7
Transkribus</Creator>
        <Created>2022-06-16T10:54:20.206+02:00</Created>
        <LastChange>2022-09-12T15:48:38.511+02:00</LastChange>
        <TranskribusMetadata docId="1334854" pageId="52364147" pageNr="200" tsid="114646285" status="IN_PROGRESS" userId="9570" imgUrl="https://files.transkribus.eu/Get?id=PCEGOERSCCNINXOKOGPSICRN&amp;fileType=view" xmlUrl="https://files.transkribus.eu/Get?id=XLIYZANNNTOKZYWADNAJCJZF" imageId="35487685"/>
    </Metadata>
    <Page imageFilename="IMG_8219.jpg" imageWidth="3024" imageHeight="4032">
        <ReadingOrder>
            <OrderedGroup id="ro_1687513601601" caption="Regions reading order">
                <RegionRefIndexed index="0" regionRef="r1"/>
                <RegionRefIndexed index="1" regionRef="r2"/>
                <RegionRefIndexed index="2" regionRef="r3"/>
            </OrderedGroup>
        </ReadingOrder>
        <TextRegion orientation="0.0" id="r1" custom="readingOrder {index:0;}">
            <Coords points="204,253 204,407 306,407 306,253"/>
            <TextLine id="r1l1" custom="readingOrder {index:0;}">
                <Coords points="196,379 209,379 221,389 241,386 257,377 271,382 315,379 312,306 270,301 255,308 245,299 236,299 221,310 194,308"/>
                <Baseline points="204,357 229,355 255,354 280,353 306,354"/>
                <TextEquiv>
                    <Unicode>19.</Unicode>
                </TextEquiv>
            </TextLine>
            <TextEquiv>
                <Unicode>19.</Unicode>
            </TextEquiv>
        </TextRegion>
        <TextRegion orientation="0.0" id="r2" custom="readingOrder {index:1;}">
            <Coords points="275,361 275,3586 1458,3586 1458,361"/>
            <TextLine id="r2l1" custom="readingOrder {index:0;}">
                <Coords points="633,424 696,408 741,423 886,416 920,432 1008,427 1029,412 1053,425 1065,422 1067,348 1003,324 945,353 813,335 757,352 742,338 697,372 662,359 635,370"/>
                <Baseline points="641,395 667,395 693,395 719,395 745,395 771,395 797,395 823,395 849,395 875,396 901,396 927,397 953,398 979,401 1005,403 1031,405 1058,410"/>
                <TextEquiv>
                    <Unicode>I</Unicode>
                </TextEquiv>
            </TextLine>
            <TextLine id="r2l2" custom="readingOrder {index:1;}">
                <Coords points="315,504 676,484 863,540 1034,492 1397,554 1419,489 1171,423 1072,452 1027,416 317,432"/>
                <Baseline points="324,480 378,482 432,483 486,483 541,485 595,485 649,486 704,486 758,487 812,488 867,489 921,490 975,491 1029,494 1084,495 1138,498 1192,501 1247,504 1301,508 1355,513 1410,519"/>
                <TextEquiv>
                    <Unicode>Information vernügt zu seyn. Und da sie mich</Unicode>
                </TextEquiv>
            </TextLine>
            <TextLine id="r2l3" custom="readingOrder {index:2;}">
                <Coords points="327,578 1208,570 1449,616 1451,562 1322,520 1151,536 996,496 861,541 717,495 330,507"/>
                <Baseline points="336,542 391,545 446,546 502,548 557,549 612,551 668,552 723,554 778,554 834,555 889,556 944,557 1000,560 1055,561 1110,564 1166,567 1221,572 1276,576 1332,581 1387,587 1443,594"/>
                <TextEquiv>
                    <Unicode>fragten, was ich nun denke. So war meine Antwort</Unicode>
                </TextEquiv>
            </TextLine>
            <TextLine id="r2l4" custom="readingOrder {index:3;}">
                <Coords points="321,634 387,659 461,630 506,665 596,616 711,628 742,655 774,629 810,645 910,630 912,573 770,586 722,569 660,596 587,567 543,584 501,551 385,591 323,581"/>
                <Baseline points="330,611 358,611 387,611 415,609 444,611 473,611 501,611 530,612 558,612 587,614 616,615 644,617 673,618 701,619 730,621 759,622 787,624 816,625 844,626 873,627 902,627"/>
                <TextEquiv>
                    <Unicode>ganz offenherzig diese.</Unicode>
                </TextEquiv>
            </TextLine>
            <TextLine id="r2l5" custom="readingOrder {index:4;}">
                <Coords points="921,643 1069,631 1165,676 1260,692 1310,653 1439,675 1442,635 1353,618 1302,579 1241,592 1208,570 1158,595 1073,569 1044,589 976,568 925,580"/>
                <Baseline points="929,626 954,626 979,626 1004,626 1029,627 1055,627 1080,629 1105,629 1130,630 1155,631 1181,632 1206,634 1231,636 1256,638 1281,640 1307,643 1332,645 1357,648 1382,652 1407,656 1433,660"/>
                <TextEquiv>
                    <Unicode>dem Mensch stehe man</Unicode>
                </TextEquiv>
            </TextLine>
            <TextLine id="r2l6" custom="readingOrder {index:5;}">
                <Coords points="321,700 524,681 596,733 673,684 836,746 977,702 1086,756 1210,711 1303,756 1423,743 1425,688 1020,677 965,633 813,675 657,620 506,664 323,637"/>
                <Baseline points="330,669 384,672 438,675 492,678 547,681 601,683 655,685 710,687 764,689 818,690 873,692 927,693 981,695 1035,698 1090,700 1144,702 1198,707 1253,710 1307,713 1361,719 1416,723"/>
                <TextEquiv>
                    <Unicode>gar keine Schwängerschaft an ich meiner theils</Unicode>
                </TextEquiv>
            </TextLine>
            <TextLine id="r2l7" custom="readingOrder {index:6;}">
                <Coords points="328,760 848,765 891,810 957,769 1124,808 1179,772 1387,841 1465,827 1468,768 1237,712 1085,755 969,703 826,742 707,690 597,733 520,680 331,694"/>
                <Baseline points="336,735 392,740 448,743 504,746 560,748 616,750 672,753 728,754 784,756 840,758 897,759 953,762 1009,764 1065,767 1121,769 1177,773 1233,778 1289,784 1345,790 1401,796 1458,804"/>
                <TextEquiv>
                    <Unicode>glaube keine, und wenn schon eine sich offenbahr</Unicode>
                </TextEquiv>
            </TextLine>
            <TextLine id="r2l8" custom="readingOrder {index:7;}">
                <Coords points="316,826 739,820 786,856 846,827 928,870 1075,845 1169,880 1221,851 1354,893 1453,881 1456,837 1168,772 1124,808 546,753 318,787"/>
                <Baseline points="324,803 380,806 436,810 492,812 548,815 604,817 660,819 716,821 772,822 828,825 885,826 941,828 997,831 1053,834 1109,837 1165,841 1221,845 1277,850 1333,855 1389,862 1446,870"/>
                <TextEquiv>
                    <Unicode>ren solte, so könne ich nicht stehen, daß die Bahler</Unicode>
                </TextEquiv>
            </TextLine>
            <TextLine id="r2l9" custom="readingOrder {index:8;}">
                <Coords points="301,885 641,874 893,943 1059,897 1408,942 1410,898 1319,861 1118,879 1066,846 1005,878 848,827 766,867 500,861 304,820"/>
                <Baseline points="309,864 363,867 418,869 472,872 527,874 582,876 636,878 691,881 745,883 800,885 855,887 909,890 964,893 1018,895 1073,899 1128,902 1182,905 1237,909 1291,914 1346,918 1401,921"/>
                <TextEquiv>
                    <Unicode>sie auf meine Vorstellungen verhalen solte,</Unicode>
                </TextEquiv>
            </TextLine>
            <TextLine id="r2l10" custom="readingOrder {index:9;}">
                <Coords points="318,941 689,945 793,996 845,959 1008,965 1061,1015 1193,972 1392,1009 1395,941 1362,927 1305,956 1202,910 1122,949 1060,897 877,941 783,890 322,873"/>
                <Baseline points="327,929 382,932 438,934 494,938 549,939 605,942 661,945 717,948 772,950 828,953 884,956 940,959 995,962 1051,966 1107,968 1163,971 1218,974 1274,977 1330,980 1386,983"/>
                <TextEquiv>
                    <Unicode>und wurde, oder daß jemals einiches Unglück</Unicode>
                </TextEquiv>
            </TextLine>
            <TextLine id="r2l11" custom="readingOrder {index:10;}">
                <Coords points="291,1028 394,1000 492,1052 638,1007 788,1017 835,1061 1175,1032 1281,1076 1432,1067 1435,1011 295,937"/>
                <Baseline points="300,995 356,998 412,1001 468,1003 525,1006 581,1008 637,1011 693,1013 750,1016 806,1019 862,1020 918,1023 975,1025 1031,1028 1087,1031 1143,1034 1200,1038 1256,1041 1312,1044 1368,1049 1425,1053"/>
                <TextEquiv>
                    <Unicode>zu befürchten seÿe, da sie von dem Knecht eine</Unicode>
                </TextEquiv>
            </TextLine>
            <TextLine id="r2l12" custom="readingOrder {index:11;}">
                <Coords points="284,1109 425,1071 514,1123 661,1075 1379,1139 1443,1102 1372,1058 1294,1092 1106,1037 899,1029 818,1065 751,1023 287,1033"/>
                <Baseline points="294,1064 351,1067 408,1070 465,1073 522,1075 579,1077 636,1079 693,1080 750,1082 807,1083 864,1086 921,1088 978,1089 1035,1092 1092,1095 1149,1098 1206,1101 1263,1106 1320,1111 1377,1117 1434,1124"/>
                <TextEquiv>
                    <Unicode>Eheversprechung habe. Meine Gedanken wurden</Unicode>
                </TextEquiv>
            </TextLine>
            <TextLine id="r2l13" custom="readingOrder {index:12;}">
                <Coords points="313,1143 366,1177 423,1145 684,1144 950,1208 1091,1164 1236,1212 1343,1149 1254,1152 1208,1103 1114,1139 1042,1093 918,1117 866,1083 760,1117 702,1084 650,1126 601,1085 516,1123 428,1075 314,1113"/>
                <Baseline points="321,1133 371,1135 422,1136 473,1139 523,1140 574,1142 625,1144 675,1146 726,1148 777,1151 828,1153 878,1155 929,1157 980,1159 1030,1161 1081,1163 1132,1165 1182,1167 1233,1169 1284,1170 1335,1172"/>
                <TextEquiv>
                    <Unicode>nicht misbilliget von Mein gnädigen Herrn und der Frauen¬</Unicode>
                </TextEquiv>
            </TextLine>
            <TextLine id="r2l14" custom="readingOrder {index:13;}">
                <Coords points="298,1211 1350,1272 1443,1266 1445,1226 1338,1176 1230,1212 1091,1162 876,1207 679,1152 600,1181 423,1142 366,1178 301,1144"/>
                <Baseline points="306,1197 362,1200 419,1203 475,1207 532,1209 588,1211 645,1214 701,1217 758,1218 814,1221 871,1223 927,1226 984,1227 1040,1230 1097,1233 1153,1236 1210,1241 1266,1243 1323,1247 1379,1251 1436,1257"/>
                <TextEquiv>
                    <Unicode>Sie glaubten selbst, es seyen Gründe zu hoffen</Unicode>
                </TextEquiv>
            </TextLine>
            <TextLine id="r2l15" custom="readingOrder {index:14;}">
                <Coords points="303,1275 578,1276 694,1333 807,1285 901,1322 1206,1311 1322,1357 1404,1334 1407,1273 1282,1277 1249,1242 859,1225 726,1269 654,1221 307,1206"/>
                <Baseline points="312,1259 366,1262 420,1266 474,1269 529,1273 583,1277 637,1280 692,1283 746,1286 800,1288 855,1291 909,1293 963,1296 1017,1299 1072,1302 1126,1304 1180,1306 1235,1308 1289,1310 1343,1313 1398,1314"/>
                <TextEquiv>
                    <Unicode>daß keine Schwänger schaft und nichts böser zu</Unicode>
                </TextEquiv>
            </TextLine>
            <TextLine id="r2l16" custom="readingOrder {index:15;}">
                <Coords points="278,1350 1408,1392 1108,1305 902,1323 807,1285 682,1336 467,1272 282,1286"/>
                <Baseline points="288,1325 343,1329 399,1333 454,1337 510,1340 566,1344 621,1348 677,1352 732,1356 788,1359 844,1363 899,1366 955,1370 1010,1373 1066,1375 1122,1378 1177,1380 1233,1382 1288,1382 1344,1383 1400,1383"/>
                <TextEquiv>
                    <Unicode>fürchten seye, so daß weiters keine anderen</Unicode>
                </TextEquiv>
            </TextLine>
            <TextLine id="r2l17" custom="readingOrder {index:16;}">
                <Coords points="291,1407 388,1406 441,1446 508,1411 687,1426 828,1482 1338,1459 1341,1400 1292,1386 828,1389 761,1357 671,1386 617,1356 556,1394 482,1345 368,1372 295,1338"/>
                <Baseline points="300,1394 351,1398 403,1401 454,1405 506,1409 557,1412 609,1416 660,1420 712,1423 763,1428 815,1431 867,1434 918,1437 970,1441 1021,1443 1073,1446 1124,1448 1176,1449 1227,1451 1279,1451 1331,1452"/>
                <TextEquiv>
                    <Unicode>demarches für nötig geachtet wurden. Sie</Unicode>
                </TextEquiv>
            </TextLine>
            <TextLine id="r2l18" custom="readingOrder {index:17;}">
                <Coords points="298,1469 677,1518 836,1499 1006,1544 1100,1519 1312,1570 1424,1526 1425,1493 1242,1451 889,1487 679,1425 508,1410 435,1448 302,1407"/>
                <Baseline points="306,1457 361,1462 417,1467 472,1471 528,1476 583,1481 639,1485 694,1488 750,1493 805,1497 861,1501 916,1505 972,1508 1027,1510 1083,1512 1138,1514 1194,1515 1249,1516 1305,1516 1360,1515 1416,1514"/>
                <TextEquiv>
                    <Unicode>verlangten nur von mir der Fähler zu sagen,</Unicode>
                </TextEquiv>
            </TextLine>
            <TextLine id="r2l19" custom="readingOrder {index:18;} place {offset:22; length:4;}">
                <Coords points="280,1550 1358,1608 1371,1554 952,1514 858,1547 712,1492 592,1517 284,1461"/>
                <Baseline points="288,1523 341,1527 395,1530 449,1535 502,1539 556,1543 610,1547 663,1551 717,1555 771,1559 825,1562 878,1565 932,1568 986,1571 1039,1573 1093,1574 1147,1577 1200,1577 1254,1578 1308,1578 1362,1577"/>
                <TextEquiv>
                    <Unicode>daß sie wiederum nach Bern komme, man</Unicode>
                </TextEquiv>
            </TextLine>
            <TextLine id="r2l20" custom="readingOrder {index:19;}">
                <Coords points="280,1605 1220,1685 1327,1648 1429,1668 1432,1621 283,1548"/>
                <Baseline points="288,1590 344,1595 401,1600 458,1605 514,1609 571,1613 628,1617 684,1622 741,1625 798,1629 855,1632 911,1635 968,1638 1025,1640 1081,1643 1138,1644 1195,1646 1251,1646 1308,1647 1365,1647 1422,1647"/>
                <TextEquiv>
                    <Unicode>könne, da bes der für ihre Gesundheit sorgen,</Unicode>
                </TextEquiv>
            </TextLine>
            <TextLine id="r2l21" custom="readingOrder {index:20;}">
                <Coords points="273,1668 559,1729 619,1698 1351,1740 1378,1667 878,1657 838,1686 748,1638 555,1666 276,1615"/>
                <Baseline points="282,1661 336,1665 390,1670 444,1673 499,1677 553,1681 607,1686 662,1690 716,1694 770,1698 825,1701 879,1704 933,1707 987,1710 1042,1712 1096,1713 1150,1715 1205,1715 1259,1715 1313,1714 1368,1712"/>
                <TextEquiv>
                    <Unicode>Sie werden ihr alle mir mögliche Gedult und</Unicode>
                </TextEquiv>
            </TextLine>
            <TextLine id="r2l22" custom="readingOrder {index:21;}">
                <Coords points="273,1762 551,1773 572,1758 618,1787 655,1783 690,1763 706,1772 711,1705 637,1711 612,1698 557,1728 511,1692 436,1702 406,1669 352,1694 278,1686"/>
                <Baseline points="282,1733 308,1734 334,1734 360,1736 386,1738 412,1740 438,1743 464,1744 490,1747 516,1749 542,1751 568,1752 594,1754 620,1756 646,1758 672,1759 699,1760"/>
                <TextEquiv>
                    <Unicode>Hilfe beweisen.</Unicode>
                </TextEquiv>
            </TextLine>
            <TextLine id="r2l23" custom="readingOrder {index:22;}">
                <Coords points="797,1784 952,1779 974,1802 1090,1787 1138,1814 1187,1783 1272,1788 1423,1836 1425,1745 1387,1758 1296,1720 1176,1720 1109,1748 1074,1726 1045,1753 959,1709 915,1730 798,1718"/>
                <Baseline points="804,1766 834,1769 865,1771 895,1774 926,1776 957,1777 987,1778 1018,1779 1048,1779 1079,1780 1110,1781 1140,1781 1171,1781 1201,1781 1232,1781 1263,1779 1293,1779 1324,1779 1354,1779 1385,1779 1416,1779"/>
                <TextEquiv>
                    <Unicode>dieses habe alsobald nach</Unicode>
                </TextEquiv>
            </TextLine>
            <TextLine id="r2l24" custom="readingOrder {index:23;}">
                <Coords points="277,1812 493,1814 701,1878 864,1850 928,1896 1003,1854 1145,1905 1398,1856 1402,1782 1306,1811 1187,1783 1122,1825 956,1780 279,1764"/>
                <Baseline points="285,1805 340,1808 395,1812 450,1816 506,1820 561,1824 616,1827 672,1831 727,1835 782,1838 838,1841 893,1844 948,1847 1003,1848 1059,1850 1114,1851 1169,1851 1225,1851 1280,1851 1335,1850 1391,1848"/>
                <TextEquiv>
                    <Unicode>meiner Rukkunft, in Gegenwart ihrer alten</Unicode>
                </TextEquiv>
            </TextLine>
            <TextLine id="r2l25" custom="readingOrder {index:24;}">
                <Coords points="280,1897 461,1891 671,1948 744,1913 1010,1922 1161,1974 1273,1923 1346,1966 1441,1945 1461,1891 1388,1855 1103,1908 1002,1855 929,1898 862,1849 703,1879 662,1843 592,1872 283,1814"/>
                <Baseline points="288,1886 346,1887 404,1889 462,1892 520,1894 579,1898 637,1901 695,1903 753,1907 811,1910 870,1914 928,1916 986,1919 1044,1922 1102,1923 1161,1925 1219,1926 1277,1926 1335,1926 1393,1925 1452,1922"/>
                <TextEquiv>
                    <Unicode>Muter bekant gemacht, mich wegen ihrer Gesund¬</Unicode>
                </TextEquiv>
            </TextLine>
            <TextLine id="r2l26" custom="readingOrder {index:25;}">
                <Coords points="267,1985 373,1953 784,1975 852,2021 975,1982 1064,2016 1396,2003 1397,1965 1316,1943 1125,1972 1007,1921 750,1913 676,1951 480,1898 270,1915"/>
                <Baseline points="276,1952 331,1952 387,1953 442,1955 498,1957 554,1959 609,1962 665,1965 721,1969 776,1971 832,1974 888,1977 943,1980 999,1983 1055,1986 1110,1987 1166,1989 1222,1991 1277,1991 1333,1991 1389,1991"/>
                <TextEquiv>
                    <Unicode>heit erkundiget, und von ihr vernommen, daß die</Unicode>
                </TextEquiv>
            </TextLine>
            <TextLine id="r2l27" custom="readingOrder {index:26;}">
                <Coords points="270,2026 398,2027 449,2077 589,2033 1037,2045 1237,2102 1384,2062 1386,2002 1062,2016 975,1981 863,2025 796,1977 685,2009 559,1959 271,1984"/>
                <Baseline points="278,2019 335,2022 393,2023 451,2025 509,2027 567,2030 625,2031 682,2033 740,2036 798,2037 856,2040 914,2042 972,2043 1029,2045 1087,2046 1145,2048 1203,2049 1261,2050 1319,2051 1377,2051"/>
                <TextEquiv>
                    <Unicode>Beschwolst an den Seinen sich in etwas gesetzt.</Unicode>
                </TextEquiv>
            </TextLine>
            <TextLine id="r2l28" custom="readingOrder {index:27;}">
                <Coords points="268,2115 382,2095 512,2145 630,2107 941,2114 1049,2162 1148,2110 1392,2126 1410,2076 1189,2099 1068,2050 577,2036 431,2079 270,2025"/>
                <Baseline points="276,2090 332,2091 388,2091 444,2093 501,2095 557,2097 613,2099 669,2102 726,2103 782,2105 838,2108 894,2109 951,2111 1007,2112 1063,2114 1119,2114 1176,2114 1232,2114 1288,2112 1344,2110 1401,2108"/>
                <TextEquiv>
                    <Unicode>habe, und sie ein wenig beßer seÿe. Auf die</Unicode>
                </TextEquiv>
            </TextLine>
            <TextLine id="r2l29" custom="readingOrder {index:28;}">
                <Coords points="267,2178 746,2169 927,2224 1171,2178 1381,2217 1383,2143 1267,2125 1039,2162 960,2116 630,2106 506,2144 379,2095 269,2115"/>
                <Baseline points="275,2156 332,2157 390,2159 448,2160 506,2162 564,2164 622,2165 679,2168 737,2169 795,2171 853,2172 911,2174 969,2175 1026,2177 1084,2178 1142,2178 1200,2180 1258,2180 1316,2180 1374,2180"/>
                <TextEquiv>
                    <Unicode>frag, von wein die Mitel seyen, die da wären,</Unicode>
                </TextEquiv>
            </TextLine>
            <TextLine id="r2l30" custom="readingOrder {index:29;} place {offset:35; length:7;}">
                <Coords points="283,2234 1265,2268 1390,2248 1391,2208 1295,2222 1167,2177 935,2224 746,2169 355,2204 284,2175"/>
                <Baseline points="291,2216 345,2219 400,2223 454,2225 509,2228 564,2230 618,2232 673,2234 727,2235 782,2237 837,2238 891,2238 946,2238 1000,2240 1055,2240 1110,2238 1164,2238 1219,2237 1273,2237 1328,2235 1383,2234"/>
                <TextEquiv>
                    <Unicode>wäre die Antwort von dem Doctor zu Langnau:</Unicode>
                </TextEquiv>
            </TextLine>
            <TextLine id="r2l31" custom="readingOrder {index:30;} person {offset:11; length:7;}">
                <Coords points="268,2339 531,2302 880,2344 992,2315 1062,2350 1377,2314 1378,2273 1193,2246 749,2280 628,2235 532,2269 485,2234 270,2231"/>
                <Baseline points="276,2286 330,2290 385,2293 440,2297 494,2299 549,2301 604,2304 658,2306 713,2307 768,2309 823,2309 877,2310 932,2310 987,2310 1041,2310 1096,2310 1151,2310 1205,2309 1260,2307 1315,2306 1370,2304"/>
                <TextEquiv>
                    <Unicode>Ihr Bruder Melcher habe sie gehalt. Sie wolle</Unicode>
                </TextEquiv>
            </TextLine>
            <TextLine id="r2l32" custom="readingOrder {index:31;}">
                <Coords points="287,2384 438,2408 653,2378 841,2431 963,2391 1204,2395 1206,2349 1033,2369 957,2323 889,2360 753,2313 533,2301 460,2351 362,2302 289,2322"/>
                <Baseline points="296,2355 341,2359 386,2361 431,2364 476,2367 521,2369 566,2372 611,2373 656,2375 701,2377 746,2378 791,2379 836,2381 881,2382 926,2383 971,2384 1016,2384 1061,2385 1106,2385 1151,2385 1197,2385"/>
                <TextEquiv>
                    <Unicode>aber nicht viel Mitel gebrauchen.</Unicode>
                </TextEquiv>
            </TextLine>
            <TextLine id="r2l33" custom="readingOrder {index:32;}">
                <Coords points="1293,2385 1336,2393 1354,2408 1390,2383 1402,2383 1401,2325 1388,2319 1382,2324 1354,2314 1344,2317 1337,2311 1324,2322 1302,2313 1292,2317"/>
                <Baseline points="1301,2378 1332,2375 1363,2376 1394,2375"/>
                <TextEquiv>
                    <Unicode>Auf</Unicode>
                </TextEquiv>
            </TextLine>
            <TextLine id="r2l34" custom="readingOrder {index:33;}">
                <Coords points="1262,2388 1271,2389 1274,2392 1276,2390 1292,2394 1305,2330 1298,2328 1294,2331 1291,2330 1285,2333 1274,2331"/>
                <Baseline points="1272,2375 1287,2378"/>
                <TextEquiv>
                    <Unicode>.</Unicode>
                </TextEquiv>
            </TextLine>
            <TextLine id="r2l35" custom="readingOrder {index:34;}">
                <Coords points="279,2436 406,2491 739,2444 954,2502 1043,2460 1091,2491 1414,2458 1415,2396 1295,2384 841,2431 280,2389"/>
                <Baseline points="287,2430 345,2432 404,2433 463,2435 522,2438 581,2439 640,2442 699,2444 758,2447 817,2448 875,2451 934,2453 993,2454 1052,2454 1111,2454 1170,2454 1229,2453 1288,2451 1347,2449 1406,2445"/>
                <TextEquiv>
                    <Unicode>das Begehren ihrer gegen sie, so gütigen Herrn</Unicode>
                </TextEquiv>
            </TextLine>
            <TextLine id="r2l36" custom="readingOrder {index:35;}">
                <Coords points="288,2519 1262,2551 1369,2540 1371,2467 1090,2491 1043,2460 954,2502 848,2464 755,2493 710,2451 407,2490 341,2452 289,2484"/>
                <Baseline points="296,2499 349,2501 402,2503 455,2505 509,2508 562,2510 615,2513 669,2515 722,2517 775,2519 829,2521 882,2523 935,2523 988,2525 1042,2525 1095,2525 1148,2525 1202,2523 1255,2521 1308,2519 1362,2516"/>
                <TextEquiv>
                    <Unicode>und frauen, hat sie versprochen, sobald sie</Unicode>
                </TextEquiv>
            </TextLine>
            <TextLine id="r2l37" custom="readingOrder {index:36;}">
                <Coords points="282,2590 1140,2591 1302,2638 1441,2599 1413,2540 1302,2530 904,2554 636,2518 591,2557 283,2518"/>
                <Baseline points="290,2570 347,2571 404,2574 461,2576 518,2579 576,2580 633,2583 690,2585 747,2586 804,2588 862,2589 919,2591 976,2592 1033,2592 1090,2592 1148,2592 1205,2591 1262,2591 1319,2588 1376,2586 1434,2582"/>
                <TextEquiv>
                    <Unicode>etwas mehr zu kräffen komme, so wolle sie gehen¬</Unicode>
                </TextEquiv>
            </TextLine>
            <TextLine id="r2l38" custom="readingOrder {index:37;}">
                <Coords points="273,2695 405,2660 488,2703 645,2671 699,2696 754,2665 831,2707 926,2663 982,2708 1071,2707 1294,2654 1261,2611 1233,2635 1140,2591 1012,2618 877,2592 785,2640 642,2582 274,2619"/>
                <Baseline points="281,2640 331,2643 381,2645 431,2646 482,2649 532,2650 582,2652 632,2654 683,2655 733,2656 783,2657 833,2658 884,2658 934,2658 984,2658 1034,2658 1085,2657 1135,2657 1185,2655 1235,2654 1286,2652"/>
                <TextEquiv>
                    <Unicode>gegenwärtig finde sie sich noch zu schwach¬</Unicode>
                </TextEquiv>
            </TextLine>
            <TextLine id="r2l39" custom="readingOrder {index:38;}">
                <Coords points="295,2748 642,2736 756,2783 849,2734 1100,2735 1236,2769 1299,2729 1382,2749 1383,2690 1278,2663 1240,2698 1167,2669 980,2707 906,2659 814,2714 739,2678 567,2711 403,2661 295,2696"/>
                <Baseline points="303,2715 356,2717 410,2719 463,2721 517,2724 570,2726 624,2727 677,2729 731,2730 784,2732 838,2733 892,2734 945,2735 999,2735 1052,2735 1106,2733 1159,2732 1213,2730 1266,2729 1320,2726 1374,2721"/>
                <TextEquiv>
                    <Unicode>da sie mir niedergeschlagener und schwer¬</Unicode>
                </TextEquiv>
            </TextLine>
            <TextLine id="r2l40" custom="readingOrder {index:39;}">
                <Coords points="288,2811 371,2842 490,2800 1011,2839 1368,2808 1336,2748 1278,2775 854,2735 756,2787 638,2736 490,2758 439,2724 367,2767 288,2742"/>
                <Baseline points="296,2784 349,2788 402,2792 455,2795 509,2797 562,2799 615,2801 668,2803 722,2804 775,2805 828,2807 881,2807 935,2807 988,2807 1041,2805 1094,2804 1148,2803 1201,2801 1254,2798 1307,2796 1361,2792"/>
                <TextEquiv>
                    <Unicode>müchtiger vorkomme, als das erstemal, auch</Unicode>
                </TextEquiv>
            </TextLine>
            <TextLine id="r2l41" custom="readingOrder {index:40;}">
                <Coords points="287,2861 1248,2904 1444,2867 1445,2777 1027,2850 945,2810 603,2838 489,2801 372,2841 287,2811"/>
                <Baseline points="294,2853 351,2855 408,2859 465,2862 522,2864 579,2867 636,2870 694,2871 751,2873 808,2874 865,2876 922,2876 979,2876 1036,2875 1094,2874 1151,2872 1208,2870 1265,2865 1322,2862 1379,2857 1437,2850"/>
                <TextEquiv>
                    <Unicode>nach Aussag der Muter, weder aße noch schließe,</Unicode>
                </TextEquiv>
            </TextLine>
            <TextLine id="r2l42" custom="readingOrder {index:41;}">
                <Coords points="280,2948 1188,2949 1237,2989 1412,2940 1412,2880 1290,2869 1027,2922 947,2879 848,2914 747,2875 646,2906 280,2875"/>
                <Baseline points="288,2922 343,2925 399,2928 455,2930 511,2934 567,2936 622,2939 678,2940 734,2943 790,2944 846,2945 901,2946 957,2946 1013,2945 1069,2944 1125,2943 1180,2940 1236,2937 1292,2933 1348,2928 1404,2921"/>
                <TextEquiv>
                    <Unicode>alle Zeit in der Stuben bleibe und leste, so habe</Unicode>
                </TextEquiv>
            </TextLine>
            <TextLine id="r2l43" custom="readingOrder {index:42;}">
                <Coords points="555,2997 578,2997 584,2994 592,2997 596,2993 603,2992 598,2943 591,2943 589,2945 585,2942 573,2948 562,2943 550,2944"/>
                <Baseline points="561,2975 593,2972"/>
                <TextEquiv>
                    <Unicode>zu</Unicode>
                </TextEquiv>
            </TextLine>
            <TextLine id="r2l44" custom="readingOrder {index:43;}">
                <Coords points="289,3045 424,3007 570,3055 815,3020 1102,3069 1445,2991 1425,2936 1161,2997 1070,2944 811,2997 719,2952 499,2990 289,2937"/>
                <Baseline points="297,2994 354,2998 411,3000 468,3003 525,3006 582,3009 639,3012 696,3014 753,3017 810,3018 867,3020 924,3020 981,3020 1038,3018 1095,3016 1152,3014 1209,3011 1266,3005 1323,2999 1380,2991 1437,2982"/>
                <TextEquiv>
                    <Unicode>ich sie aufmunteren, und ihren unruhigen Geist</Unicode>
                </TextEquiv>
            </TextLine>
            <TextLine id="r2l45" custom="readingOrder {index:44;}">
                <Coords points="267,3110 504,3084 739,3126 786,3087 1136,3087 1190,3133 1312,3071 1429,3075 1429,3020 1317,3004 1084,3069 694,3018 572,3057 427,3008 267,3049"/>
                <Baseline points="275,3063 332,3066 389,3069 446,3072 504,3074 561,3078 618,3080 676,3083 733,3085 790,3087 848,3088 905,3089 962,3089 1019,3089 1077,3087 1134,3084 1191,3081 1249,3076 1306,3071 1363,3063 1421,3054"/>
                <TextEquiv>
                    <Unicode>zu stillen gesucht, ihr die Belangung angerahten,</Unicode>
                </TextEquiv>
            </TextLine>
            <TextLine id="r2l46" custom="readingOrder {index:45;}">
                <Coords points="286,3154 805,3157 890,3200 942,3163 1016,3195 1080,3158 1339,3151 1367,3081 1190,3133 1136,3087 905,3088 851,3124 785,3088 739,3127 688,3099 570,3125 504,3084 287,3109"/>
                <Baseline points="294,3129 347,3131 400,3135 453,3138 507,3142 560,3144 613,3147 666,3150 720,3152 773,3155 826,3156 879,3158 933,3158 986,3158 1039,3158 1092,3156 1146,3153 1199,3150 1252,3146 1305,3141 1359,3134"/>
                <TextEquiv>
                    <Unicode>und da sie mir weiter nichts zu sagen hate,</Unicode>
                </TextEquiv>
            </TextLine>
            <TextLine id="r2l47" custom="readingOrder {index:46;}">
                <Coords points="292,3220 372,3198 478,3240 542,3206 593,3257 644,3232 714,3267 875,3229 957,3274 1121,3223 1380,3246 1403,3182 1171,3152 985,3202 934,3163 889,3200 814,3159 573,3188 293,3151"/>
                <Baseline points="300,3197 354,3198 409,3201 464,3204 519,3207 573,3210 628,3213 683,3216 738,3219 792,3221 847,3224 902,3225 957,3227 1011,3227 1066,3227 1121,3225 1176,3224 1230,3221 1285,3216 1340,3211 1395,3204"/>
                <TextEquiv>
                    <Unicode>wie ich sie fragte, so habe ich sie verlaßen.</Unicode>
                </TextEquiv>
            </TextLine>
            <TextLine id="r2l48" custom="readingOrder {index:47;}">
                <Coords points="363,3299 762,3306 809,3348 934,3308 1191,3336 1346,3330 1388,3260 1251,3281 1164,3222 996,3275 819,3231 590,3259 528,3209 446,3269 364,3266"/>
                <Baseline points="371,3282 421,3284 471,3285 522,3287 572,3290 623,3291 673,3294 723,3296 774,3299 824,3301 875,3303 925,3306 975,3308 1026,3309 1076,3311 1127,3311 1177,3311 1227,3311 1278,3309 1328,3308 1379,3305"/>
                <TextEquiv>
                    <Unicode>auf dieses müste ich mich wiederum nach</Unicode>
                </TextEquiv>
            </TextLine>
            <TextLine id="r2l49" custom="readingOrder {index:48;} place {offset:0; length:4;}">
                <Coords points="285,3376 382,3365 453,3406 512,3363 692,3363 1200,3412 1417,3377 1419,3307 1221,3350 1099,3316 991,3347 952,3312 813,3349 762,3306 661,3344 287,3302"/>
                <Baseline points="293,3356 348,3354 404,3354 460,3354 516,3355 572,3357 627,3359 683,3362 739,3365 795,3367 851,3369 906,3372 962,3375 1018,3377 1074,3378 1130,3380 1185,3380 1241,3378 1297,3377 1353,3374 1409,3371"/>
                <TextEquiv>
                    <Unicode>Bern begeben. Bey meiner Ankunft wurde</Unicode>
                </TextEquiv>
            </TextLine>
            <TextLine id="r2l50" custom="readingOrder {index:49;}">
                <Coords points="291,3468 351,3433 527,3433 594,3473 845,3436 980,3487 1068,3445 1351,3459 1434,3442 1435,3396 1295,3430 560,3360 447,3407 401,3370 293,3401"/>
                <Baseline points="299,3425 355,3423 411,3423 468,3423 524,3425 581,3427 637,3429 693,3431 750,3435 806,3438 863,3441 919,3443 975,3446 1032,3447 1088,3449 1145,3449 1201,3450 1257,3449 1314,3447 1370,3444 1427,3440"/>
                <TextEquiv>
                    <Unicode>sich von Mein gnädigen Herrn Schultheißen Hause gestehen, erhielte</Unicode>
                </TextEquiv>
            </TextLine>
            <TextLine id="r2l51" custom="readingOrder {index:50;}">
                <Coords points="297,3514 651,3496 744,3542 863,3513 938,3559 1009,3525 1181,3565 1386,3511 1387,3472 1297,3496 1067,3446 979,3489 903,3438 595,3474 562,3439 354,3432 298,3462"/>
                <Baseline points="305,3494 358,3491 412,3489 466,3488 519,3488 573,3489 627,3489 680,3491 734,3493 788,3495 842,3498 895,3501 949,3503 1003,3505 1056,3507 1110,3510 1164,3511 1217,3512 1271,3513 1325,3512 1379,3512"/>
                <TextEquiv>
                    <Unicode>auch alsobald die Bothschaft, mich des Rachen tages</Unicode>
                </TextEquiv>
            </TextLine>
            <TextLine id="r2l52" custom="readingOrder {index:51;}">
                <Coords points="1211,3622 1258,3620 1269,3607 1289,3603 1312,3580 1328,3574 1391,3572 1388,3533 1360,3542 1325,3512 1286,3527 1261,3520 1239,3529 1220,3547 1207,3545"/>
                <Baseline points="1215,3573 1242,3573 1270,3573 1298,3570 1326,3568 1354,3566 1382,3566"/>
                <TextEquiv>
                    <Unicode>dahin</Unicode>
                </TextEquiv>
            </TextLine>
            <TextEquiv>
                <Unicode>I
Information vernügt zu seyn. Und da sie mich
fragten, was ich nun denke. So war meine Antwort
ganz offenherzig diese.
dem Mensch stehe man
gar keine Schwängerschaft an ich meiner theils
glaube keine, und wenn schon eine sich offenbahr
ren solte, so könne ich nicht stehen, daß die Bahler
sie auf meine Vorstellungen verhalen solte,
und wurde, oder daß jemals einiches Unglück
zu befürchten seÿe, da sie von dem Knecht eine
Eheversprechung habe. Meine Gedanken wurden
nicht misbilliget von Mein gnädigen Herrn und der Frauen¬
Sie glaubten selbst, es seyen Gründe zu hoffen
daß keine Schwänger schaft und nichts böser zu
fürchten seye, so daß weiters keine anderen
demarches für nötig geachtet wurden. Sie
verlangten nur von mir der Fähler zu sagen,
daß sie wiederum nach Bern komme, man
könne, da bes der für ihre Gesundheit sorgen,
Sie werden ihr alle mir mögliche Gedult und
Hilfe beweisen.
dieses habe alsobald nach
meiner Rukkunft, in Gegenwart ihrer alten
Muter bekant gemacht, mich wegen ihrer Gesund¬
heit erkundiget, und von ihr vernommen, daß die
Beschwolst an den Seinen sich in etwas gesetzt.
habe, und sie ein wenig beßer seÿe. Auf die
frag, von wein die Mitel seyen, die da wären,
wäre die Antwort von dem Doctor zu Langnau:
Ihr Bruder Melcher habe sie gehalt. Sie wolle
aber nicht viel Mitel gebrauchen.
Auf
.
das Begehren ihrer gegen sie, so gütigen Herrn
und frauen, hat sie versprochen, sobald sie
etwas mehr zu kräffen komme, so wolle sie gehen¬
gegenwärtig finde sie sich noch zu schwach¬
da sie mir niedergeschlagener und schwer¬
müchtiger vorkomme, als das erstemal, auch
nach Aussag der Muter, weder aße noch schließe,
alle Zeit in der Stuben bleibe und leste, so habe
zu
ich sie aufmunteren, und ihren unruhigen Geist
zu stillen gesucht, ihr die Belangung angerahten,
und da sie mir weiter nichts zu sagen hate,
wie ich sie fragte, so habe ich sie verlaßen.
auf dieses müste ich mich wiederum nach
Bern begeben. Bey meiner Ankunft wurde
sich von Mein gnädigen Herrn Schultheißen Hause gestehen, erhielte
auch alsobald die Bothschaft, mich des Rachen tages
dahin</Unicode>
            </TextEquiv>
        </TextRegion>
        <TextRegion orientation="0.0" id="r3" custom="readingOrder {index:2;}">
            <Coords points="1590,285 1590,3533 2847,3533 2847,285"/>
            <TextLine id="r3l1" custom="readingOrder {index:0;}">
                <Coords points="2729,371 2757,372 2778,365 2789,373 2852,373 2855,280 2829,287 2803,279 2782,287 2770,278 2758,278 2732,289"/>
                <Baseline points="2738,321 2765,318 2792,320 2819,322 2846,321"/>
                <TextEquiv>
                    <Unicode>392</Unicode>
                </TextEquiv>
            </TextLine>
            <TextLine id="r3l2" custom="readingOrder {index:1;}">
                <Coords points="1896,369 1914,368 1928,376 1953,364 1981,379 2011,373 2024,376 2022,308 2007,311 1979,288 1956,288 1903,335 1895,335"/>
                <Baseline points="1904,369 1931,372 1959,372 1987,371 2015,366"/>
                <TextEquiv>
                    <Unicode>d</Unicode>
                </TextEquiv>
            </TextLine>
            <TextLine id="r3l3" custom="readingOrder {index:2;} person {offset:0; length:6;}">
                <Coords points="1957,438 1984,441 2032,399 2064,391 2128,403 2149,392 2193,401 2211,388 2272,391 2271,342 2209,314 2168,331 2130,303 2014,372 1956,371"/>
                <Baseline points="1964,392 1989,391 2014,390 2039,390 2064,390 2089,392 2114,392 2139,392 2164,392 2189,391 2214,389 2239,387 2264,384"/>
                <TextEquiv>
                    <Unicode>Dähler</Unicode>
                </TextEquiv>
            </TextLine>
            <TextLine id="r3l4" custom="readingOrder {index:3;}">
                <Coords points="2089,433 2109,435 2117,443 2138,427 2150,435 2174,428 2204,443 2215,433 2258,431 2259,386 2240,385 2226,397 2211,389 2193,400 2179,392 2159,399 2148,391 2133,402 2120,402 2113,394 2090,398"/>
                <Baseline points="2097,419 2122,422 2148,425 2173,426 2199,426 2224,426 2250,425"/>
                <TextEquiv>
                    <Unicode>in</Unicode>
                </TextEquiv>
            </TextLine>
            <TextLine id="r3l5" custom="readingOrder {index:4;}">
                <Coords points="1583,551 1943,485 2375,476 2492,525 2812,469 2809,407 2749,377 2455,437 2376,396 2076,459 1842,432 1581,502"/>
                <Baseline points="1590,530 1650,518 1711,510 1772,501 1832,496 1893,491 1954,486 2014,483 2075,480 2136,479 2197,477 2257,476 2318,474 2379,474 2439,473 2500,473 2561,471 2621,470 2682,468 2743,465 2804,461"/>
                <TextEquiv>
                    <Unicode>ddahin zu begeben, welches auch geschehen ist, und</Unicode>
                </TextEquiv>
            </TextLine>
            <TextLine id="r3l6" custom="readingOrder {index:5;}">
                <Coords points="2723,564 2749,556 2774,532 2794,545 2801,537 2813,538 2810,470 2798,470 2794,474 2784,470 2765,474 2755,469 2745,473 2737,470 2731,477 2719,477"/>
                <Baseline points="2730,531 2755,529 2780,527 2805,528"/>
                <TextEquiv>
                    <Unicode>Auch</Unicode>
                </TextEquiv>
            </TextLine>
            <TextLine id="r3l7" custom="readingOrder {index:6;}">
                <Coords points="1622,632 1736,588 1937,595 1993,551 2067,576 2152,543 2221,589 2451,532 2618,565 2615,492 2419,518 2374,478 2256,515 2206,480 1944,485 1807,538 1619,547"/>
                <Baseline points="1628,587 1677,577 1726,568 1775,562 1824,555 1873,551 1922,546 1971,544 2020,542 2069,540 2118,540 2167,539 2216,539 2265,539 2314,539 2363,537 2412,537 2461,536 2510,534 2559,533 2609,530"/>
                <TextEquiv>
                    <Unicode>ohne die Botschaft wurde geschehen seyn.</Unicode>
                </TextEquiv>
            </TextLine>
            <TextLine id="r3l8" custom="readingOrder {index:7;}">
                <Coords points="1636,655 2251,596 2463,641 2530,601 2710,621 2833,607 2831,548 2704,519 2554,579 2466,531 2220,587 2156,545 2023,549 1915,599 1634,619"/>
                <Baseline points="1643,639 1702,632 1761,625 1820,620 1879,615 1938,612 1997,608 2056,605 2115,603 2174,602 2234,600 2293,599 2352,599 2411,597 2470,597 2529,596 2588,596 2647,594 2706,593 2765,591 2825,590"/>
                <TextEquiv>
                    <Unicode>meinen umständlichen Bericht, von dem Zustand</Unicode>
                </TextEquiv>
            </TextLine>
            <TextLine id="r3l9" custom="readingOrder {index:8;}">
                <Coords points="1627,714 2147,664 2263,716 2335,654 2488,688 2584,660 2665,702 2768,651 2836,679 2799,594 2530,601 2465,642 2250,596 2014,654 1625,649"/>
                <Baseline points="1634,701 1693,694 1753,688 1812,682 1872,678 1932,674 1991,671 2051,668 2110,666 2170,665 2230,663 2289,662 2349,660 2408,659 2468,659 2528,657 2587,656 2647,653 2706,651 2766,648 2826,645"/>
                <TextEquiv>
                    <Unicode>der Fähler, begehrten Meine gnädige Herrn Schultheiß und Frau¬</Unicode>
                </TextEquiv>
            </TextLine>
            <TextLine id="r3l10" custom="readingOrder {index:9;}">
                <Coords points="1616,802 2074,727 2783,742 2789,655 2666,703 2585,661 2316,654 2253,708 2145,663 1613,715"/>
                <Baseline points="1623,764 1681,757 1739,749 1797,744 1855,739 1913,734 1971,731 2029,728 2087,725 2145,723 2203,722 2261,720 2319,720 2377,719 2435,718 2493,717 2551,717 2609,716 2667,714 2725,713 2784,711"/>
                <TextEquiv>
                    <Unicode>Ich solte der selbigen tagen, daß weil sie nicht</Unicode>
                </TextEquiv>
            </TextLine>
            <TextLine id="r3l11" custom="readingOrder {index:10;}">
                <Coords points="1632,852 1853,799 2725,783 2737,737 2497,715 2233,760 2076,726 1630,803"/>
                <Baseline points="1638,819 1692,814 1747,809 1801,804 1856,799 1911,796 1965,792 2020,789 2074,786 2129,783 2184,782 2238,779 2293,778 2347,776 2402,774 2457,773 2511,773 2566,771 2620,770 2675,770 2730,768"/>
                <TextEquiv>
                    <Unicode>länger ohne Köchin seyn könten, und lange</Unicode>
                </TextEquiv>
            </TextLine>
            <TextLine id="r3l12" custom="readingOrder {index:11;}">
                <Coords points="1624,907 1970,860 2125,891 2208,846 2362,894 2518,889 2611,835 2732,870 2827,840 2824,772 1621,841"/>
                <Baseline points="1631,879 1690,874 1749,869 1809,863 1868,859 1928,855 1987,852 2046,848 2106,846 2165,843 2225,840 2284,839 2343,837 2403,836 2462,834 2522,833 2581,833 2640,831 2700,831 2759,830 2819,830"/>
                <TextEquiv>
                    <Unicode>genug Gedult gehabt haten, so seye ihr Befehl</Unicode>
                </TextEquiv>
            </TextLine>
            <TextLine id="r3l13" custom="readingOrder {index:12;}">
                <Coords points="1623,970 1707,982 1748,939 1898,984 2007,931 2536,910 2692,950 2835,868 2436,839 2375,890 2032,892 1997,860 1621,911"/>
                <Baseline points="1629,947 1689,941 1749,935 1809,930 1869,926 1929,922 1989,919 2049,917 2109,914 2169,912 2229,911 2289,909 2349,908 2409,906 2469,905 2529,905 2589,903 2649,900 2709,899 2769,896 2829,893"/>
                <TextEquiv>
                    <Unicode>daß sie sich ohne fernere Versaumend bey ihnen</Unicode>
                </TextEquiv>
            </TextLine>
            <TextLine id="r3l14" custom="readingOrder {index:13;}">
                <Coords points="1979,1018 2785,978 2765,912 2695,953 2625,909 2533,937 2496,916 1978,930"/>
                <Baseline points="1986,986 2025,984 2065,983 2104,981 2144,981 2184,980 2223,980 2263,980 2302,978 2342,978 2382,978 2421,978 2461,978 2500,978 2540,978 2580,977 2619,977 2659,975 2698,975 2738,974 2778,972"/>
                <TextEquiv>
                    <Unicode>diese Commission habe ich aber</Unicode>
                </TextEquiv>
            </TextLine>
            <TextLine id="r3l15" custom="readingOrder {index:14;}">
                <Coords points="1631,1027 1657,1022 1681,1043 1804,1018 1847,1041 1866,1029 1860,944 1841,957 1818,938 1784,954 1744,943 1706,987 1682,978 1668,990 1629,995"/>
                <Baseline points="1637,1010 1664,1008 1691,1006 1719,1002 1746,999 1773,996 1801,995 1828,995 1856,998"/>
                <TextEquiv>
                    <Unicode>einfinde.</Unicode>
                </TextEquiv>
            </TextLine>
            <TextLine id="r3l16" custom="readingOrder {index:15;}">
                <Coords points="1619,1106 2571,1053 2670,1090 2786,1051 2784,978 1617,1050"/>
                <Baseline points="1625,1079 1682,1074 1740,1069 1797,1065 1855,1062 1913,1059 1970,1058 2028,1055 2086,1053 2143,1052 2201,1050 2259,1049 2316,1049 2374,1047 2432,1047 2489,1047 2547,1046 2605,1046 2662,1046 2720,1046 2778,1044"/>
                <TextEquiv>
                    <Unicode>gerade nach meiner Rukkunft nicht ausrichten</Unicode>
                </TextEquiv>
            </TextLine>
            <TextLine id="r3l17" custom="readingOrder {index:16;}">
                <Coords points="1619,1153 1801,1183 1897,1132 2620,1141 2768,1112 2767,1067 2429,1099 2386,1065 2291,1093 2142,1063 2001,1101 1878,1064 1734,1119 1618,1106"/>
                <Baseline points="1626,1143 1682,1139 1739,1136 1796,1133 1852,1131 1909,1128 1966,1127 2022,1125 2079,1124 2136,1122 2193,1121 2249,1120 2306,1119 2363,1118 2419,1116 2476,1115 2533,1115 2589,1113 2646,1110 2703,1109 2760,1106"/>
                <TextEquiv>
                    <Unicode>konnen, sondern weilen ich, wegen einigen</Unicode>
                </TextEquiv>
            </TextLine>
            <TextLine id="r3l18" custom="readingOrder {index:17;}">
                <Coords points="1618,1235 1930,1194 2168,1244 2299,1191 2617,1192 2724,1234 2825,1188 2823,1114 2784,1109 2493,1158 2363,1127 2265,1166 1965,1137 1828,1181 1617,1168"/>
                <Baseline points="1625,1205 1684,1203 1744,1201 1803,1199 1863,1199 1923,1197 1982,1196 2042,1196 2101,1194 2161,1194 2221,1193 2280,1193 2340,1191 2399,1190 2459,1190 2519,1188 2578,1186 2638,1184 2697,1182 2757,1179 2817,1176"/>
                <TextEquiv>
                    <Unicode>praessierenden Angelegenheiten eine Reise zu thun</Unicode>
                </TextEquiv>
            </TextLine>
            <TextLine id="r3l19" custom="readingOrder {index:18;}">
                <Coords points="1607,1314 2158,1259 2217,1296 2266,1263 2313,1295 2497,1257 2718,1278 2815,1258 2813,1197 2697,1235 2616,1192 2352,1220 2301,1190 2008,1250 1739,1203 1605,1250"/>
                <Baseline points="1613,1277 1672,1275 1732,1274 1792,1272 1851,1271 1911,1269 1971,1268 2030,1266 2090,1265 2150,1263 2210,1263 2269,1262 2329,1260 2389,1259 2448,1259 2508,1257 2568,1255 2627,1254 2687,1251 2747,1250 2807,1247"/>
                <TextEquiv>
                    <Unicode>hate, so habe ich sie aufgeschoben, als ich</Unicode>
                </TextEquiv>
            </TextLine>
            <TextLine id="r3l20" custom="readingOrder {index:19;} place {offset:36; length:7; continued:true;}">
                <Coords points="1627,1359 2303,1370 2467,1330 2566,1377 2842,1338 2841,1265 2686,1294 2631,1261 2485,1311 2365,1263 1924,1308 1811,1275 1627,1324"/>
                <Baseline points="1634,1340 1694,1340 1754,1340 1814,1338 1874,1338 1934,1337 1994,1337 2054,1335 2114,1334 2174,1334 2234,1332 2294,1331 2354,1331 2414,1329 2474,1328 2534,1326 2594,1325 2654,1325 2714,1323 2774,1322 2834,1320"/>
                <TextEquiv>
                    <Unicode>nach vollendeter Reise, wiederum zu Masten¬</Unicode>
                </TextEquiv>
            </TextLine>
            <TextLine id="r3l21" custom="readingOrder {index:20;} place {offset:0; length:3; continued:true;}">
                <Coords points="1618,1461 1722,1409 1829,1460 1922,1411 2100,1405 2269,1454 2536,1446 2574,1409 2611,1438 2795,1402 2795,1338 2564,1381 2462,1330 2227,1389 1982,1341 1764,1386 1616,1362"/>
                <Baseline points="1625,1409 1683,1409 1741,1409 1799,1408 1857,1407 1915,1407 1973,1407 2031,1407 2089,1407 2147,1406 2206,1406 2264,1405 2322,1404 2380,1403 2438,1403 2496,1401 2554,1400 2612,1398 2670,1397 2728,1395 2787,1392"/>
                <TextEquiv>
                    <Unicode>wyl anlangte, und vernahme (: jedoch ich nur</Unicode>
                </TextEquiv>
            </TextLine>
            <TextLine id="r3l22" custom="readingOrder {index:21;}">
                <Coords points="1624,1511 2473,1472 2656,1520 2810,1474 2810,1439 2582,1411 2533,1450 2272,1456 2200,1411 1999,1458 1838,1463 1766,1421 1624,1456"/>
                <Baseline points="1631,1479 1689,1479 1748,1479 1806,1479 1865,1479 1923,1479 1982,1479 2040,1478 2099,1478 2157,1478 2216,1476 2275,1476 2333,1475 2392,1475 2450,1473 2509,1472 2567,1472 2626,1470 2684,1469 2743,1469 2802,1467"/>
                <TextEquiv>
                    <Unicode>es bekennen, durch hören sagen die Bähler</Unicode>
                </TextEquiv>
            </TextLine>
            <TextLine id="r3l23" custom="readingOrder {index:22;} place {offset:10; length:4;}">
                <Coords points="1618,1564 1677,1594 1756,1552 2277,1577 2406,1541 2461,1584 2530,1548 2651,1588 2787,1545 2787,1477 2624,1514 2358,1476 2287,1533 2090,1480 1924,1490 1852,1538 1617,1503"/>
                <Baseline points="1626,1551 1683,1551 1741,1551 1799,1551 1856,1551 1914,1551 1972,1551 2029,1551 2087,1551 2145,1550 2203,1550 2260,1549 2318,1548 2376,1548 2433,1547 2491,1547 2549,1546 2606,1545 2664,1545 2722,1544 2780,1544"/>
                <TextEquiv>
                    <Unicode>seye nach Bern verreistet, so zweifelt ein</Unicode>
                </TextEquiv>
            </TextLine>
            <TextLine id="r3l24" custom="readingOrder {index:23;}">
                <Coords points="1624,1626 1746,1665 1870,1625 2457,1614 2572,1663 2616,1624 2789,1615 2788,1545 2585,1601 2519,1557 2409,1604 2132,1554 2087,1591 1623,1572"/>
                <Baseline points="1632,1622 1689,1622 1746,1623 1804,1623 1861,1623 1919,1623 1976,1625 2034,1625 2091,1625 2149,1625 2206,1624 2263,1623 2321,1623 2378,1622 2436,1622 2493,1620 2551,1619 2608,1617 2666,1616 2723,1614 2781,1611"/>
                <TextEquiv>
                    <Unicode>nicht, sie werde sich wiederum bey ihrem </Unicode>
                </TextEquiv>
            </TextLine>
            <TextLine id="r3l25" custom="readingOrder {index:24;}">
                <Coords points="2293,1701 2396,1693 2485,1739 2510,1720 2564,1730 2618,1692 2758,1709 2773,1705 2773,1669 2668,1655 2622,1625 2572,1663 2507,1679 2381,1665 2347,1632 2292,1638"/>
                <Baseline points="2301,1695 2326,1694 2352,1694 2378,1692 2404,1692 2429,1692 2455,1692 2481,1692 2507,1692 2533,1692 2558,1692 2584,1691 2610,1691 2636,1691 2661,1691 2687,1690 2713,1689 2739,1689 2765,1688"/>
                <TextEquiv>
                    <Unicode>Die aufgetragene</Unicode>
                </TextEquiv>
            </TextLine>
            <TextLine id="r3l26" custom="readingOrder {index:25;}">
                <Coords points="1627,1703 1737,1701 1794,1738 1838,1707 1904,1719 1952,1701 1982,1715 2102,1701 2173,1724 2173,1646 2120,1648 2097,1628 1850,1655 1813,1636 1751,1677 1706,1637 1627,1628"/>
                <Baseline points="1634,1692 1660,1693 1687,1694 1713,1694 1740,1695 1767,1695 1793,1695 1820,1695 1846,1695 1873,1695 1900,1695 1926,1695 1953,1695 1979,1694 2006,1694 2033,1694 2059,1694 2086,1694 2112,1694 2139,1694 2166,1694"/>
                <TextEquiv>
                    <Unicode>alten Herrn befinden.</Unicode>
                </TextEquiv>
            </TextLine>
            <TextLine id="r3l27" custom="readingOrder {index:26;}">
                <Coords points="2206,1737 2224,1733 2229,1738 2232,1736 2240,1740 2246,1738 2258,1740 2251,1655 2243,1656 2238,1651 2226,1649 2219,1658 2210,1662 2200,1662"/>
                <Baseline points="2210,1697 2247,1694"/>
                <TextEquiv>
                    <Unicode>.</Unicode>
                </TextEquiv>
            </TextLine>
            <TextLine id="r3l28" custom="readingOrder {index:27;} person {offset:39; length:12; continued:true;}">
                <Coords points="1619,1781 2149,1769 2193,1800 2254,1769 2459,1805 2498,1765 2832,1773 2806,1698 2617,1746 2475,1745 2402,1694 2251,1742 2168,1704 1793,1737 1619,1696"/>
                <Baseline points="1626,1764 1689,1764 1752,1764 1815,1764 1878,1764 1941,1764 2004,1764 2067,1764 2130,1764 2193,1764 2257,1764 2320,1764 2383,1764 2446,1764 2509,1763 2572,1763 2635,1761 2698,1760 2761,1758 2825,1755"/>
                <TextEquiv>
                    <Unicode>Com̅ission bliebe unterlangen, und ich ganz kummer-</Unicode>
                </TextEquiv>
            </TextLine>
            <TextLine id="r3l29" custom="readingOrder {index:28;} person {offset:0; length:3; continued:true;}">
                <Coords points="1621,1850 1981,1848 2027,1886 2218,1841 2743,1853 2743,1788 2553,1820 2402,1776 2190,1800 1979,1769 1770,1814 1621,1780"/>
                <Baseline points="1628,1826 1683,1828 1738,1830 1794,1832 1849,1833 1904,1835 1960,1836 2015,1836 2070,1838 2126,1838 2181,1838 2236,1838 2292,1838 2347,1838 2402,1838 2458,1838 2513,1836 2568,1836 2624,1835 2679,1835 2735,1833"/>
                <TextEquiv>
                    <Unicode>los, informirte mich nicht weiter, weis auch</Unicode>
                </TextEquiv>
            </TextLine>
            <TextLine id="r3l30" custom="readingOrder {index:29;}">
                <Coords points="1630,1937 2079,1908 2251,1962 2489,1909 2854,1960 2837,1855 2399,1893 2218,1841 2047,1891 1979,1847 1631,1838"/>
                <Baseline points="1638,1898 1698,1901 1758,1902 1819,1904 1879,1905 1940,1907 2000,1908 2061,1910 2121,1910 2182,1911 2242,1911 2302,1913 2363,1913 2423,1913 2484,1914 2544,1914 2605,1914 2665,1916 2726,1916 2786,1917 2847,1917"/>
                <TextEquiv>
                    <Unicode>nicht was weiters erfolget, und wie das Mensch</Unicode>
                </TextEquiv>
            </TextLine>
            <TextLine id="r3l31" custom="readingOrder {index:30;}">
                <Coords points="1624,1991 1830,2019 1890,1996 1929,2028 1987,1999 2156,1993 2219,2024 2317,1993 2319,1939 2151,1961 2071,1921 1971,1944 1801,1910 1625,1956"/>
                <Baseline points="1632,1970 1665,1973 1699,1974 1733,1976 1767,1977 1801,1979 1835,1980 1869,1980 1903,1982 1937,1982 1971,1983 2004,1983 2038,1985 2072,1985 2106,1986 2140,1986 2174,1988 2208,1989 2242,1989 2276,1991 2310,1994"/>
                <TextEquiv>
                    <Unicode>in die Instul gekommen ist.</Unicode>
                </TextEquiv>
            </TextLine>
            <TextLine id="r3l32" custom="readingOrder {index:31;}">
                <Coords points="1714,2104 2153,2114 2222,2079 2496,2140 2562,2098 2834,2098 2835,2033 2794,2019 2563,2044 2336,1990 2066,2058 1993,1998 1947,2027 1716,1999"/>
                <Baseline points="1722,2066 1777,2070 1832,2072 1887,2075 1942,2078 1998,2079 2053,2081 2108,2083 2163,2084 2218,2085 2274,2087 2329,2087 2384,2088 2439,2088 2494,2088 2550,2088 2605,2088 2660,2088 2715,2088 2770,2087 2826,2085"/>
                <TextEquiv>
                    <Unicode>Dieses ist die ohne Auslaßung der Bestent¬</Unicode>
                </TextEquiv>
            </TextLine>
            <TextLine id="r3l33" custom="readingOrder {index:32;}">
                <Coords points="1619,2149 1912,2187 2070,2156 2131,2203 2557,2171 2641,2218 2830,2190 2832,2120 2703,2103 2545,2152 2218,2083 1903,2126 1820,2080 1620,2105"/>
                <Baseline points="1626,2141 1685,2144 1745,2145 1805,2148 1865,2150 1925,2153 1985,2155 2044,2158 2104,2160 2164,2163 2224,2165 2284,2168 2344,2169 2404,2171 2463,2172 2523,2172 2583,2172 2643,2172 2703,2170 2763,2168 2823,2166"/>
                <TextEquiv>
                    <Unicode>lichen Sachen, kurtz gefarte, aber ungeschmink¬</Unicode>
                </TextEquiv>
            </TextLine>
            <TextLine id="r3l34" custom="readingOrder {index:33;}">
                <Coords points="1616,2222 2029,2281 2120,2233 2211,2285 2358,2246 2431,2290 2548,2241 2800,2256 2822,2210 1617,2152"/>
                <Baseline points="1623,2207 1682,2211 1742,2215 1801,2218 1861,2222 1920,2225 1980,2228 2039,2230 2099,2232 2158,2234 2218,2237 2278,2237 2337,2238 2397,2238 2456,2240 2516,2240 2575,2238 2635,2238 2694,2237 2754,2235 2814,2232"/>
                <TextEquiv>
                    <Unicode>te, offenhertzige und warhafte Erzehlung meiner</Unicode>
                </TextEquiv>
            </TextLine>
            <TextLine id="r3l35" custom="readingOrder {index:34;}">
                <Coords points="1614,2297 1704,2291 1767,2342 1870,2304 2466,2344 2700,2310 2779,2347 2782,2256 2698,2281 2564,2243 2424,2293 2324,2247 2212,2286 2082,2246 2031,2283 1912,2234 1616,2235"/>
                <Baseline points="1622,2277 1679,2282 1737,2287 1794,2291 1852,2295 1909,2299 1967,2302 2024,2305 2082,2308 2139,2310 2197,2312 2254,2313 2312,2315 2369,2316 2427,2317 2484,2318 2542,2318 2599,2318 2657,2318 2714,2318 2772,2316"/>
                <TextEquiv>
                    <Unicode>Verrichtungen und meiner Verhaltend, so¬</Unicode>
                </TextEquiv>
            </TextLine>
            <TextLine id="r3l36" custom="readingOrder {index:35;}">
                <Coords points="1625,2401 1715,2360 1904,2421 1963,2382 2776,2395 2777,2351 2700,2310 2636,2359 2218,2316 2153,2358 1989,2310 1772,2344 1630,2283"/>
                <Baseline points="1635,2348 1691,2352 1748,2356 1804,2361 1861,2364 1918,2368 1974,2371 2031,2373 2088,2377 2144,2379 2201,2381 2258,2384 2314,2385 2371,2387 2428,2388 2484,2388 2541,2390 2598,2390 2654,2390 2711,2388 2768,2388"/>
                <TextEquiv>
                    <Unicode>wohl in Ansehung der Fähler, als in Ansehen</Unicode>
                </TextEquiv>
            </TextLine>
            <TextLine id="r3l37" custom="readingOrder {index:36;}">
                <Coords points="1629,2467 1859,2443 1953,2493 2096,2448 2504,2516 2585,2470 2758,2483 2762,2398 1632,2396"/>
                <Baseline points="1638,2417 1693,2422 1749,2426 1804,2430 1860,2433 1916,2438 1971,2442 2027,2445 2083,2448 2138,2451 2194,2454 2250,2456 2305,2459 2361,2461 2417,2463 2472,2465 2528,2466 2584,2468 2639,2468 2695,2468 2751,2469"/>
                <TextEquiv>
                    <Unicode>desjenigen was zwischen Meine gnädigen Herren Schultheiß</Unicode>
                </TextEquiv>
            </TextLine>
            <TextLine id="r3l38" custom="readingOrder {index:37;}">
                <Coords points="1624,2510 2337,2538 2474,2593 2761,2552 2737,2489 2668,2527 2586,2469 2378,2519 1933,2492 1762,2437 1626,2466"/>
                <Baseline points="1632,2486 1688,2490 1744,2493 1800,2497 1856,2501 1912,2505 1968,2509 2024,2514 2080,2519 2136,2522 2192,2527 2248,2531 2304,2533 2360,2537 2416,2540 2472,2543 2528,2543 2584,2544 2640,2544 2696,2544 2753,2543"/>
                <TextEquiv>
                    <Unicode>und der Frauen und mir ist berahten und</Unicode>
                </TextEquiv>
            </TextLine>
            <TextLine id="r3l39" custom="readingOrder {index:38;}">
                <Coords points="1610,2598 1660,2617 1701,2582 1732,2605 1758,2588 1791,2606 1872,2596 1947,2621 2002,2605 2070,2618 2073,2568 1983,2536 1923,2547 1880,2515 1822,2536 1780,2516 1734,2526 1707,2505 1671,2534 1614,2531"/>
                <Baseline points="1620,2570 1646,2570 1672,2570 1698,2571 1724,2571 1750,2572 1776,2573 1802,2574 1828,2576 1855,2577 1881,2579 1907,2580 1933,2582 1959,2582 1985,2585 2011,2586 2037,2587 2064,2588"/>
                <TextEquiv>
                    <Unicode>behandelt worden.</Unicode>
                </TextEquiv>
            </TextLine>
            <TextLine id="r3l40" custom="readingOrder {index:39;}">
                <Coords points="2193,2641 2383,2656 2438,2624 2557,2622 2605,2644 2704,2618 2760,2639 2771,2563 2607,2549 2553,2581 2470,2587 2413,2553 2335,2544 2304,2565 2243,2533 2195,2564"/>
                <Baseline points="2202,2600 2230,2601 2258,2603 2286,2604 2314,2604 2342,2606 2370,2606 2398,2607 2426,2609 2454,2609 2482,2609 2510,2610 2538,2610 2566,2610 2594,2612 2622,2612 2650,2612 2678,2612 2706,2613 2734,2613 2762,2613"/>
                <TextEquiv>
                    <Unicode>Erstege mir erlaubt,</Unicode>
                </TextEquiv>
            </TextLine>
            <TextLine id="r3l41" custom="readingOrder {index:40;}">
                <Coords points="1612,2664 1964,2668 2098,2717 2198,2685 2251,2724 2423,2675 2409,2644 2157,2654 2113,2614 1966,2644 1873,2597 1768,2632 1701,2603 1614,2626"/>
                <Baseline points="1620,2642 1659,2644 1699,2646 1739,2648 1779,2650 1818,2652 1858,2655 1898,2657 1938,2659 1977,2661 2017,2664 2057,2666 2097,2667 2136,2669 2176,2670 2216,2672 2256,2673 2295,2674 2335,2675 2375,2675 2415,2675"/>
                <TextEquiv>
                    <Unicode>folgendes wenige beyzufügen.</Unicode>
                </TextEquiv>
            </TextLine>
            <TextLine id="r3l42" custom="readingOrder {index:41;}">
                <Coords points="1599,2763 1760,2737 2136,2792 2254,2757 2730,2785 2769,2695 2405,2735 2328,2695 2257,2731 2196,2684 2097,2719 1961,2667 1860,2720 1665,2652 1601,2676"/>
                <Baseline points="1607,2727 1664,2730 1722,2733 1779,2736 1837,2739 1895,2742 1952,2744 2010,2747 2067,2748 2125,2750 2183,2751 2240,2753 2298,2754 2355,2755 2413,2756 2471,2757 2528,2758 2586,2759 2643,2759 2701,2760 2759,2760"/>
                <TextEquiv>
                    <Unicode>Ist die gantze Sache heimlich und mit Menage¬</Unicode>
                </TextEquiv>
            </TextLine>
            <TextLine id="r3l43" custom="readingOrder {index:42;}">
                <Coords points="1619,2818 2318,2835 2398,2881 2476,2843 2812,2843 2813,2785 2759,2769 1620,2764"/>
                <Baseline points="1626,2804 1688,2807 1750,2810 1812,2813 1874,2814 1936,2817 1998,2820 2060,2822 2122,2824 2184,2826 2246,2828 2308,2828 2370,2829 2432,2831 2494,2831 2556,2831 2618,2831 2680,2829 2742,2829 2805,2828"/>
                <TextEquiv>
                    <Unicode>ment der Reputation des Menschen behandlet</Unicode>
                </TextEquiv>
            </TextLine>
            <TextLine id="r3l44" custom="readingOrder {index:43;}">
                <Coords points="1624,2888 1928,2948 2108,2907 2174,2952 2377,2899 2485,2954 2553,2914 2777,2921 2789,2874 2680,2840 2565,2881 2498,2843 2417,2886 2284,2832 1903,2878 1796,2820 1688,2859 1625,2817"/>
                <Baseline points="1632,2877 1689,2882 1746,2885 1804,2889 1861,2892 1919,2894 1976,2896 2034,2898 2091,2900 2149,2901 2206,2903 2263,2903 2321,2904 2378,2904 2436,2904 2493,2904 2551,2903 2608,2902 2666,2900 2723,2898 2781,2897"/>
                <TextEquiv>
                    <Unicode>worden, mehr als er häte geschehen sollen,</Unicode>
                </TextEquiv>
            </TextLine>
            <TextLine id="r3l45" custom="readingOrder {index:44;}">
                <Coords points="1626,2954 2461,2982 2496,3018 2537,2980 2716,2989 2718,2933 2571,2912 2469,2966 2335,2912 2132,2959 2054,2918 1932,2949 1628,2892"/>
                <Baseline points="1634,2949 1687,2952 1741,2955 1795,2958 1849,2961 1902,2964 1956,2967 2010,2970 2064,2972 2117,2975 2171,2976 2225,2979 2279,2980 2332,2981 2386,2981 2440,2981 2494,2981 2547,2979 2601,2977 2655,2975 2709,2972"/>
                <TextEquiv>
                    <Unicode>sind deswegen die in dergleichen Fällen</Unicode>
                </TextEquiv>
            </TextLine>
            <TextLine id="r3l46" custom="readingOrder {index:45;}">
                <Coords points="1619,3076 1770,3040 2793,3076 2795,2999 2746,2977 2537,2980 2497,3018 2419,2986 2351,3031 2288,2981 1622,2970"/>
                <Baseline points="1628,3018 1689,3023 1750,3027 1811,3032 1872,3034 1933,3038 1994,3041 2055,3043 2116,3045 2177,3047 2238,3048 2299,3050 2360,3051 2421,3051 2482,3051 2543,3051 2604,3051 2665,3051 2726,3051 2787,3050"/>
                <TextEquiv>
                    <Unicode>vorzukehrende Anstalten, und die mir nicht</Unicode>
                </TextEquiv>
            </TextLine>
            <TextLine id="r3l47" custom="readingOrder {index:46;}">
                <Coords points="1615,3099 1782,3135 1856,3102 2095,3162 2222,3118 2280,3158 2319,3127 2622,3149 2752,3130 2754,3052 2586,3101 2511,3056 2308,3090 2143,3049 1616,3064"/>
                <Baseline points="1622,3090 1678,3092 1734,3096 1790,3099 1846,3101 1902,3105 1958,3107 2014,3110 2070,3111 2126,3114 2183,3116 2239,3117 2295,3119 2351,3120 2407,3120 2463,3121 2519,3121 2575,3120 2631,3120 2687,3119 2744,3117"/>
                <TextEquiv>
                    <Unicode>unbekent sind, nicht gemacht worden, so ist</Unicode>
                </TextEquiv>
            </TextLine>
            <TextLine id="r3l48" custom="readingOrder {index:47;}">
                <Coords points="1623,3170 1733,3169 1782,3221 2187,3185 2310,3234 2483,3189 2584,3222 2729,3197 2730,3125 2427,3162 2323,3125 2283,3159 2231,3119 2096,3161 1625,3101"/>
                <Baseline points="1631,3162 1685,3163 1740,3164 1794,3167 1849,3168 1903,3170 1958,3173 2012,3174 2067,3176 2121,3179 2176,3180 2230,3183 2285,3184 2339,3185 2394,3186 2448,3186 2503,3186 2557,3186 2612,3186 2666,3185 2721,3182"/>
                <TextEquiv>
                    <Unicode>davon keine andere Ursache, als der feste</Unicode>
                </TextEquiv>
            </TextLine>
            <TextLine id="r3l49" custom="readingOrder {index:48;}">
                <Coords points="1620,3239 2442,3291 2745,3258 2746,3214 2676,3185 2594,3228 2480,3190 2305,3239 2267,3204 2161,3233 2033,3185 1917,3219 1622,3164"/>
                <Baseline points="1628,3228 1683,3228 1739,3230 1794,3231 1850,3233 1905,3235 1961,3238 2016,3240 2072,3243 2127,3246 2183,3249 2238,3251 2294,3254 2349,3255 2405,3257 2460,3257 2516,3258 2571,3257 2627,3257 2682,3255 2738,3252"/>
                <TextEquiv>
                    <Unicode>Glauben, darinnen ich wäre, es seye keine</Unicode>
                </TextEquiv>
            </TextLine>
            <TextLine id="r3l50" custom="readingOrder {index:49;}">
                <Coords points="1618,3339 1729,3296 2006,3339 2074,3308 2456,3354 2731,3339 2733,3287 2627,3262 2441,3293 2272,3254 2216,3284 1999,3239 1750,3271 1622,3237"/>
                <Baseline points="1628,3291 1682,3291 1737,3292 1792,3293 1847,3296 1902,3297 1956,3299 2011,3303 2066,3306 2121,3308 2176,3311 2230,3314 2285,3317 2340,3320 2395,3321 2450,3324 2504,3325 2559,3326 2614,3326 2669,3325 2724,3323"/>
                <TextEquiv>
                    <Unicode>Schwängerschaft obhanden, und wenn sich schon</Unicode>
                </TextEquiv>
            </TextLine>
            <TextLine id="r3l51" custom="readingOrder {index:50;}">
                <Coords points="1629,3376 2671,3427 2790,3416 2794,3338 2480,3321 2379,3357 1753,3298 1631,3338"/>
                <Baseline points="1638,3353 1695,3353 1752,3353 1809,3354 1867,3356 1924,3359 1981,3362 2039,3365 2096,3369 2153,3372 2211,3377 2268,3380 2325,3384 2382,3387 2440,3390 2497,3392 2554,3393 2612,3395 2669,3395 2726,3393 2784,3390"/>
                <TextEquiv>
                    <Unicode>eine offenbahren solte, so werde die Fähler sie</Unicode>
                </TextEquiv>
            </TextLine>
            <TextLine id="r3l52" custom="readingOrder {index:51;}">
                <Coords points="1593,3464 1922,3423 2132,3484 2202,3445 2370,3503 2496,3461 2784,3492 2787,3413 2706,3387 2475,3422 2138,3380 2032,3413 1847,3365 1758,3406 1597,3383"/>
                <Baseline points="1602,3428 1660,3425 1719,3423 1778,3422 1837,3423 1896,3425 1954,3427 2013,3430 2072,3433 2131,3438 2190,3441 2248,3445 2307,3449 2366,3452 2425,3455 2484,3458 2542,3459 2601,3461 2660,3461 2719,3459 2778,3456"/>
                <TextEquiv>
                    <Unicode>schon anzeigen und derhalben seyen keine Bösen</Unicode>
                </TextEquiv>
            </TextLine>
            <TextLine id="r3l53" custom="readingOrder {index:52;}">
                <Coords points="1598,3533 1657,3551 1730,3524 1798,3547 2007,3501 2099,3515 2099,3445 2017,3430 1987,3450 1918,3424 1858,3473 1815,3451 1742,3466 1672,3442 1631,3472 1598,3466"/>
                <Baseline points="1605,3501 1630,3497 1656,3494 1681,3490 1707,3488 1732,3486 1758,3486 1784,3485 1809,3485 1835,3485 1860,3486 1886,3486 1911,3488 1937,3488 1963,3490 1988,3491 2014,3492 2039,3493 2065,3494 2091,3495"/>
                <TextEquiv>
                    <Unicode>Folgen zu fürchten.</Unicode>
                </TextEquiv>
            </TextLine>
            <TextLine id="r3l54" custom="readingOrder {index:53;}">
                <Coords points="2193,3544 2269,3537 2304,3553 2335,3534 2422,3558 2505,3534 2582,3564 2712,3570 2714,3499 2679,3503 2643,3471 2538,3475 2498,3458 2372,3501 2306,3459 2196,3449"/>
                <Baseline points="2202,3504 2227,3507 2252,3508 2277,3510 2302,3512 2328,3513 2353,3514 2378,3515 2403,3516 2428,3517 2454,3518 2479,3518 2504,3519 2529,3519 2554,3519 2580,3519 2605,3519 2630,3519 2655,3519 2680,3519 2706,3519"/>
                <TextEquiv>
                    <Unicode>So bin ich stets ohne</Unicode>
                </TextEquiv>
            </TextLine>
            <TextEquiv>
                <Unicode>392
d
Dähler
in
ddahin zu begeben, welches auch geschehen ist, und
Auch
ohne die Botschaft wurde geschehen seyn.
meinen umständlichen Bericht, von dem Zustand
der Fähler, begehrten Meine gnädige Herrn Schultheiß und Frau¬
Ich solte der selbigen tagen, daß weil sie nicht
länger ohne Köchin seyn könten, und lange
genug Gedult gehabt haten, so seye ihr Befehl
daß sie sich ohne fernere Versaumend bey ihnen
diese Commission habe ich aber
einfinde.
gerade nach meiner Rukkunft nicht ausrichten
konnen, sondern weilen ich, wegen einigen
praessierenden Angelegenheiten eine Reise zu thun
hate, so habe ich sie aufgeschoben, als ich
nach vollendeter Reise, wiederum zu Masten¬
wyl anlangte, und vernahme (: jedoch ich nur
es bekennen, durch hören sagen die Bähler
seye nach Bern verreistet, so zweifelt ein
nicht, sie werde sich wiederum bey ihrem 
Die aufgetragene
alten Herrn befinden.
.
Com̅ission bliebe unterlangen, und ich ganz kummer-
los, informirte mich nicht weiter, weis auch
nicht was weiters erfolget, und wie das Mensch
in die Instul gekommen ist.
Dieses ist die ohne Auslaßung der Bestent¬
lichen Sachen, kurtz gefarte, aber ungeschmink¬
te, offenhertzige und warhafte Erzehlung meiner
Verrichtungen und meiner Verhaltend, so¬
wohl in Ansehung der Fähler, als in Ansehen
desjenigen was zwischen Meine gnädigen Herren Schultheiß
und der Frauen und mir ist berahten und
behandelt worden.
Erstege mir erlaubt,
folgendes wenige beyzufügen.
Ist die gantze Sache heimlich und mit Menage¬
ment der Reputation des Menschen behandlet
worden, mehr als er häte geschehen sollen,
sind deswegen die in dergleichen Fällen
vorzukehrende Anstalten, und die mir nicht
unbekent sind, nicht gemacht worden, so ist
davon keine andere Ursache, als der feste
Glauben, darinnen ich wäre, es seye keine
Schwängerschaft obhanden, und wenn sich schon
eine offenbahren solte, so werde die Fähler sie
schon anzeigen und derhalben seyen keine Bösen
Folgen zu fürchten.
So bin ich stets ohne</Unicode>
            </TextEquiv>
        </TextRegion>
    </Page>
</PcGts>
