3024 4032
173 1503 273 1627 27.
184 326 311 417 291.
530 297 1036 476 Dalmer
253 489 1354 659 Als diesen Morgen die behörige
332 593 1333 738 Anzeig geschehen, daß gestern auf den
338 668 1327 808 Abrich jedesents der Gubelbach ange
327 760 1283 887 hierberts der Riederen in einer
318 832 1328 947 Maten neben einem Zaun ein
328 920 1333 1054 lebendes frisch gebohrner nabender
309 989 1330 1119 Erden, weiblichen Gericht gefunden
335 1080 1318 1201 worden, haben Meth. Großmei¬
326 1133 1330 1238 bel und Grichtschreiber von denen
328 1226 1324 1348 leuten foderhalb einiche Nachricht
322 1302 1327 1430 geben können, förderlichst folgende
320 1375 1268 1499 Informationen aufgenommen.
329 1487 1380 1686 Schriften Liesen von Rüeggegang
324 1596 1236 1740 Bonhaft zu Waberen, zeigt an¬
292 1691 1345 1883 Als Er gestern Abends auf Kapelen
321 1824 1308 1952 gegangen, so habe Er zwischen Tag
332 1883 1325 2012 und Nacht hierwerts der Riederen,
322 1959 1253 2102 ein wenig jenseits dem Brüggli¬
317 2030 1263 2153 in der Straß, ein Stadt Baursch
300 2100 1268 2244 gekleidetes Mensch angetroffen,
317 2181 1331 2303 welches neben dem Zaun gestanden,
305 2253 1280 2390 und sich mit der rechten Hand am
296 2339 1221 2437 Zaun gehalten, habe auch ein
301 2389 1219 2527 Wachthal vor sich am Boden zu
299 2474 1210 2596 liegen gehabt. Er und der
281 2549 1295 2692 Schneider in der Riederen seÿen
304 2633 1211 2786 neben diesem Mensch vorbeÿ.
290 2729 1319 2838 gegangen, und haben ihnen einen
290 2778 1309 2917 gelten Abend gebünschet, so ihnen
297 2850 841 2964 auch gedanket.
841 2867 1317 2996 Und da sie beyde
289 2919 1259 3044 ohnweit daselbst bey seinem des
285 3011 1362 3120 Schneiders Haus, etwann eine Viertel¬
272 3079 1316 3196 stund lang, mit einander geredet,
288 3150 1239 3292 so haben sie das gleiche Menschen
293 3225 1310 3344 allezeit auf dem nemlichen Ort
272 3292 1328 3442 gestehen, welches endlich auch dafort¬
275 3384 1306 3515 und bey ihnen vorbey gegangen,
1203 3460 1289 3518 els
1521 2252 1584 2378 2.
2592 247 2732 359 292.
1746 253 2235 429 Balmen.
1607 354 2766 489 da Er Dept auch bald darauf den Schneider
1594 442 2751 554 verlaßen, und seinen Weg gegen Kapelen
1582 499 2719 638 fortgesetzet; so habe Er dieses gleiche Mensch
1596 570 2759 703 unterwegs wieder angetroffen und gefraget,
1591 639 2726 766 wie beit Er noch zu gehen vorhabe? Welches
1595 697 2746 830 darauf geantwortet. Es solle auf die Redi¬
1580 781 2723 929 Es werde aber diesen Abend nur in die
1588 845 2617 975 Stand weyd zu seiner Schwester gehen.
1596 921 2758 1064 da habe Er schus verlaßen, weilen Er alzu¬
1597 1022 2125 1127 gemach gegangen.
1594 1043 2744 1212 Bald darnach als Er zu Kapelen angelan¬
1594 1132 2689 1271 get, seye ein Mann dahin gekomen,
1605 1203 2685 1356 der gefraget, ob kein Weibsbild da¬
1601 1286 2751 1421 vorbey gegangen? mit dem Beyfügen,
1597 1362 2768 1502 man habe erst jetzt, ein lebendes Frisch
1596 1448 2765 1578 gebohrnes Kind untenter der Riederen
1599 1516 2776 1635 neben einem Zaun liegend, gefunden,
1654 1600 2712 1730 Nach dieser Stand Erzehlung, seye es
1607 1668 2750 1795 an nemlichem Ort gelegen, wo Er Dept
1607 1747 2719 1873 kurz vorhero, bemelter Mensch in der
1606 1832 2760 1947 Stras angetroffen, die seyen deßent¬
1611 1911 2722 2041 wegen diesem gleichen Mensch bis in
1607 1969 2782 2115 die Standweid nachgegangen, haben ihn
1618 2052 2715 2202 aber nicht antreffen noch erfragen
1604 2135 1837 2225 können.
1594 2247 2769 2402 Sillans Proser von Rollen,
1615 2360 2721 2515 bach, bey Kagelen wonhaft, sagst aus¬
1599 2437 2698 2604 Da Er gestern auf den Abend von
1630 2561 2778 2698 Bern nach Haus gegangen, habe Er
1605 2632 2805 2782 hierwerts der Riederen, ohnweit dem
1620 2710 2812 2843 Brüggli etwas schreyen gehört, und da
1630 2799 2800 2936 hrn nach geforschet, habe Er ein nahendes,
1617 2876 2766 3025 frisch gebohrner Kindlein weiblichen
1624 2933 2668 3095 Geschlechts, in einem Brablei
1626 3029 2783 3178 gensteits dem Zaun auf dem Boden
1631 3101 2201 3231 ligend gefunden.
1627 3175 2811 3312 darauf Er alsobald zu des Schneiders
1614 3262 2773 3384 Kolbe Hans, und nachwerts zu dem
1619 3325 2760 3481 Chorrichter Hans Isenschmid geloffen,
2613 3439 2766 3546 ihne
