3024 4032
199 324 310 410 281.
255 411 341 522 Fr.
212 506 335 594 An16
239 947 317 1048 fr.
159 1183 308 1295 Antl.
625 301 1097 441 Spielmann.
370 383 1356 552 Wie Er zu Basel behändiget worden.
373 495 1364 619 Erseye auf der Reinbrugg, von einem
333 572 1272 700 Hartschierer angeredet und gefragt.
339 650 1347 773 worden, woher Er seye, darauf derselbe
324 719 1260 842 ihne alsobald auf die Haubtwacht
327 796 1271 923 geführt, wo Er so gleich festgesezt.
330 881 570 965 worden.
350 937 1271 1080 Solle nun auch aufrichtig bekennen,
333 1036 1277 1155 was vor mehrere Diebstäl und böste
316 1104 1350 1228 thaten, erin seinem Leben verübet
336 1178 1251 1328 Ja freylich, sie seyen aber schon
324 1272 939 1395 zur Benige bekant.
402 1342 477 1429 29
291 1388 1316 1529 Schon in seinem 17ten Jahr Alters,
311 1474 1285 1596 A. 1757. habe Er in seinem Heimath
315 1551 1324 1677 verschiedene Geld- und andere diebstäl
314 1635 1311 1752 begangen, weshalb Er im Herbstmonat
315 1692 1253 1827 für 10 Jahr lang, mit dem Ring in
313 1789 1328 1907 hiesiger Schallenwerk gekommen, daraus
316 1856 1317 1972 Er aber vier oder funf Monat hernach,
321 1920 942 2023 sich vorburben können.
300 1982 1329 2109 Bald darauf A. 1758. habe Er zwieder¬
315 2073 1311 2206 mal in seinem Heimath eingebrochen,
306 2149 1299 2275 Geld und Kleider entwendet. Darfür
298 2241 1319 2370 Eren Sprachmonat mit Ruthen gestrichen,
303 2290 1265 2448 und nachberts lebenslänglich eydlich
300 2366 1251 2541 von Meine gnädigen Herren Medict und immediat
294 2473 1097 2578 Landen, verwiesen worden.
302 2529 1266 2665 Gleich acht Tag hernach, habe Er das
285 2612 1358 2742 Land wieder betreten, und zu Hotweil
309 2689 1312 2836 im Amt Schenkenberg, frischer dings
292 2768 1317 2903 angebrochen, worfür Er auf Lebende
292 2825 1324 2976 lang in hiesiges behallenwerk geliefert
280 2907 1179 3057 und an den Karren angeschloßen
291 2985 1255 3129 worden, daraus Er ein halb Jahr
274 3064 1228 3199 hernach wieder entwischen können.
378 3137 1289 3269 darauf habe Er im Sasselgebiet
289 3218 1240 3358 unter zweyen Mahlen, diebstäl
293 3302 1292 3429 begangen. Das erstemal seye Er¬
271 3351 1339 3506 ban̄isirt worden, und das letzte Mal
1146 3442 1278 3535 für
1521 817 1574 892 Er
1470 1022 1584 1109 Antb
1500 1170 1590 1298 fr.
1480 1388 1583 1516 Antl
2627 261 2757 351 282.
1759 267 2305 425 Wielmann.
1587 378 2740 508 für 10 Jahr lang auf die Galeeren gekommen,
1588 458 2748 563 die Er zu Seest und Rocke fort ausgehalten,
1591 523 2734 642 wo Er im letzten Brachmonat wieder losge¬
1592 585 1983 692 laßen worden.
1621 589 2750 734 dieses seye leider, was Er in steinem Leben
1582 716 1934 827 bostes getzen.
1611 734 2735 866 Ob Er nicht auch im Sollothurngebiet gestolen,
1590 843 2701 970 und zu Sollothurn aus der Gefangenschaft
1590 900 2086 1034 sich loos gemachet.
1598 960 2763 1126 Nein habe daselbst nichts entwendet, sonsten
1578 1067 2245 1204 Er es auch beren̄en wolte.
1590 1158 2713 1289 Ob ihme sein geführtes gotloses Leben,
1566 1232 2725 1365 und so viele begangene Verbrechen, nicht
1575 1305 2087 1435 hertzlich leid seyen.
1595 1390 2688 1544 Achpa. Er gespühre aber wohl, daß Er
1582 1495 2766 1621 keiner mehreren Gnad sich zu getrösten,
1571 1561 2525 1692 und alle Straf verdienet habe?
1594 1642 2763 1782 der gütige Bott den Er so oft beleidiget,
1584 1718 2689 1848 wolle sich seiner erbarmen, und bete
1582 1809 2750 1949 Eine Hohe Oberkeit auch um eine gnädige
1574 1887 1795 2001 Urtheil
1785 1901 2585 2080 abgelesen und bestätiget.
1532 2068 2757 2257 Retum in der obern Gefangen,
1574 2186 2771 2328 schaft, durch Meinen gnädige Herren vorweibel Einger
1582 2274 2749 2424 und Math. Grichtschreiber Willading.
1583 2335 2332 2500 den 17ten Jenner
1481 2530 2780 2719 Pedel an Meinen Hochgeehrten Herre Zeüghere
1560 2643 2771 2787 Fischer, mit zuthun Herrn Großweibel eingers
1590 2721 2496 2855 und Herrn Grichtschreiber Willadings.
1555 2799 2723 2926 Indeme Megtl. aus dem heute, Hochgenen¬
1569 2863 2726 3008 selben vorgetragenen Examine, mit Heinrich
1563 2945 2736 3061 Spielman̄ von Vilnächeren, Amts Kastelen
1564 3003 2710 3140 verführt, so vieles vernommen, daß derselbe
1575 3076 2703 3224 geständig worden, letzthin zu Hindelbank
1581 3146 2711 3301 im Pintenscheit, einen nahmhaften Geld¬
1576 3217 2739 3376 diebstal, mitlest Erbrechung eines Gehalts,
1581 3275 2690 3440 begangen zu haben; wie nun einerseits
1562 3334 2601 3512 Ir Gnaden nöthig finden, dieseren
1566 3420 2758 3578 Spielman̄ ferners über die noch zurük¬
2600 3551 2767 3636 bleibend
