3024 4032
203 324 329 406 285.
223 602 300 715 fr.
179 966 315 1067 Antb.
212 1388 307 1505 gn.
178 1685 323 1774 Auts.
212 1881 287 1998 fr.
158 2182 299 2285 Antb.
200 2369 278 2505 fr.
128 2471 279 2583 Rats.
178 2929 265 3034 fi¬
118 3162 261 3244 Ants.
154 3303 238 3414 fi.
103 3395 261 3478 Antwo
296 463 340 541 .
554 294 1069 433 Wielman̄
339 422 1267 566 terzehret, seye wohl bey drey Wochen
340 513 978 625 lang dorten verblieben.
334 589 1285 720 Es seye gar nicht wahrscheinlich, daß Eren
328 669 1271 787 keinem vorigen Examine aufrichtig
325 737 1182 855 gesagt, wo Er mit diesem gantzen
325 811 1277 927 Geld diebstal hingekommen, solle nun
319 877 838 995 die Warheit reden.
344 955 1300 1093 Er besinne sich noch an einen Neuenthly
328 1041 1280 1138 sohr dem Schneider, und einen andern,
322 1118 1257 1233 so Er der Näherin zu Gränzach für
317 1178 1243 1301 Arbeit bezalt. Im übrigen habe Er
319 1243 1253 1340 die Warheit geredet, und wiße nicht,
322 1312 1211 1442 wie viel Beld es in allem gebesten.
370 1398 1268 1530 Wie Er dann wißen möge, daß ihme
318 1471 1253 1590 richt 16. große Thaler und 2. Ducaten,
321 1551 1236 1676 von den Freyburgern entwendet
320 1615 573 1718 worden.
346 1692 1274 1803 en habe dieses Geld in einem besondern
326 1765 1277 1892 Säbel, in den Hosten gehabt, welches ihm
324 1834 1135 1961 mit dem Bökel weg gekommen.
334 1905 1247 2036 Esstere nicht glaublich, daß Sie ihm
310 1969 1213 2107 das Geld nur aus den Horten und
317 2048 1267 2175 nicht auch aus dem Rot wurden
309 2112 760 2219 entwendet haben.
1255 2180 1320 2278 3.
333 2195 1156 2313 Er habe die Hosen unter dem
299 2259 1253 2366 Haubtkuße, und den Rok auf den
302 2331 985 2460 hüßen zu liegen gehabt.
311 2414 1337 2540 Ob die Freyburger, mit ihm weggegangen.
313 2482 1272 2623 die seyen mit ihm aufgestanden, und
287 2549 1305 2701 Er habe den Verlurst gleich gewahret, habe
295 2637 1219 2751 aber nicht fermen machen dörfen,
295 2698 1302 2819 weilen Er 10 Jahr zuvor zu Liestal auch
294 2770 1372 2904 gestolen, und just darfür auf die Balteren
297 2842 551 2933 gekommen.
298 2916 1360 3088 Ob Er in der Zeit, als Er sich zu hindel¬
285 3008 1284 3150 bank bey 3 Wochen aufgehalten, nicht
286 3078 929 3227 anderstwo auch gewesen?
303 3159 1251 3300 Nein, außert, daß Er gesten bey der
284 3237 911 3345 Pargründe, übernachtet.
286 3304 1303 3457 Ober nicht auch im Morgenthal geleſen.
306 3387 1319 3526 von Hindelbank habe er sich über das
1501 744 1566 846 se.
1484 872 1602 976 Aato¬
1507 956 1607 1079 fr.
1489 1640 1608 1774 Autb
2594 330 2709 408 286.
1846 313 2446 453 pelman
1588 396 2664 580 das Morgenthal und Frau auf die Zurzach
1589 504 2648 636 Meß begeben, habe sich aber im Morgenthal
1594 568 2658 700 nicht aufgehalten, sondern seye, da vorbey¬
1594 646 2686 772 und auf Barburg zu übernachten gegangen
1600 705 2684 884 Sochen nicht in Wißen, daß zu Morgenthal
1600 790 2472 917 das Postschleisten gestolen worden.
1608 874 2409 996 Nein habe nichts davon gehöret.
1609 957 2706 1090 Erstege ein großer Mißethäter, und allerdings
1594 1020 2640 1167 zu vermuhten, daß neben seinen würklich
1606 1098 2636 1239 bekenten bosen Thaten, Er noch mehrere
1603 1178 2679 1293 diebstäl und Einbruch allein oder mit Hülf
1607 1248 2713 1376 werde begangen haben, derohalb er ernstlich
1613 1313 2650 1448 ermant seye, sein Gewißen gäntzlich
1598 1396 2674 1527 zu entladen, und zu bekennen, was er noch
1606 1498 2643 1608 bey sich behalten, so könne Er den Frieden
1603 1552 2269 1663 mit seinem Gott machen.
1632 1642 2686 1770 Seine ehe vorigen diebstäl, seyen alle am
1608 1723 2689 1843 Tag, seit dem aber, als Er von den Gäleeren
1604 1792 2685 1917 zurükgekommen betheüre Er, daß Er keinen
1613 1873 2713 1972 and den diebstal begangen habe, als diesen
1610 1936 2710 2063 in dem Pintenschent zu Hindelbank, sonsten
1603 2006 2714 2142 Er es aufrichtig bekennen wolte: Anbey könne
1603 2091 2734 2218 Er versicheren, daß Er mit keinen Dieben
1611 2156 2698 2282 Bekanschaft gehabt, sonder, daß Er seine
1612 2242 2724 2367 schlimme thaten, jederzeit allein verrichtet
1608 2311 1751 2411 habe.
1660 2373 2726 2526 Spitet dem er zurücken Gott und die Hohe
1658 2459 2623 2570 Oberkeit, um Gnad und Erkärind.
1801 2548 2543 2683 Abgelesen und bestätiget:
1589 2664 2738 2837 Retum in der obern Gefangen,
1623 2759 2517 2906 schafft den 26ten Januarii 1776.
2419 3267 2658 3439 Urtheil
