3024 4032
197 288 303 375 397.
723 274 1061 416 Meinig
562 383 1003 505 Ansage
268 460 1465 627 Gesanna Gultzer Heinrich hablichen
326 558 1025 683 Eheweib, auf Befragen.
186 629 1411 793 Frag. Woher sie die Anna Bähler gekennt, so
288 717 1022 827 sich bey ihr aufgehalten.
216 779 1490 895 ants. Die frau Landvögtin Stürler, habe die ersuche
315 849 1451 956 laßen, selbige für ein paar Tag zu ihr zu
315 915 1418 1031 nemmen, bis sie in die Insul kommen könne.
229 979 1270 1099 Fr. Wie lang Er sich bey ihr aufgehalten.
215 1044 344 1134 Meitli
355 1045 862 1141 vierzehen Tag lang.
333 1089 1006 1216 Worüber Er sich geklaget:
219 1124 307 1230 Ir.
187 1197 308 1283 Aublo
343 1182 1420 1309 Über Kreutzschmertzen, habe solches denen
303 1252 1393 1381 Erkältungen beygemeßen, weilen Er seine
285 1322 1206 1454 Zeiten zugleich verlohren gehabt.
190 1391 1209 1514 Fr. Ob Er keine Mitel gebrauchet.
174 1465 1356 1585 Antl. Es habe Sie einsten mit dem Waßer
270 1533 1376 1670 zu dem Nachrichter geschiket, die habe
287 1610 1362 1749 demselben auf sein Geheiß gesagt,
279 1681 1338 1798 Er klage über Kreuzwehe, und habe
289 1742 1359 1881 eine Zeiten schon bey 10 Monat nicht
294 1814 1404 1934 mehr. Der Nachrichter habe aber auf das
264 1882 1378 1999 Waßer nichts geachtet, und habe ihr am
952 1966 1132 2025 cleinen
292 1955 1322 2081 Tag hernach Tropf in einem Guterl.
278 2040 1420 2154 gegeben, davon Er alle Tag ein Caffekoffeli
286 2103 848 2201 voll nemen könne.
176 2155 269 2282 Fr
291 2166 1337 2290 Ob es von denen tropfen eingenommen.
163 2254 308 2354 Elückli
339 2258 1372 2380 Nur einmal, indeme Er begehret, daß
1319 2360 1367 2434 .
293 2334 1322 2449 der H. Doctor Hilfer ihm Mitel gebe.
288 2397 1373 2517 derohalb Sie ihne beruffen, da auf sein
299 2468 1394 2588 ankommen und befragen, Er ihm gesagt.
279 2536 1385 2635 Es habe Krenzschmerzen und schon bey 10.
279 2611 1273 2725 Monat lang, seine Zeiten verlohren.
289 2682 1360 2806 Als der H. Hilfer wieder weg gegangen
267 2743 1421 2877 habe Er sie Depl. wegen diesem Mensch
276 2810 1362 2953 befraget und seiner Krankheit halber
279 2898 1418 3038 gezweiflet, hingegen aber geglaubt, Es möchte
274 2966 1408 3108 vielleicht schwänger seyn. Da sie ihm hierauf
280 3056 1378 3177 gesagt. Es seye mit einem versprochen, der
296 3120 1364 3241 von gleichem Stand, wie Er, seye, habe Er
285 3193 1363 3299 ihr gesagt. Er wolle ihm etwas verordnen,
301 3254 1377 3366 das ihns weder nüzen noch schaden werde.
298 3328 1337 3413 habe sie darauf mit einer Karten in die
303 3374 1408 3501 Apothek geschiket, daman ihr dann ein Sulter
2745 303 2862 405 398.
1953 287 2277 426 Haller.
1674 375 2733 493 Pulver gegeben, worvon das Anneli aber nichts
1612 441 1661 494 .
1671 421 2830 562 ungenommen, weil Er Tags hernach in die Instul
1647 513 1896 599 bekommen.
1578 518 2849 666 Fr. Ob die keine Schwängerschaft an ihme wahrgenommen.
1565 636 2820 732 Ants, Rein. Es habe daheim allezeit ein Betmäntell
1641 686 2803 792 getragen. Und einsten seye es mit ihr und
1641 739 2823 852 ihren Kindern in das äußere Marzihle band,
1656 800 2762 912 baden gegangen. Sie habe aber auch damal
1647 861 2762 974 nichts an ihme bemerken mögen. Wahr
1642 931 2744 1039 Neye, daß sie ihns wieder ab- noch anziehen
1639 993 2747 1094 gestehen, und sie beydemal außert dem
1660 1057 2261 1168 Band kämmerli gewesen.
1669 1103 2835 1218 Ob die gewürt, daß es mit dem Stoker versprochen
1566 1139 1652 1235 Fr.
1634 1197 1879 1296 gewesen.
1559 1263 1799 1359 Autlo. Ja
1560 1296 2775 1433 Fr. Weilen Er sich allo geklaget, ob sie ihm nicht
1641 1375 2704 1498 etwan zugemuhtet, schwänger zu seyn.
1550 1449 2759 1574 Antl. Ja, Sie habe ihm darüber befraget, schon
1641 1525 2777 1636 vorher, als Sie zu dem Docter gewesen. Es
1616 1596 2752 1700 habe ihr aber geantwortet, wolte Bot. Es
1642 1658 2795 1774 wäre schwänger. Es schäzete sich glükhaftig
1621 1727 2770 1840 zu seyn, denn Er so Kinder bekänne, wie
1645 1815 2774 1909 sie haben, Es wolte darfür die Kleider ab
1648 1865 2184 1952 dem Leib verrauffen.
1542 1926 2808 2044 Fr. Ob Sie an diesem Mensch keinen verdächtig¬
1644 2006 2280 2120 gen Umgang gewahret.
1535 2072 2742 2203 ants, die habe, selbes schon lang gekennet, die
1642 2143 2777 2267 verflichere aber, daß sie nichts verdächtiges
1642 2231 2754 2361 an ihm gewahret, noch etwas dergleichen von
1631 2288 2134 2399 ihm sagen gehört.
1561 2323 2617 2490 Er. Ob Er allein in einem Betgelegen.
1554 2418 1805 2512 Antl. Ja.
1555 2491 2735 2620 Fr. Ob ihr bekant seye, daß Er mit dem Staber
1648 2569 2598 2675 einen vertraulichen Umgang gehabt:
1558 2618 2458 2743 Antho Stein, in geringsten nichts.
1548 2707 1630 2789 Er
1668 2712 2760 2856 Ob Sie ihn nicht gefragt, warum sie nicht
1636 2769 1906 2865 henwachten.
1546 2827 2722 2959 Antl. Es habe ihr einsten gesagt: es habe ihm
1641 2901 2765 3028 getraumet, Er komme her, Er wolte aber
1645 2980 2713 3100 neber, daß Er nicht käme, weilen es ihm
1646 3039 2412 3169 nicht pressire zu henrahten.
1737 3111 2520 3236 das seye was ihr in wißen.
2506 3339 2727 3483 Anstag
