3024 4032
81 255 217 360 193.
387 251 1170 412 Hauser und Räther
282 374 1313 536 darmit allein in Herr Jenners Stuben
272 465 1339 611 gegangen, aldieweil Er ingl. droben in
265 520 1295 675 seiner Kämter gewartet, und ihm
264 599 1320 742 darauf die §. 14. gebracht, folglich habe
263 683 1271 831 Es gewürt, daß er den Herr Jenner
278 761 530 863 bestäle.
102 819 273 949 Ants.
297 827 1282 993 das Mädi seye hinab gegangen zu
274 920 1276 1075 Mitag zu bochen, und biße nicht
273 999 1352 1159 ob Er in Herr Jenners Stuben gewesen
267 1074 561 1202 oder nicht.
84 1138 246 1297 Ehr.
279 1148 1276 1298 Es habe doch gestanden, die gleichen
272 1231 1276 1400 Tagen, als diese Geld diebstähl
266 1333 1380 1488 beschehen, in Herr Jenners Hausgebesten
267 1405 566 1543 zu seyn.
99 1509 272 1625 Antb.
296 1523 1374 1660 Es habe deßen ungeacht nichts dazu
273 1605 1311 1747 geholfen, indeme Er versicheren
273 1676 1316 1819 dörfe, daß es nie in Herr Jenners
273 1769 1350 1914 Stuben einem fuß gehabt, auch
276 1843 1319 1989 nicht gewurt, daß das Mäli Volchen
273 1930 537 2059 bestähle.
305 1987 1306 2154 Warum Es dan̄ gust die gleiche Zeit
177 1990 266 2140 Fr.
276 2092 1101 2229 in dieses Haus gegangen?
315 2173 1379 2314 das Maii habe ihns geheißen kommen.
103 2146 284 2283 Antb
303 2264 1303 2402 Ob Er etwas weiters an Tag geben
160 2297 268 2412 Ir.
288 2373 1322 2490 und eingestehen wolle, so es begehre
286 2439 1360 2588 der Hohen Obrigkeit vorgetragen
279 2532 656 2647 zu werden.
285 2616 1279 2757 Er habe alles gesagt das Madi¬
91 2621 274 2757 Anto
282 2688 1342 2830 thue ihm unrecht, sein Lebtag habe
269 2751 1336 2888 Es keine Uneren, noch diebstahl
282 2836 1313 2993 begangen und habe sich alle Zeit
282 2929 888 3082 ehrlich aufgeführt.
114 2955 1358 3208 Inslani an das Madle Bauler. E
295 3077 1349 3212 sahe mann, wie die Raberen, alles
306 3154 1357 3308 deßen Er sie beklage, nicht gestän¬
298 3215 1325 3399 dig seyn wolle, und ihre Unschuld
292 3304 1323 3453 vorschüze. Er werde daher ernstlich
287 3364 1293 3537 ermanssem Gewißen nicht zu
1466 512 1598 644 Anto
1500 795 1576 909 Hr.
1474 1000 1584 1117 Autho¬
2688 160 2837 258 24 f
1692 212 2502 428 Hauses und Raber
1561 284 2832 555 zubefleben, und ihre in einichem Unrecht zu thun.
1629 409 2834 567 zbetheüre bey Leben und Sterben, daß es alle
1594 490 2795 676 Wahrheit gesagt, und die Räberin nicht im ge¬
1596 558 2812 725 ringsten unschuldig beklage, auch davon nicht
1592 680 1987 804 abstehen könne.
1604 711 2813 857 Ob Er noch versicheren dörfe, daß sein Man̄
1598 793 2814 951 von allem unschuldig seye und keine Wißenschafft
1591 908 1780 1021 gehabt.
1590 909 2746 1104 Ja bey seinem Gewißen. Er habe nichts
1582 1032 2779 1191 gebürt, bis am letzten Tag vor der behändi¬
1589 1108 2789 1273 gung, da es ihm solches bekennet, und Er ihns
1579 1179 2811 1351 geheißen, den Herr Jenner um Verziehung
1584 1305 1845 1436 zu bitten.
1574 1343 2762 1521 Wurden hierauf beyde wieder an ihr Ort
1579 1480 1807 1602 geführt.
1565 1523 2804 1690 Actum in der Obern Gefangenschafft
1574 1641 2822 1785 durch MngH. alt Rauherrn Bellen
1577 1709 2810 1866 berg und Meine gnädigen dero praebel und Gricht
1575 1809 2693 1938 schreiber den 22. Decembris 1769.
1881 1969 2326 2128 Gericht.
1594 2059 2764 2246 Über den Umstand, ob die Räberin,
1574 2193 2760 2332 damal und zu der Zeit, als Sie dem
1580 2262 2816 2431 Herrn Jenner ein silberner Caffe kosteli
1567 2329 2740 2528 zum Verkauff gebracht, mit dem Herr
1565 2409 2761 2628 Jenner in seine hintere Stuben gegan¬
1572 2523 2815 2707 gen, oder nach derselben vergeben voraus¬
1562 2602 2789 2794 sen im Gang verblieben seyn. Ward
1573 2666 2759 2874 Herr Wardem Jenner befragt. Welcher
1584 2748 2792 2944 aber hierüber sich an nichts bestinnen wolte,
1573 2817 2737 3041 mit dem Beyfügen, seine Gewohnheit
1557 2891 2781 3109 seye zwar gezweilen gewesen, das ankauf¬
1560 2994 2797 3235 fende Silber in der hintern Stuben zu wagn
1569 3052 2790 3296 und zu bezalen, dennoch aber wolle Er nicht
1565 3135 2715 3366 Abstern, daß Er das Geld für dieses
1564 3196 2750 3485 Batte Kosteli an deßen Ankauff Er sich
1564 3308 2740 3523 aber nicht erinnere, nicht hinausgetragen
1554 3361 2788 3623 habe. Er möge sich auch keineswegs bestinnen,
1579 3428 2766 3677 die Räberin oder Schmiedin gemal in der
2538 3660 2771 3775 Müntz
