3024 4032
789 1782 817 1867 3
1067 194 1846 345 Jacob Zreynen von ruting¬
1286 280 1394 352 enn
1008 360 1880 483 at jars unnd tags vorgemelt, in bysyn vor
1013 437 1885 541 gemelte myner herren rhäten un und Rurgeren
999 483 1473 577 zu Marzeli bekenndt
971 568 1888 704 Nach dem er inn syner zugendt, großen hingen
998 632 1232 719 erlitten etc.
989 695 1867 790 Nota jnn wortenn als hienor von wort
1014 741 1744 847 zu wort geschriben stat zu neläsen
1342 857 1374 894 60
1012 869 1835 977 uff 10 augusti ist diser Jacob Meynenn
1023 937 1847 1036 vff vnn geschworen Vrphed vs vnnd ledig
992 993 1390 1066 gelaßen wordenn.
1076 1322 1750 1429 Hans Brunenwald o so
1133 1400 1491 1478 dem angstthal
976 1464 1923 1554 seygt ann er habe yn läbennlang nit entfrömb
992 1514 1668 1615 det, das es zweye konen wirdt sye
1003 1599 1934 1684 Item so sie er den lüten hin und wider umb wyn
974 1648 1896 1740 und andere wahr by w entzig kronen schuldig
985 1713 1909 1802 welches e noch zebezalen vorhalens she
981 1791 1899 1896 Istem so habe e mit obgeschribnem Rubi unnd
1000 1835 1920 1951 Huser sich veglichen inn kneg zu züeh, sonst
1024 1888 1878 1989 abe hen böses mit ihnen verbracht, wie sy
1020 1927 1923 2027 dan dasselbig von ime nit zügen werdend.
996 1989 1930 2102 de mordten halb, sye er gentzlich unnschuldig
1014 2155 1923 2281 uf  augusti 160 ist diser Brunenwald
1023 2212 1950 2333 mit dem eyd uss mynen g 8 und obren
1011 2276 1858 2380 steten landen und gepreten verwisen worden
1188 2363 1636 2441 hat den eyd gethan.
2952 81 3014 134 10
2740 109 2796 173 de
2098 136 3050 303 Gabriel Rübin von Butinge
2022 268 2988 434 uff zinstag den 18. augstmonats diß ab
2033 330 3028 499 unnd einfließennden 160t jars inn bywäse
2031 393 3017 536 anhoresi und gegenwart igkeyt, de frommen
2042 442 2990 589 finnemmen, fürsichtigen eosammen (wysem
2049 515 2985 657 herrenn, Pseter Froudenürychs unnd symon
2045 566 3054 725 vonn Remestals des kleynenn bhals trong
2031 619 3042 765 in mandels unnd Hans Rudolff Hubers
2045 671 2964 842 des Burgerenni Kielans von Mülmens
2041 750 3031 881 Großwybels sampt etlichen wyblenn
2055 791 3014 944 myne gnädigen herrenn unnd oberen, diser
2054 856 3057 1001 copplichenn statt Barme hat graewirt
2030 928 3041 1076 ige Babrich Rubi von Frütingen pertig
2052 992 3003 1129 nachvolgende durh innen begangene hochs
2055 1044 3034 1182 unnd schwarcen mmßhanndlengen zu Marzeli
2067 1137 2667 1235 bekenndt, vnnd verzächenn
2051 1182 3018 1324 mitt namen unnd deß Erstenn, habe er
2077 1263 3021 1395 sich vor etwas abgeloffnen monaten mit
2074 1325 2971 1439 nebend umestehenden) clans Huseeer
2064 1375 3009 1489 unnd etlichen anderen deo touffsund zu
2083 1426 3037 1529 nammen imme unbekandt, gepundt unnd ver
2062 1489 2941 1593 flicht nach criegsdienst zu suchen
2062 1515 3028 1663 Vnnderwegen Aber Frauwe, vnndt gwarbs luth
2081 1610 3027 1705 ann zugapffen zumurden, vnnd zustalen
2044 1675 2856 1764 damit sy ire zehrung haben mögnnd
2386 1700 2998 1848 frschtlstaß  ff frsammen hnn
2096 1828 3003 1933 Denna als sy sich als sosgemelt) mitt
2090 1894 3023 1988 ynandeen vfobenden unnd gan zweysunlen
2088 1942 3042 2033 Inn das ober dibennthalen kommen, Habe e
2105 1995 3026 2094 ich, sampt synem mithafften gusor zum
2085 2056 3009 2149 hochtricht daselbsten gefügt, da sye er
2078 2112 3004 2204 eubt uff ynen farby Tehenden Gunbusch
2097 2165 2994 2256 gespigen und die hingeichtete person
2092 2209 3027 2302 ab dem hochgricht gelediget Jede kom
2078 2268 2994 2352 finge abgetrayt. zu dem auch den rrchte
2098 2315 3059 2406 Ehummer genommen und selbigen gnden anderrn
2095 2364 3052 2475 Hans Bunen wald genampt zugestelt.
