3024 4032
921 749 948 826 C
851 77 968 186 129.
1127 100 1886 314 Hans Jaspracht von Ösch
958 242 1836 381 uff damstag denn 5. decembris 1601 jars
928 323 1855 469 Inn bywasenn der frommen, furnemmem hsammen
907 378 1810 523 Wysenn herrenn Cunradt Vogts deß Rhals
923 457 1880 587 Rudolff vonn Ehelachs de burgern stickans
953 528 1866 676 vnn mülmens Großweybels sampt etlichen
919 607 1833 715 Weyblenn myne gh. vnnd Obeein Hat Hans
942 653 1862 796 fäsnacht vonn osch de lanndtvogthi Daanen
971 734 1886 877 so durch dem herenn tschachtlan zu Frütinger
961 796 1880 962 Ag genencklich überschickt zu Mar
967 895 1852 1015 hili bekenndt vnnd verachenn. Wie er dan
978 960 1813 1069 ouch schon hievor dem herrnn tschachtlan
985 1027 1177 1107 bekenndt.
950 1116 1809 1237 fin das est habe, danniel Inn der Wildis
985 1211 1837 1315 seligenn Witttfrouwenn fur Ehe begart, daryu
988 1279 1830 1370 sy bewilliget, ja wan er von syn em hiemel
990 1351 1854 1442 zwein ehrlich man bringe, damit yn frundt
1461 1417 1623 1466 aten worden.
980 1412 1808 1528 Liche Ehebredtnuß gescheche, das e abe
994 1503 1828 1584 nit gethan, dannenhar uß de ehezu sag
1004 1547 1837 1646 untzit beschechen. Deswegen e Hannach
998 1605 1887 1702 benidter witwenn yn wehr ein mantel
1011 1668 1877 1759 Ampt gne selber entfrombdel daran e
992 1723 1703 1841 Ira Acht batzenn Restituiert
979 1830 1896 1937 Wyte sye e vilmalen Liedelich gewesenn.
1006 1904 1860 2003 unnd ich mit wyberenn Renegenter zu reden
993 1950 1485 2052 Inn hury vegangenn
986 2037 1863 2165 Wener habe e etlichen wybspersonen güttel
988 2136 1830 2240 fürthucher huben genommen, selbige etliche
995 2211 1862 2317 zyth behalten unnd nachwerdts widrgäben
993 2300 1879 2417 Item sich vil unnd dick inn die urtiner gsetzt
1018 2370 1731 2488 und offtmalen one zalmig hinwäg zogen
1746 2416 1854 2487 Jaco.
1018 2433 1734 2562 so undehot ene wirtin imm Weltschland
1771 2483 1839 2560 sye
1029 2485 1859 2640 so etwas zehrgalts schuldig worden wüs
1037 2559 1741 2673 abe nit wieml, das e ouch nit klegt
1693 2676 1750 2774 1
1986 -12 2999 271 Item sidt dry einfahr eim har vil und garm
1990 126 2957 401 zudem ynem zu Osch ynn batzenn entfrömbdet
1981 199 2142 324 gestilt
1986 218 2963 452 unnd perr Bäsin gaselbst vierschillung entragen
1994 332 2884 542 Unnras Hans Witwes funckfromwen, eyn
2874 377 2913 475 7
2014 394 2873 602 quitel genommenn, da ira wide worde
2007 462 2915 636 vnnd ob e wol verdacht gewesen, das er
2004 523 2923 705 Ina die ehe versprochen, hat edoch
2011 599 2873 784 deßenn nit anred sn, nochglouben
2012 754 2177 831 wellee
2008 789 2955 952 Item nach dem erbnch befragt uß was tirb oder anlas
2022 840 2963 1011 e sich zu syur mutter etliche mal gelegt. Lengt an sye
2016 910 2971 1063 nit minder, dan das eongfahrlich vordipen Jacben
2030 1005 2970 1138 zu Osch by syne mutte gelegen, welliches aber ime
2012 1088 3000 1220 soy muter zugemütet, unnd ob er glych woln syy geliget
2026 1133 2985 1283 von Strome ghegt, sye er nach irem anhalten zu Jra
2031 1231 2824 1355 In in beth gangen und alda geschlaffen.
2024 1313 2988 1448 Item als eo zu Erlenbach gsyn, habe e syn frommenn
2030 1403 2966 1518 gan osth geschickt, vnnd als sy domales inn gu¬
2045 1482 2970 1565 kamer jr lage ghan, habe syn muter ime aber
2036 1516 2997 1621 zu Ira ligen heyßn, das erb nit thun wellen,
2031 1594 2973 1690 dann ander ach mehr daselbst gewesen. er aber
2026 1644 3011 1767 sich inn fynen wag mit ira ungriffen, nach germehr
2021 1697 2632 1804 pleschliche verwonung gehept
2249 1803 2450 1858 valdet
2012 1791 2952 1922 Eundtlichenn habe sich de morderischen
2032 1892 2981 1975 vns, so vnrschine het sich zusamen vnpundel Inn
2038 1929 2937 2056 keynen wäg angenommen, noch mit inen zuschaffen
2044 1992 2972 2116 gehept. werde sich ouch nit finden, So nndes wan
2032 2055 2969 2185 es vnnöthenn welle e abeygen, wo und by wen
2047 2131 2981 2244 gedienet, ouch wor uie ine nacht zur and
2031 2185 2973 2300 gelegen: Bit et hiemit vnderthamyklich vmb
2041 2230 2139 2288 gnad.
1980 2260 2994 2431 ist 1 lar 2 mit dem kleynen 3 mit den 2 klegne
2032 2356 2960 2497 mit der 3 kleynn vd zum 5 mit allen
2017 2423 3017 2560 vier seyne 5 lb unde als 3 peüter salted
2031 2456 2339 2561 bogen worden.
