3024 4032
829 145 930 243 174
1031 172 1813 344 Hane Gedeg osorem Elsaso vii
993 276 1813 415 Von Sigletzen by Colman, sonst woltschplleshen geag
974 371 1821 513 uff Hanestag den 17. houimonats hin fliessen
983 449 1806 567 1602 Jahrs, Inn bywasenn, anhören vnnd gege¬
972 512 1811 646 wirtigkeyt, der frommenn fürnemenn fürsichtig
983 571 1811 690 Deßendenm wysenn Herrenn Jacob Gilliers
1008 643 1813 745 deß Thals, Ehurig Waltharts der Burgeein
971 714 1822 811 Nielano vonn Mülinenn Großwybels samp
993 769 1800 880 ehlichenn weyblenn myne gnädigen Herren
961 844 1469 949 unnd oberenn dieneren tc.
978 923 1825 1079 In Hanns Grörg vom Sigletzenn imm Ersesh
1032 1024 1809 1144 nnehr Bolmar gelegen (so vorthiner tagen
1007 1090 1807 1203 vsn Trechselwald geneuncklich allhar
1007 1158 1803 1267 geschickt) zu Marzili uber behanndenn
1004 1227 1811 1334 gehapten brricht, exammiert unnd an
1011 1302 1816 1416 zn seygenn vermanndt wordenn, was er
1006 1388 1814 1465 Verner unnd wyters dan er hieuor ann
1008 1437 1827 1560 gäbenn verbracht unnd begangene. De zeyger
1035 1505 1388 1625 ann ehrstlichen
1000 1613 1841 1719 Wie das er vor ettwas joths, mit ettlichen
1033 1696 1842 1799 ynenn gsellenn (mit nammen jnger Melchior
1039 1736 1850 1855 Claus Fanntzen, inem so sich babideba neme
1010 1816 1848 1921 unnd Weltsch abrahamen) gholffeng des
1000 1873 1840 1988 Dorff Bonnstorff anngesteckt und ver
1027 1941 1824 2039 bröndt, dars er inen das führ, im
1042 2003 1831 2109 ynem aasen oder dack verbotgenul iehr
1037 2090 1341 2174 nachgetragenn.
1890 156 2795 366 semnach habe er ouch angefahrlich vor eynem Jahr
1875 250 2783 451 adorf enntfeldenn mit hilff vorgedachter
1880 318 2811 528 fürgesellenn, annsterkenn unnd verbronnen
1895 349 2832 573 helffen, da er dan das führ, inn ynem puren
1893 475 2455 625 zur gereycht unnd ihnen zngetragen
1859 472 2777 697 daty hir gen auch gewesen, so sich guggennapft nammse.
1879 648 2777 810 Item so habe er offtmalenn uff den strassen
1884 701 2853 872 vchenne, die sachenn vsspach ein unnd dan so etwas
1888 761 2857 939 vhandenn gsyn, synen gesellen khundt und zuwüßen
1904 911 2103 1000 ho müßen.
1893 994 2813 1157 Wyterhat er ouch bekhenndt unnd verzächen.
1900 1068 2812 1217 das gemelte syne gesellenn, inn synem bywäsen
1898 1136 2796 1265 underthalb Arburg eynenn man ermurdet, sy imme
1902 1213 2812 1339 vil galts fundenn unnd harnach den ertodeten
1907 1257 2791 1405 Cöpel innyn gested geschleypfft vnnd lig
1903 1374 2037 1483 lasenn.
1891 1490 2823 1629 Item so habind sy nit wehr dadannen inn gnem
1909 1576 2753 1675 doff eyin sppche gröffnet vil Fleysch
1904 1645 2849 1751 und annders darus genommen und daselbig inn
1922 1731 2475 1828 in Höüwschmlin verborgenn.
1909 1822 2814 1950 Verners habe er unnd syne gsellen (mit hilff
1909 1907 2746 2019 ihnes langenn rauen loßen, so uff Schwytzer
1915 1967 2824 2077 gattung beklydet, singer genampt aber ei
1912 2020 2831 2163 sogehe ufbrochen darinnen aber nützit funden
