3024 4032
1119 133 1678 280 Benndicht Bott
1159 291 1204 371 2
957 296 1841 436 t montag der 10 meyen hinfließendts 165
969 394 1834 515 Jars fumb gwäsenn, annhoren vnnd gegemertig
1500 464 1592 505 rete
977 464 1852 583 eredt, der dlennenhelan umb vesten, konen
947 526 1847 677 zeinemen fürsichtigen lrsanlenn Wyten herrn
978 593 1845 729 Debastran darnen deß Shidles Pebet vonn
959 668 1855 794 Dießbachs unnd Feraurii Mannels de surzen
957 731 1841 842 Nielans vonn Mulmens Gros weybels
981 792 1840 905 sampt etlichen deyblenn mhner gnädigen
972 862 1849 969 harenn unnd oberen dise copplich statt
938 941 1144 1032 ainn
956 1041 1869 1178 hatt gegenwirtiger ✳ benndicht sott vonn
967 1132 1858 1245 Goßach purtig unner Burgdorff gelegenn.
1017 1220 1860 1322 harnachgemeldete hoche, schwars, erschrocken
996 1274 1855 1383 Liebe unßhanndlungsen unnd begangene
976 1342 1853 1458 Diebstäln zu Marhel synlich bekhennd
999 1423 1851 1534 verrashenn unnd miht der arter bestättiget
967 1543 1841 1655 Namlichen vnd deß ersten Als eronge¬
989 1626 1824 1731 Jahrlich vor 12 Jaren, zu zur zach uff
1047 1684 1848 1796 der Seisoder Lademarten allen gewesen,
1025 1773 1867 1867 ser der Leydig Sathan vor dem vns Gott der
1035 1841 1821 1942 allmechtig gnädigklich bewar) inn
1037 1904 1810 2002 fan unnd gstalt ynes mans grun
1061 1966 1830 2070 bekleydet zu Fur kommenn, de ine
1054 2025 1832 2123 angesprochenn unnd brrede, im fahln er
1061 2090 1848 2204 ich im ergäbe, solle er galts jung eie
1037 2161 1810 2267 fach, der gstalt ime nützit an spys
1055 2214 1857 2346 vnnd anderem ermanglen werde. Daruf
1055 2286 1828 2409 e sich (beyde so höchlich vegaßen
1023 2336 1809 2490 Das er Gottden allmechtigen spnen
1692 2482 1856 2555 gingen
2824 29 2887 104 34
1917 85 2878 280 ynigem eschaffe, erbäser ehalte und dalig
1927 137 2803 312 mache verlaugnet, dem verflüchten tüfel
1939 194 2860 380 sich egäbenn. hieby onsglopt gott und syi
2561 249 2758 312 demselben
1928 272 2894 447 ewrigs worl henelaßenn unnd niemachmehn
1932 317 2889 485 anzuhanngen, deßwegen e dann zu wahren
1938 367 2881 561 zuygsame vonn ertzgemeltem synem meyster
1910 443 2881 591 Hensli genampt) anug entz nach synem verhoffen
1955 501 2874 660 a albe kionenn empfangn, welche aber (nach
1926 557 2885 724 ddem e die besichtig vellen) zu Buchmein
1942 627 2928 783 Loub worden spend, zu dem habe er zu gwüßer
1945 682 2851 848 iheheyt ines abfahls dem tüfel syn füß
1940 822 2264 929 küsenn müßenn.
1949 852 2919 1014 und nach dem diß beschechn, habe e uß trib ghryß
1945 946 2859 1058 unnd anleytung synes meystes heinachernampt
1940 1008 2876 1130 Diebstäl mord brand und ander müßethaten
1953 1106 2113 1190 begangen
1943 1127 2892 1270 und estlich, als er angefangen stälen eynem landt-
1975 1198 2816 1328 nan zu Ersingen uß eynem ofen en leyb
1967 1276 2502 1369 wanns brot veuntruwet
1983 1370 2921 1507 darnach mitt hilff sones gesollen, Weltsch Abcaham
1972 1450 2923 1562 genampt zu Loch sy Rugsonw, als es angefangen
1985 1520 2897 1630 acht werden mit ynem biel, so sy daselbsten
1973 1591 2886 1678 genommen, en dpyehe geöffnet, darus en
1977 1640 2874 1743 wollenn such sampt eynem dickenpfennig
1985 1710 2905 1813 gestolen, von welchem galt imme dry batzen
1977 1767 2922 1866 wordenn, Das thuch abe halind sy by Eriswgl
1967 1818 2892 1929 gmneynem Johnrli, den yn Burden ptrome ve
1985 1914 2101 1983 borgenn
1965 1965 2898 2106 Wyte uff dem Hof gchwannden peter Ninhusen
1985 2051 2907 2135 Im syn källe gebroch, darus syn stück kas,
1977 2116 2921 2235 und yn kannten genommen, selbige zu Granenmach
1968 2186 2903 2295 Inn des müllershus geworffen und ligen
1960 2248 2135 2343 Laßenn.
