3024 4032
961 212 1806 398 Item so habe er glich, darnach dem hr
987 315 1803 444 meltgan Belätzenn hus s Ghulthen
953 385 1820 519 tagtes bchafft mit eynem ysen, danit
1000 448 1838 586 vnn die Boltz ustreye geoffnet, das
999 509 1820 637 denn kogen genomen, Inn den schafft
1002 568 1819 707 da vr den andren enzuckt gethann,
989 644 1818 767 denn Wicher abe habe n vnnde der
1001 702 1821 841 habt fundenn somib das schloß
1007 759 1821 925 zekieffen habe en Das abr gedachen
1010 855 1815 949 schafftgebrochn unnd dem alten
1008 913 1831 1050 Morkenn umb 4 oder 3 batzen zuge
1007 980 1830 1093 de ann stadt der bzalm w mah
995 1043 1837 1161 wynd bezalt, welche sy mit g
1012 1131 1461 1210 anderen gewißenn.
1009 1311 1837 1429 Verners habe ervor etwas wuchenn
1004 1374 1840 1511 hnes abenndts spadt uß eynen
1036 1446 1844 1572 schafft uff de Schützenmatten, welche
1032 1532 1847 1633 mit yynem maße geöffnet, mnn
1017 1599 1855 1736 Musgergen Joo Bulmeflöschen st
1033 1674 1849 1811 syner gableg etc. unnd uff eynem und
1049 1758 1850 1873 neig eyn hanndror enzuck
1062 1824 1846 1948 elbige von frybins tragen die
1045 1906 1851 2004 Meisgueten vnnd Ire znghord en
1035 1958 1844 2080 Kupfferfhaind daselbst umb 35l
1036 2035 1860 2156 Die zilbuchsen aber synem nachpar
1061 2100 1862 2230 den 1 nit bekenne vmb in guldi kont
1067 2165 1838 2262 dih hingaben uff die stusquete
1069 2229 1855 2362 aber haben er allyn e slbe
1065 2301 1295 2398 empfangen.
2742 71 2808 132 4 8
1869 109 2795 341 Item nach dem eamostemsontag b
1900 219 2820 403 hinen inn syner ochwäches bunden
1906 268 2834 492 aungen syr deß herbem un kömerstals
1880 355 2815 536 dmurcher toffenn gewrsen, darur e2 g
1890 417 2859 609 hit yon Bögli sampt yynenen sythin
1870 544 2283 679 dahe entragenen
2595 647 2859 752 sy shanen
1897 637 2594 798 Vene habe erkhehenn venuen
2598 716 2872 816 mit ynem
1896 745 2540 877 sin damehns uff dem stald
2598 797 2812 878 bizinne
1894 822 2539 939 Dretrich geoffnet, vnnd darun
1900 898 2433 1026 talle ge nomenn
1897 1012 2849 1155 wyter s heynich Kolen dem alten
1907 1085 2731 1237 glichsfals mit gnenn dienuch hoy
1898 1166 2877 1298 demmahns ufgethon, danns sn maßige
1918 1250 2862 1379 gn halbmacsige kändli stapt y ein
1909 1332 2376 1468 Bießfaß entragen.
1917 1499 2679 1651 Item wyter z Marthi Stallern
1920 1602 2853 1736 Unschafeschaffnen mit ynem stiehen
1955 1667 2763 1786 m 8 ß schulthyss ages
1946 1735 2777 1846 gsen unnd ei uff den sythut matten
1939 1798 2770 1936 genommen, syn dummehns geöffnet
1942 1865 2865 2001 darab ey schlos ab enem dreß
1921 1943 2791 2107 faßschefftli entfrömbde und nit
1943 2053 2398 2171 sich hitagt getragen
