3024 4032
1036 161 1857 325 Dane Huscier von Prulengen
914 313 1844 435 Jars vnd tags, ouch inn bywasen vorgemeldter
933 371 1837 486 myner herren rhätenn unnd bigeenn hat
923 424 1844 540 gegennirtige clans Huser, ouch vonn
902 480 1841 599 Prntingenn zu Machili, hannach beschribne
896 542 1789 649 durch ine vebrachte nußhanndlungen
940 594 1456 691 bekenndt vnnd vrrächen
947 681 1843 788 Erstlichenn habe er am gwadt im wirts,
941 754 1825 855 hus Hans Trachsel als e geschläffen
938 804 1873 911 uß dem Hosensack e kronen gestolen. Danan
961 864 1870 951 von kronen vebrucht, das uberg iun das
950 921 1870 1017 stromww verborgen, vnnd nachwerdts nit mehr
959 975 1329 1064 sindern könnet.
969 1087 1866 1183 Denne Iinbesen Rubins Peter Brugger
971 1146 1850 1236 syn par hosen ab den ofennstenglinen eit
971 1201 1882 1297 frömbdet vnnd vmb vierthalben batzetunfft
967 1305 1897 1420 Uerners habe e sich mit erstan tognem rubennd
835 1377 1868 1472 andeeen bepundet, inn krieg zuzuehn, Vnnderwegen
971 1430 1883 1528 aber kouff unnd gwärbsluth anzugroffen
972 1498 1299 1582 vnnd zuermunden
963 1599 1902 1690 Wytes habe er offtgemeltem rubi by dem
1005 1658 1868 1749 sochenn stägen yn thochter helffen angeyffen
988 1709 1857 1794 welche n hn sönem mutwillen geherung
1000 1749 1858 1842 unnd darach selbigegaumlich erandt,
819 1769 980 1831 mit holff
828 1806 1000 1879 vnn gstller
987 1820 1858 1940 Item so habe e ouch by dem hochgricht zu
1017 1902 1891 2000 zwey sumlen, von de jenigen person, welche
975 1955 1881 2037 Rubs ab dem selbige geledigel yn
996 1994 1816 2098 finge genommen und inne zum spelen
1006 2062 1351 2138 bruchen wellen
1013 2153 1902 2255 Jenne als es by gesagtem hoch täg uff eynem
1032 2205 1869 2289 abend syn knütelprobiert ud peter
1022 2255 1896 2343 wil Jahar kömende heymwertz gewellen
1027 2304 1911 2400 habe e inne gholffen mit steynen in synem
1021 2367 1917 2463 zus tagen, unnd wan er nit entrnen
1026 2409 1835 2510 wärind e und syn gsellen vorhabens gspin
1001 2449 1855 2569 Ime alda zutoden unnd umbzubrangen
2947 28 2994 82 2.
1968 58 2913 305 wyte habe er mit gegemwretig em rub
1979 141 2880 342 unnd annderen iren gsellen by unamseten
1963 154 2974 409 hoch stag gn wybsweson anngegrieffen
1992 230 2983 443 ab dem roß gezogen, alss aber etliche hund
1981 291 2964 491 dahin kommenn unnd sy bellende angefallen
1979 298 3017 557 habind sy selbige verfasen und vermeynndt
1982 387 2939 586 euth verhanden send. Sonnst were sy vo
1964 454 2742 667 enen erwengt vnndt vmbracht wworden
1990 543 2954 748 Item, so habe er am landestag, adelb odem
1995 603 2989 801 ampogt unnd annderen orth mehr den luthetg
2010 656 2931 863 gewartet, deß vorhabens, wan etwas kommen
1957 698 2940 904 ware selbige huewürden, wie e dan etlich
2017 763 2979 948 holffen die tharli vebinden, damit sy desto
2001 816 2997 992 minder entmunnen möchtind unnd Babrel Rubi
2002 955 2274 1040 auh bekendt
1997 986 3019 1146 Veres habe e inn abwosen erstrieutirets
1988 1054 2895 1194 rubins mit helff etliche syne gesellen
2015 1103 2966 1252 Ann de blütsch by de Nuwennblugg ein
2013 1166 3013 1291 wybspeson, so zu boß dahan kommen jame
2027 1226 2992 1342 Lichenn enisedet, vnd selbige darnach in
2031 1263 3037 1390 das woße hinab geworffenn von wellichen
2030 1329 2946 1444 galt, so sy by fra funden, imme zu synem
2019 1403 2739 1506 thyl seh halbe kronen worden.
2037 1603 2985 1710 uff somliche der gedachten berdenn
2032 1683 2986 1768 Gabrich Rubine unnd Claus Husers
2057 1731 2928 1827 soche schware, große, inn gotes des
2060 1789 2997 1883 allmechtigen bsatz unnd fromme obekyten
2041 1847 2999 1915 wol hat gebrachtenn ordnung ei vebotten
2062 1892 3007 1979 mußhandlingenn und abschüchliche verbrachte
2056 1940 3003 2049 thaten, habennd hochgenampte myne g
2035 1987 3012 2093 herenn unnd obremn schultheys ghat
2074 2052 3042 2162 und Berge diser copplichen statt dam
2056 2099 3009 2222 fißrenn eyd zu rescht erkenndt unnd
2070 2162 2288 2244 gesprochen
2156 2208 2841 2339 Das man sy beyd dem nach¬
2317 2287 2747 2393 richte beuelchenn.
