3024 4032
904 117 1843 282 Dadanien sye er unnd son mitthafft obgen
929 184 1825 324 vnn die ehmßganngen (so inn de kilchhör
946 252 1826 361 Trachselwald gelegen) daselbsten habind
963 305 1822 429 Christem Niderhüsenn syn soyehe gröffnet
950 380 1826 497 Dams vin manntel sy im blaue wamse
965 443 1845 577 etlichen trilch unnd zwey Lundesche parhos
956 515 1859 637 venntrunet, das harnach mit eynanderen
973 563 1856 690 theylt, danon zurisoten der manntel
962 642 1849 786 Blamo Wansel unnd krilchen thuch sich ge
987 718 1856 838 zogen, wellichen aber alles er uff gnem
979 797 1853 914 Bumpersmmli genampt, inn syne schure
984 856 1860 989 unnde das Bai verstoßenn, so harnach wider
941 918 1271 1035 funde wordenn
977 1058 1860 1191 Berners habind y dem weybel zu Triseen
989 1140 1848 1248 unnd sonnst noch irenn zweyenn ioe Spycher
1011 1216 1873 1321 ufbrochenn und was für leyde darum gsen
1018 1276 1862 1377 yennd durch sönenn gsellenn, welesch abraham
1011 1338 1872 1448 gstolen in lutethal verkoufft, imme aber
1015 1413 1845 1491 Diewyl er alleynngheitet, danan nützi
1026 1491 1409 1577 mitgetheylt worden
1000 1560 1882 1688 Wyter uff eyner alp tatzen genampt,
1043 1654 1849 1763 uß synem spyehe fünff tas unnd e
1006 1714 1868 1822 Blauwenn Tshopper gestolen, das alles
1040 1776 1842 1865 habe der seenn unntza an yin halben
1048 1847 1603 1939 läs widerumb empfangen
1019 1931 1887 2054 Dennethin zu Hasle sy Burgdaff gelegen
984 2027 1876 2131 Niclans Liener ynem landtman nechtliche
1047 2082 1833 2167 wil mit gunst und denerentz zu reden, dru
1054 2117 1885 2222 toxplels par schuch ✳ eyn wyss und syn lyble
1033 2183 1886 2289 Lundisch zwey dar alt landtthüehen, yn
1033 2241 1851 2347 Wybezosen Hembli be en bleykt thuch
1046 2298 1888 2402 m bli Hufthuch vn Elen krelch in länd
1749 2398 1847 2461 vnd
1882 70 2836 263 und gem murschulitz damsels enntragen.
1927 99 2852 309 diß alles egnnommen die Hosen soe noch an
1933 150 2848 346 venn lyb halbe) zu Rügsand inn das söne
1926 207 2911 386 veborgenn, welches auch nachwerdts widrumb
1921 354 2223 479 guden worden
1908 344 2895 553 Iem so habe e unnd obanzogne syn gestell, weltsch
1946 439 2940 589 brhangupt. Biglenn wen källe geoffnet
1928 498 2883 651 daruinen abe entzu fundenn, dan opffel, deo
1941 611 2224 719 petlich genommen
1914 652 2936 809 Verner obennthalb Lanngnouw us eynem axycher
1938 715 2920 873 dem sy glychsfahls ufbrochen e en Husthuch,
1964 772 2930 932 parschuch,1 Wyber juppr, sampt enem schwartz
1956 825 2897 1014 zuschuchm einkock einzucks das aber zuen
1949 946 2518 1053 widerumb abgeragt worden.
1908 991 2865 1169 Dennemitt hieff synen gsellen wethalb trülsis
1957 1088 2912 1224 abe ynn spyeher geoffnet und darus eyn kas
1966 1216 2120 1304 gestolen
1933 1249 2916 1409 Item zu Brangerspergers hus ✳ e Kaller uf
1961 1337 2934 1461 brochenn, vnnd danns syn las enntfrombdet
1943 1417 2889 1578 Blychfahls fn Eygenwyl mitt syynem
1966 1524 2891 1623 Schrottysam yn kalle ufgeschloßenn
1981 1594 2680 1687 unnd Barneyn käs einttragen.
1956 1685 2871 1778 Item die schuch so er nochmal annhabe
1971 1729 2893 1848 einem by Heunscwald wonhafft verantnuret
1977 1836 2928 1966 terners habeor mitthilff eynes ynes gsellen
1974 1914 2893 2033 ovor etwas abgefloßen hoth zu Golothum
1979 1953 2917 2093 mit dem strangen hingeichtet worden zu Sberken
1974 2035 2898 2146 schreinden in Kallegeöffnet unnd darus
1985 2095 2903 2206 wein zwifach cas die sy mit gnanden
1985 2171 2391 2266 gnoßenn) gestolen.
1971 2229 2920 2359 Item so habe e unnd syn mithafft abraham
1987 2307 2895 2396 sy demis wald eynem laundtman, ab eynem
1978 2358 2845 2463 Bacheim eyn stuck schwynin fleysch gehouden
1975 2418 2902 2521 dasselbig kirhet unnd mit ynanderen genoßen.
