3024 4032
919 122 1822 336 Deme habe er u eynem Behürli vnnden
971 260 1817 395 vor der statt gegen dem wil erveld gelegen
988 320 1827 490 zwo schüflenn und wo honden entseg
993 375 1817 524 det die stel darub geschlagen und
982 452 1829 597 hannach dieselbenn Hanns Rer berge
989 511 1838 675 erlaßnen wittfromeegeby der ha
977 580 1790 719 gy pfand umb s bezn verköafft.
929 738 1807 885 Wyl er habe e gelia chöpff
995 826 1820 941 mit ynem Diebrich syn Zumerles
959 889 1813 1030 ufgethan dans sy lideren klas
1139 968 1820 1097 gestolenn unnd Hans
988 1048 1836 1171 RRudolff Kiling dem ghrischmach
998 1114 1843 1238 ob gabenn, welche Schöpff widerum
1000 1185 1325 1298 empfangen.
1668 1282 1805 1364 as o
1014 1314 1849 1475 Demers habe er sich vor etwas
1026 1424 1846 1526 zych (mit renerent von vg werden
1032 1482 1832 1627 imn ehegraben gelaßen unnd
1034 1575 1847 1685 dem wirt zumm crützt an galt
1055 1641 1846 1763 ode aunelen, was e bekondetn
1038 1738 1794 1851 mogen, stalen vnnd entwag
1004 1807 1299 1884 wolls
998 1930 1829 2081 detstlichen hat er ouch noch vilt
1037 2024 1842 2146 valdigem anhalten bekheidt
1032 2114 1780 2214 unnd vespachen. Das er sich
1743 2193 1846 2269 usag
1047 2182 1699 2315 abemalenn, Reuerent
1714 2292 1848 2415 Ion
1852 62 2776 322 hegaben begäbnung by s lmadt
1861 174 2809 380 dst kilchberges zus etwas thachs
1883 232 2763 461 in hof an ener seiligen
1895 291 2774 507 gounget, entzuckenen sie neben sund
1906 379 2702 581 enst alles as, was er fnd
1895 432 2778 641 mogenn vountruwenn
1905 513 2792 719 den ore vnnderscheid, alles das
1905 602 2838 767 so er nemmen mögtn, stallen wellenn.
1914 781 2766 934 s ehrstlich mit zwyen, darnach
1915 852 2837 1019 ut diesen vnd lebstrach mit vert
1918 942 2759 1077 teren s dey hrner wagend
2125 1037 2575 1156 ffogen en worden.
1982 1278 2692 1407 ff somliche vn deß gemelde
1936 1363 2777 1470 ielaus donnesfros begangene unnd
1945 1434 2762 1543 unndestandere diebstal hab ennd
1936 1488 2748 1591 hochgenampt in ger 8 und obere
1906 1561 2787 1650 Schulthes derhat unnd burge, disen
1925 1617 2799 1714 Lopplich tat Bain uff Frei eyd
1937 1670 2790 1784 zu Recht erkenndt vnnd gesprochen
1918 1734 2790 1865 das man ihme dem Nachrichte
1937 1801 2830 1930 benelich, de Innen oben vs vff
1944 1861 2856 1994 gewoanlicherichtstatt führen
1912 1952 2795 2054 imme alda se sompt abschlsarhe
1931 2008 2838 2126 od also mit den schwart de
1920 2052 2859 2191 abe zum thad nach rystlichen
1914 2128 2688 2250 Rechten richten solle
1923 2266 2775 2406 Diser konnen fro ist uff 5 luben 1602 uff gy
1930 2358 2785 2466 beschribenn unhed usgelaßen, allso das was e
1930 2412 2859 2499 Im ynddn fahle mehr egriffene, er behendiget
1917 2469 2766 2568 dnd sin verdiente kon werden der
1907 2529 2589 2641 die untheyl schon gespprochen für solle.
2769 46 2836 134 49
