3024 4032
1005 92 1885 240 glupt, byd unnd zusagungn bemelten
1013 141 1881 314 derk mit gemintenondes dahin sch
1022 234 1864 361 wad aamb begaben, auch ob er der n
1019 296 1874 435 verlaßen oder daby verblyben welle
963 335 1860 506 Ist e fir unnd für uff obgeschibne
1027 411 1872 572 meynntzig und hockel. Jedoch entlich
1012 505 1874 652 abemalen glopt unnd vesprochen
1006 579 1880 734 dauon abzustan unnd ir gnaden land
1021 646 1871 798 chafften zu myden. Also wan er nich
1028 731 1869 864 darumn ergriffen wede, so nach synem
1048 789 1835 921 Bedieeng, darumb leden wolle
1003 876 1869 1001 Ist 1 lar 2 mal mit den mittlisen
1009 945 1855 1069 vnnd sum 3 mal mit dem enttlichten, vnnd
1022 1010 1667 1129 kansten steynen vfzogen worden.
1072 1338 1897 1455 uff 10 aprilis 1602 jars ist durch
1042 1411 1877 1528 myn gnädig herrenn Rhar unnd burger
1048 1470 1867 1589 erkendt, das man disen Buman dem
1013 1534 1849 1643 Nachrichte bevelchn, da Inne mit
1022 1618 1861 1717 antenn ustrychen, sn ohr abhondenn.
1058 1681 1876 1765 vnnd e darnach mit dem eyd von Irg
1055 1742 1873 1832 stetten landen vnd gepreten verwisen
1027 1786 1861 1881 Also wan e darüber sy so gr land
1061 1856 1846 1953 betreten, ob imme an lyb und laben
1067 1922 1494 2014 gricht werden solle
989 2172 1865 2292 uffdonnstag 5 aprilis 1602
931 2247 1691 2346 142 sind 3 dunen mit namen
963 2301 1011 2349 43
932 2336 1026 2408 144.
1010 2510 1683 2653 min rutern ugestrich worden.
1910 225 1956 285 95
2883 93 2963 185 27
2056 173 2720 330 Bendicht gott von
2217 280 2427 394 yssach
1992 475 2898 637 Sy Aprilis guefeiessendts 1602 fars, inn
1989 528 2857 672 bywäsenn, anhoren unnd gegenwirtigkeyt, der
2000 605 2937 739 Edlenneesten frommen finnemmenn ersammene.
1975 654 2950 798 Wysen herrenn Gilgran im Hags deß kleynen
1966 739 2983 864 Ghats, Vnrentz Holtzers den Burgerenn Niclaus
1978 806 2963 928 vom melinens großwybels sampt etlichen
1972 867 2973 1001 Wyblenn myner gnädigen herenn unnd obeenn,
1926 990 2973 1147 Han gegenwirtiger) benndicht gott von Lyssach
1998 1084 2992 1190 würtig by Bingdorff gelegenn, nachvolgende durch
2008 1136 2988 1259 inne beganngene diebstäh und verebte unßethat
2011 1202 2745 1323 zu Märzili bekenndt unnd verräch
2004 1241 2954 1358 als er angefangen stälen., Habe er zu Eisingen eynem landtman
2022 1315 2995 1401 uß eynem ofenn syn leyb warins brot veunthrüwet, darnach
2003 1355 2889 1464 dessersten habe er und son gsell welbsten
2010 1401 2901 1519 Abraham genampt zu Dech by Rügsouw
2020 1475 2929 1573 als es anngfangen nacht werden, mit ynem
2022 1542 2884 1639 Bieh, so sy daselbst genommen eyn spycher
2036 1596 2938 1686 gröffnet, dans eyn wällenn thuch, ampt
2024 1641 2988 1749 enem dickenpfenig gestolen, von welchem galt
2023 1726 2905 1808 ime drybatzenn worden, das thuch abe
2042 1780 2944 1896 habind sy by Criswyl iun yynem schürli
2031 1845 2779 1961 Imneyn Rurdi stronu verborgen
2034 1949 2957 2084 unnd als sy diß verbracht syend sy gan ober
2015 2037 2960 2145 schydegg ganngen, alda zwetm Sycher öffnen
2027 2101 2962 2196 wellen, abe keyns wags daryn kommen mögen
1979 2207 2963 2307 Wyter habend sy uff dem hof schwanden Peter
2021 2258 2951 2368 Nüwhes syn Kaller ufbrochen, darus yn
2033 2313 2899 2425 stuck käs und eyn kannen genommen und
2045 2380 2881 2481 selbige zu Grunnenmat, inn des Müllers
2033 2434 2827 2543 hur geworffenn unnd eigen lasen
