3024 4032
964 183 1819 353 Wyters habe er unnd gemelte sürgsehen
982 280 1820 405 zu Rugsonwe, eyn Kaller geoffnet, vnd
980 344 1812 501 Hanns Käs Fleysch unnd zwen beyb
938 426 1464 540 grott eintfrosubdet
1001 613 1825 753 demne zu frchten by Hutz wyle, haben
1005 715 1829 827 ud uß synem spycher ettwas galts, so im
1155 778 1273 833 Deckl
1002 797 1788 905 wnem  gewesenn, vn grebe
1008 861 1818 951 unnd ander muntz gsyn, (wienil aber
1005 927 1829 1046 se im unbewüßt) urduntrinet, dann
1016 996 1823 1093 jas xiij  worde. zu deyn ouch darum
1022 1070 1850 1180 etliche Hemli ermelen und anders genommen
1007 1218 1821 1326 Veones zu Eriswyl uß ynem spyche
1035 1297 1805 1388 etwas galts, so inn eynem 109 im
1031 1347 1829 1461 inem lumpsn gelegen, enzuckt. Danon
1021 1434 1827 1527 mren zu synem theyl vi 8 wordenn
1016 1581 1866 1693 Item uff Lanngenege habend so us rynen
1034 1657 1835 1756 spyche etwas gälts, so inn ynen
1028 1715 1807 1829 Pumpen gewesen gestolen: dauon
1064 1783 1845 1894 so inn gold unnd muntz mi 3 empfalen
1056 1927 1824 2043 zu Eriswyl habind sy abe malen
1051 1999 1820 2106 ven spyche geöffnet, darus halt
1073 2062 1839 2166 so Inn enem Cumpen gsen, vnd Inn
1061 2122 1831 2229 synem trog gelegen, galt gestobec.
1066 2183 1863 2300 danon er zu synem theil ui  gugenom
2722 48 2802 126 56
1873 111 2794 346 Item imm Tschanngnomw by dem Schallenberg
1902 203 2810 393 im stoche ufbrochen, darun etwas galts
1885 269 2743 473 sampt eynem wyßen par hosen, zwey oder
1887 323 2808 521 den hembli entragen von welchen galt
1886 428 2439 580 Ine vrer krond wo rd
1851 483 2721 674 In das galt ist inn eynem lumpen gson
1869 635 2766 814 Wyter habe er zu Ortschwaben
1903 715 2776 870 mit hilff spne gsellen uß synem trog, so
1919 793 2856 958 nit beschloßenn gsyn, 20 l, so inn syynem
1907 856 2791 1016 listli gelegenn veruntrüwpet, dauon
1912 938 2761 1083 er gy  empfangen, welches eynen
1907 994 2852 1123 kräme. im frëbung gepiet, Hans Brörgen
1917 1077 2839 1206 genampt, so jetz by steiten hushablich sye
1899 1164 2109 1294 fügesetzt
1874 1230 2786 1360 a so hat er ouch eynem weltschen krämer
1924 1301 2831 1425 enet der sensen imm aysgraben wonhafft
1929 1383 2612 1513 pri d uff s zyshlang gelichen
1896 1483 2767 1647 etstlich hat er bekendt, das er zu
1943 1569 2861 1696 beischwanden uß yhnem püren has zwein
1944 1663 2396 1748 yb brott entragen.
1882 1748 2798 1870 Ita er hat vor 2 jansn anngefangen stälen. doch
1947 1809 2766 1912 soggt er ann Johan Wülliein habe inn zi
1958 1847 2828 1953 ollichem bracht unnd allwegen angewisen.
1923 1908 2847 2036 das wo e gfangen werde, er nützil bekenn,
1913 1991 2403 2074 sonndes lougnen solle
1911 2098 2880 2229 Ist hrvor 2 mal har, darnach mit de 2 kleyi
1950 2170 2864 2294 und zum gmal mit 3 strynen so e Cantaer
1946 2224 2863 2353 wagennd. Letstlich abe lär ufzogen
1940 2339 2114 2417 worden
