3024 4032
945 100 1884 319 Dedannen sye er unnd syn mithafft obgen
1012 214 1887 367 meldt, inn die thur ganzen, (so inn der kile
1012 280 1876 425 Höri Trechselwald gelegen allda habind sy
1010 338 1891 495 Christen nider Huseren, synen spyche geisen
1036 405 1891 559 rrt. Daruo eyn manntehl yn Blauw Wanish
1033 477 1880 615 tlichenn trilch unnd zwey kündische pr
1017 529 1890 684 hosenn veunthrüret, das hernach mit sin
1036 612 1890 734 anndernn gethylt, danon imme poten, die
1012 674 1886 791 Mantel blauw Wannsch und crilchm thu
1039 742 1898 872 ich gezogen: Welches aber alles er vff ein
1020 801 1892 932 Hof Gumpersmüli gept inn ener schir
1026 873 1873 989 Inn das hoüw verstoßenn, das sie har
1048 940 1742 1052 nach widerumb feidenn worden
1607 1058 1795 1138 zu Eiswyl
1030 1049 1877 1182 kerner habind sy dem weybeln und sonnst
1047 1143 1868 1249 noch irenn zweyer Joeßpycher ufbroch
1025 1215 1897 1312 vnnd was fur Kleyde darum gsyn, die
1019 1276 1879 1369 sbend durch synen gsellen weltsch Abraham
1049 1337 1873 1434 gestolenn imm lnterthal verkaufft, imn
1059 1402 1897 1510 aber diewyl e allein ghütet, danon nüteit
1054 1473 1451 1569 mit getheilt worden.
1010 1564 1915 1698 Dennethin zu Hasle sy Burgdorff Stile
1049 1652 1908 1760 kienen eynem landtman nechtlicher wyl
1064 1718 1465 1805 mit reüerentz zu reden.
1058 1754 1542 1865 2 dopplete par schuch
1095 1807 1886 1934 wyß und in lybfarb par Landisch Hosen
1058 1905 1662 1996 y alte pan Lantluchin hosen
1079 1949 1463 2048 van wyber hosen
1079 2004 1732 2126 Hembli vi Eln Blycke thueh
1064 2073 1692 2174 on Eln Husthuch un Eln Trilch
1088 2140 1485 2222 Löndisch wel
1049 2201 1900 2324 und eyn nürschirlich wamsel eintragen
1016 2255 1833 2365 Diß alles zu salngsouw inn das Höno
1067 2336 1802 2429 verborgenn, welches ouch widerumb
1064 2376 1409 2468 fundenn wordenn
1038 2427 1699 2576 Item so habe er gesagtem kiene die
1697 2518 1839 2589 hosen
1084 2519 1892 2674 so er angehen trage genommen und gestolen
2880 68 2961 125 28
1954 126 2891 294 Wyters uff yyner alp gantzenn genampt und s
1984 184 2884 355 ynem spychen fünff kas unnd yn blauwenn
1985 248 2935 419 Thoppenn gestolenn, das alles habe der denn
1963 302 2891 470 untzit ann yn halben kas wideumb empfangen
1893 392 2944 580 Dota da zun diß gholffen entragen wey sir Joggi füe gstorben
1973 537 2941 704 Item habe e unnd obgeschibne sn Gsell abroham
1993 598 2949 755 by Biglenn zwenn Källe geoffnet, daminnen aber
2003 654 2918 814 undes nutzit fundenn, dan opffel, deen sy
2000 773 2297 871 etlitz genommen
1980 841 2983 994 verneo obennthalb Langnouw uf eynem spyehe den
1995 923 2888 1065 sy glychsfahls ufgebrochen etc Ehn husthues
2007 1006 2911 1131 var schuch, wybe juppen sampt eynem
2009 1045 2928 1191 schwartzenn hustüehmen rock enthuckt, das
2016 1125 2887 1252 abe imen widerumb abgeragt wordenn
1972 1273 2961 1409 Dennemit hilff synes gsellen oberthalb läng
2008 1361 2964 1467 nonis onethalb Trülsis, abe yn spychege
2015 1419 2816 1535 öffnet unnd darus eyn käs gestolenn.
2012 1551 2902 1654 zu Brangespeges hus eyn kalle pfbrochen
2015 1622 2853 1730 unnd darus eyn käs gestalen entzuckt
2030 1725 2985 1816 Glychsfals im Eggenwyl mit einem sthrot-
2003 1781 2950 1899 ysenn yn kaller ufgethan und darus yin
2027 1855 2382 1961 käs entragenn.
2530 1927 2644 1981 wage.
1990 1945 2860 2066 Die schuch die er noch annt seynem by
2014 2029 2805 2123 Denscswald wonhafft, veuntnüret.
2018 2162 3001 2283 Wenes habe e mit hilff yynes synes gsellen,
2031 2225 2871 2352 so zu Golothum mit dem strangen gricht
2025 2305 2905 2399 wordenn zu Warbeschweiendi eyn Kall
2030 2355 2881 2457 geöffnet unnd darun zwen zwyfach kas
2042 2421 2884 2514 so sy mit eynandren genoßen) gestolen.
