3024 4032
867 205 944 265 diser
878 255 950 293 rtim
881 285 953 329 Ist hie
879 315 960 352 undee
887 342 966 387 Eusact
874 371 963 420 vnnd alß
882 407 957 459 angabe.
885 444 945 504 wor
936 84 1833 230 Demethin rnnd im übrigen hat gegenw
1010 165 1835 280 potanch bekenndt, das er nna s gsell w
998 226 1790 333 Abraham, vnschinn Jaenn zu Lugtfelden
1016 281 1802 397 Inem morgenn gy hus mit bulfe unnd
1012 344 1842 482 Schwein angezendt, danus gy großt Graus
1028 416 1845 541 entstanden unnd treffenlich vil hüße
1016 478 1824 604 grosguet, durch das fahr verzehrt, warden
1044 614 1839 731 Verners habe er ougfarlich vor 6 Jarn
1007 695 1793 812 Imd Solothurea piet, dans kouffmon
1032 765 1828 866 yn hus mitwillig nüt für angestecke
1034 835 1814 944 und also ime daßelbig zu Bulerr,
1054 906 1440 1015 unnd Asch vnbrondt
1013 1060 1813 1177 Eentlichen habe er sich fllyder vor
1049 1157 1827 1243 dry jarenn by Schüpffenn uff Snedlp
1041 1211 1813 1316 Iu Cantlibuch gelegenn, Gottes deß
1046 1278 1834 1387 allmechtigen gsatzenn und gebotten.
1058 1347 1856 1434 allein geoffenbahreten Rechten. Satz¬
1043 1410 1848 1503 angenn ordnungen unnd mandate Christ
1055 1469 1795 1576 einliche Erbarteyt, vnnd Monschlicher
1059 1546 1823 1630 Ratin schweilich zu wider, (mit reuerentz
1059 1594 1833 1699 zumellen) mit yner ku unnchristen
1049 1652 1827 1742 liche wys vegangenn unnd mit de
1073 1709 1556 1820 elbigem zuschafften geheh.
1021 1890 1859 2012 Vffsolliche son deß gedachten potten
1046 1967 1847 2060 hoche schware, schandtliche, mordtliche
1041 2025 1812 2128 unnd abschuchlliche mißhandlungenn
1050 2083 1764 2189 deo e mehr dan zueil begangenn
1059 2173 1791 2253 habennd hochgenampt myn gnadig
1055 2204 1823 2310 herrnn schultheys Rhal und Burger
1049 2281 1803 2365 dise lopplichn statt Barn uff iren
1050 2335 1821 2436 Erd zu recht erkenndt vnnd gesprochen
1091 2463 1870 2555 as e und syn mithafft weltsthatbroham gept verschines 160t
1064 2509 1867 2591 hars an yyshen morgen flachs sonder genommen, führ dary gethn
1061 2546 1873 2649 das by jun getragen, d an eys schwinmen anngezündet
1072 2584 1871 2689 welches sy varnach sampt etlichen befne, inn eynem sus
1073 2624 1872 2727 zu Gunstfeldenn, in es thach, daunder vil strom
1074 2688 1877 2776 gelefenn gestoßenn, danon eyn große brunst entstand
1068 2721 1887 2841 dergstalt und maßen dordurchbel züste und gros
1079 2775 1606 2873 bezehren unnd bingenommen worden.
1080 2820 1851 2901 dises aatikels d Hans Mellen von Eertfeld
1085 2867 1872 2967 dnog eng b Rlathedel ein übeschidet e sop
1271 2913 1750 2975 ergstelt worden 8 maii 1602
1906 82 2843 197 Das man innes als eyn von Got synei eynigen
1943 134 2880 224 schöpffe unnd seyland, ouch deßem ewigen labend
1932 184 2873 278 mechenden wort abgefallung, wüs ennthafftte
1925 230 2873 319 Mörde brönne unnd sonst zun vllaley wys
1933 279 2833 371 übelthätige personn) meisigklichem jung ein
1946 330 2864 422 unnd altem zu eynem schynbahren exempeel
1946 380 2828 481 dem ntachrachte benelthenn, da inne obenns
1931 450 2850 540 uff gewonnliche richtstadt  uff yynem laden
1938 503 2824 612 gebenden, schlypffen, ime alda syne glide mit
1933 566 2873 672 eynem rad zerstoßenn, den Coppel daryi flechten
1931 637 2837 740 darnach inn yim Bronnend fürwaffenn,
1945 694 2831 782 zu Bulner unnd asch verbronnen unnd allso mit
1946 742 2885 834 dem rad unnd fehr vom läben zum thod
1952 798 2741 899 nach keyselich rechen richt solle.
2093 1027 2718 1138 uff 1e maii 1602 Jars Ist disere
2159 1117 2700 1199 urtheil ann gemeltem poten
2268 1167 2592 1261 rstattet worden.
1896 1577 2874 1666 ota tielte bottzeygt ann der leydig daton, habe demen
1954 1631 2874 1725 rechtem fuß glychfaung eynem anderen nammlichen fuß
1965 1682 2890 1762 de Lingg abe sye, wie es Gryßfus. Da habe ouch gseydt
1950 1727 2835 1807 Wann e denleigen köndte formieren als den rechten
1955 1779 2865 1866 welte e vil mehr leten betrriegen. Und als e ime an
1959 1825 2892 1924 fencklich gesteh, habe es inn dunck, als wore es alles
1961 1878 2875 1971 fürn unnd ye e eschrocken, das er schier ni gwüßel
1960 1928 2895 2034 wo ege, Jedoch syen vnnd nochvel annder so als
1973 1988 2864 2078 run beklegdt gewesen) offtmalen uff per
1976 2043 2876 2139 matten zusamen kommene, da sy dor gedantzel
1979 2087 2881 2182 unnd gsprangen. Habe aber niemandts bekendt
1926 2147 2868 2256 vnnd se ongfarlich 9 odemahr wuch das Inne
1960 2216 2867 2308 da abschüchterh Catan gmandt  solle gnem
1962 2268 2892 2367 yyn hus annsunden, das er aber nit thnn wellen
1956 2326 2760 2404 Deß halb er dene gar übel gschlagen.
1943 2367 2895 2460 unnd was er gethan, habe da sühes anr daczu
1963 2422 2523 2524 iustigiert unnd getriben.
1892 2476 2846 2597 Ita Weltsch Hans vn gsell habe läbburen unnd
1970 2556 2882 2643 resel Fyl, hab noch keyn Bart trag vn schwart
1976 2625 2866 2698 wansel, wyß wollen hosen und yn hochzul
1962 2665 2694 2766 so eyr thürre vnd blyche geistn
1967 2717 2547 2834 der sol en boser bub pr
