3024 4032
814 154 904 234 158
1070 128 1699 273 Hans Sumorieemeitt.
1183 213 1562 321 vonn Stäfisburg
916 287 1804 424 It uff 26 an 1602 von dryenn be
955 378 1767 511 gangen fahleen wägemen untzue uoff gnad
964 444 1798 561 eynegs) von in g stetten landen
951 518 1802 615 sund gepieten, mit dem eydrverwisen worden.
1096 614 1800 756 Ettlich dienen somitt
1166 717 1733 811 snten usgestrichen worden.
1695 903 1746 961 el
959 881 1780 996 Dinstag den 1. juni 1602 nid
956 958 1759 1065 Harrath geschribne perstnen mit
985 1023 1747 1137 rnt vgestrichenn, vnnd die Jenigen
1004 1083 1840 1209 so nit inn myner g s geparten daheym
1008 1152 1801 1256 mit dem eyd uß in g stetten
986 1224 1712 1332 unnd landen verwisen wordn,
979 1317 1783 1418 Aggli Wuntzennried von Diesbäch
866 1337 952 1413 159
986 1395 1692 1529 Elsi jung von Hayburg
868 1430 945 1501 160
1013 1507 1801 1629 Verena Wyer von lybenwyt
861 1537 935 1606 168
878 1605 1708 1742 162 Margrech Tuggener von Zürich
896 1721 1658 1841 6 Barbli Marthi von Arberg
903 1825 1859 1948 164 Ursula fry von Hueh ist deß ey
1027 1907 1671 2005 und desseung elaßet word
893 1953 1799 2065 165 Catharina Moret von Orbach
891 2044 1782 2188 166. Chmena courtie von Fryburg
1845 184 1908 256 67
2744 48 2843 129 39.
2004 146 2594 286 Hano Spiesperi
1920 338 2873 523 uff frytag denn viertenn brachmonats hinflie sendts
1931 388 2833 570 60r jhars inn bywosenn unnd gegenn wirtgkeyt
1924 460 2880 611 der trommenn, fürnemmen, ersamen, wysenn verrem
1899 502 2889 684 Partholome rechts des Bhatr Binrentz Holtzers
1924 577 2902 729 der Bergernn und Kulans vonMelmens Groß.
1921 646 2697 790 weybels diser lopplichen stald Bärnn,
1892 686 2886 840 Ist Hanns Spießenn (so verschine tagenn gefenck.
1906 765 2853 905 Isich ynn zegeniß uff beüelch hochgenampte myner
1897 829 2873 953 ggnädigen herrenn zu Marhili als harnachge-
1942 872 2897 1012 ribenn stadt fürgehaltenn unnd ennst flyßig
1941 942 2886 1055 gemandt wordenn, darübe mit gepürliche be-
1944 1004 2893 1151 yd ze begegnen. nammlichenn unnd deß esten
1916 1092 2445 1213 was syn begangennschafft sye
1922 1150 2900 1274 Item uß was ursach se sich vyn sychlang z s statt
1939 1237 2103 1332 geüßhret.
1900 1245 2710 1390 Was ser ann sonnderbahrennocth veruckt.
1945 1344 2867 1475 unnd uß was bewegligkytenn e müt worten
1882 1394 1929 1459 4
1949 1415 2867 1530 vnnd wecken vngepurliche masenn, gegen syne
1937 1481 2879 1589 mutter wide das gepol gotes) uberfahrenn
1931 1541 2853 1631 Deswegenn dann wolgemelt ir g albkeott
1936 1595 2856 1718 Kanndtschafft unnd zugsame so vnde eugene
1943 1672 2282 1777 fnomen laßenden.
1944 1746 2865 1845 Daruber er anfencklich geanntwortett,
1960 1820 2871 1923 soul syn begangenschafft berüre, habe e erstliche
1973 1888 2809 1989 ich dem soudisenn vnnder worff. vnnd als e
1967 1950 2879 2044 bis Inn die dritts Lecton alhie promomert
2120 1993 2904 2102 Sye e durch Caspar Mocken den Schloße
1961 2009 2118 2079 e
1962 2058 2917 2160 bredt unnd angewisen worden. Die Studia zuner
1952 2111 2901 2218 lasenn und das schloße hanndtwerck zulernen
1935 2174 2842 2282 das e harnach vendestandenn und sy gedacht
1959 2219 2910 2314 Mocken anderthalb itar vrbliben. unnd ob e glych
1966 2285 2822 2387 sol die jarzalle by für nit usgemachet
1972 2334 2871 2445 uennd desselbigen halb gwüser ursachen, welche
1954 2411 2328 2503 ine abgetribenn
2372 2416 2439 2508 2
2581 2422 2838 2528 Die vbrige
