3024 4032
1010 287 1798 448 Item als er verscheinens suntagsin
1041 373 1811 498 mienm dert fryfurger gepieß gewaten,
1049 420 1817 555 habst ey derseelbst abguieme sagel ein spaten
1046 482 1813 604 roster, darun ettlich Corall agtsni vnd
1040 533 1806 657 silberin eichten genomen. Vnnd als
1049 602 1794 702 er demnach by einem metzger so alhie in
1056 644 1817 755 der statt by einem Meister dienet vber
1050 712 1826 802 nacht gereten vnnd by Imme gelaten, mm
1047 742 1805 839 Seckel dampit iui f. imme under dem
1054 805 1815 899 küßi entzuckt unnd verunthrüwet.
1057 857 1821 948 Daßelbig habe imme selbs moredes ge
1062 909 1827 999 dachten metzger geshagt, daruf er den
1053 965 1821 1047 deckel sampt dem gultt vnder das
1056 1013 1838 1109 tach verstoc od man daselbig noch find
1076 1085 1233 1147 walde1
1046 1137 1827 1245 den übrig zoigt es an eyner hußfrouwen
1076 1202 1834 1299 ie von disem sachent unnd synen dieb¬
1073 1262 1805 1353 stalen gart vnnd gantz mitt in wuße
1073 1315 1814 1402 habe daßelbigen ia niemal gesagt, solnst
1083 1360 1856 1461 wurde er in disen enthal nit gerhabt
1077 1421 1416 1524 noch gfallen syn.
1080 1628 1846 1715 uff sambstag den 27. novembris obge
1102 1669 1823 1761 hrrbens Jars, ein syeyn vnnd gagen
1082 1717 1845 1817 würtiabheit ob unnd wol ermelterihten
1085 1785 1844 1878 hatt Barthlome Yelin zu Marzili mit
1093 1818 1856 1918 der Martten abermnalen bekhent vnnd
1100 1906 1283 1991 verzachen
1103 1972 1835 2072 erstlichen als invor etwas jaren by
1108 2030 1847 2131 herren Hanns lrich Kochen gedienet,
1106 2080 1856 2187 unnd mit imme gan deerdten geritten unnd
1103 2136 1855 2237 sn her von herren sebaßtian darin Domale
1091 2205 1859 2300 landvogt daselbst zugast geladen worden
1103 2253 1823 2346 habe er ab einem buffet ein silberin
1122 2307 1853 2382 sacher genommen vnnd entzuckt Densel
1115 2354 1850 2431 digen habe er synem bruder bendicht
1122 2413 1823 2495 gaben unnd anzoigt er habe in under
1131 2441 1869 2529 wägen gefunden, daruf iy darumb ettw
1115 2504 1865 2584 gapßvor synem bruder empfangn nnder
1121 2554 1867 2653 aber nit wurden, wie thur ein der deenselbigen
1115 2589 1308 2674 verkhoufft
2697 4 2808 91 68.
1893 215 2767 440 denns albeseit hr. Lerben vnnd anderen am
1907 286 2751 493 landelstag übernacht gewäsen, habe ers einem
1904 337 2742 537 welben man so imme underkhant uß synen
1891 384 2742 597 Iel ongfarlich u f veruntheuweht vnnd
1904 546 2224 664 Sat rs
1906 552 2793 745 Vruns habe in von einem Becken zu Bacel
1897 605 2827 800 umb 1 francken brott uf borg hin empffengen,
1920 729 2484 854 Weer aber hinwäch gesloffen
1891 778 2816 954 Deßglychen dem wirt zum blume daselbst
1916 832 2778 1029 sy ven schuldig worden unnd glycher gstalt
1923 945 2523 1087 etloffen unnd harwätz zogen.
2008 1108 2631 1265 Ebeth Maritz konn
2283 1202 2525 1346 Prybug.
1919 1466 2748 1597 Vff Mittwachen den 8 Decembris. diß
1944 1516 2756 1637 zuttließenden 1662 Jars in bywacgen,
1948 1577 2764 1694 auheen vnnd gägenwurttigkhet, der
1941 1631 2733 1747 Frommen, Eurnemmen, Ersamen vnnd
1955 1686 2769 1797 wysen herren mathys hafner des reitts
1948 1733 2742 1833 Maritz Eien der augeren, Niccaas
1952 1795 2803 1868 von Mullinens Großweibels, hatt Elßbeth
1954 1838 2762 1938 Mariti von Fryburg püettig zu Marhile
1964 1884 2836 1996 mit der Martter bekheidt vnnd versachen,
1948 1987 2829 2121 wie das verschinnens frytags ir sim stilaus
1963 2066 2784 2161 Sonnentro (ira ein zerschlag waßes kesell
1981 2103 2843 2205 ampt dem deckel darzu gehötig zugebracht,
1973 2148 2859 2263 sy möge abes nit wüßen, wo er daselbig genommen
1984 2209 2811 2310 achte woll sölliches in hr. Johanns steigers
1987 2248 2796 2357 simmer huß geschächen, syn den gedachten
1988 2276 2845 2387 derkieh habe sy Balthachas Wyrich dem Rupfer
1983 2324 2838 2448 schmid us nroth vnnd maugel der zu triben,
1981 2395 2549 2491 umb vili batz verkhonff
