3024 4032
1167 12 1665 164 v Schanna Cristea.
828 27 917 164 4
984 82 1795 237 uff 29 januarii 16927 Jahrs I
812 175 924 278 39
973 154 1793 277 Susanna Christenn vonn Wirden des
984 213 1820 375 gfaungennschafft son unnd ledig gelaßen
969 273 1812 446 dath vrlmanndt worden, sich fürhin ehilich
962 326 1237 449 zuhalten.
1067 507 1742 638 Agusten Garber.
810 618 950 704 140
967 751 1836 893 Wiewolschon hieuor im November zin und
993 848 1886 975 abgeflosnen 1588 jahrtaugustin gerwer
827 854 977 941 gecenn,
829 920 1000 992 wertig
1017 906 1838 1049 egenn spüer husfrouwwenn sich so vnnge
986 971 1841 1118 pürlich verhalten, Das er syner domalen
988 1047 1856 1179 begangner nußhandlung halb gefencklich
1004 1130 1858 1259 unnzogenn. letstlich abe uff yun glüpt us.
986 1197 1867 1325 unnd ledig gelassen. Hie neb ennouch vemandt
962 1281 1832 1386 wordenn, sich soll iehe unlydenlich ein sach
988 1345 1862 1455 fürhin zumüßigenn und deo sich zu über
1031 1424 1854 1522 gebenn, oder abe myne gnädigen herren
1001 1477 1856 1578 unnd Obereim straff Jacob zuerwartenn tc.
1019 1535 1849 1649 Ist doch deeselbig an zmm nit sonit
1014 1613 1835 1714 erschießlich gewesenn, dann das es am
1030 1676 1791 1769 stadt de beßrung, sich bishar
1026 1745 1833 1853 mit gottlefferen ehrnerletzlichen
1025 1806 1842 1909 zu reden syner imme vonn gott gegebner
1022 1873 1831 1975 ordenlichen frommen oberkeyt, sondes ouch
1025 1943 1834 2034 etlichen anndren prinat personen, so
1012 1992 1888 2097 unurnsth und vürmrig erzeyt. also unnd
1018 2065 1827 2172 dergstalt von deßwegenn offtmalenn
1000 2134 1873 2244 Imn pfangennsthafftenn gelegt zur ende.
1021 2193 1869 2297 ung synes labens unnd wasens ver
1036 2255 1839 2364 manndt unnd dahin gewisen wordenn,
1000 2322 1822 2435 davon genntzlichenn abzustan. Dem er
1028 2378 1851 2485 aber nit gelept, noch 94ofgel Sonnders
1043 2434 1846 2543 wübende de banden sich geledigett,
1024 2489 1898 2613 und vonn tag zu tag iu lenge. Ie gröbe
1700 2613 1828 2713 fort
1978 56 2990 244 port gefahrenn, dermassenn gemelts berbers
2022 126 2971 291 nachperenn nit allyn verleists und schad eines
1998 165 2997 348 irer guteenn, sondes vilmehr unverhoffende
2002 238 3025 408 fraune handardegung (welches e vilnaltig ge
1990 299 2979 491 gsthrönit) zu besorgene. Wie dann daselbig
2025 335 2962 500 alts wytlöüffige, dann alhie zumelden vormöth
2016 372 3000 570 hochgenampten mynen g s unnd oberen diser
2018 465 3012 622 caplichenn statt Bärn, mehrmalen vbe fluß e
2012 520 2984 667 clagswys fürkommen. Dero wegen wund
2025 587 2931 716 uss beweglichenn ursachenn harnach ir g
2021 642 2969 795 gliept, ihrem diesne unnd amptsman zu
2006 718 2955 833 wangenn zebenelehenn, gedachts berbers
2007 789 2944 902 gotslesteungen nröüwens, schendens unnd
2044 824 2973 937 hmachens halb gegen derschochen ober kept
2034 907 3008 1005 Als deo vnnderthanem vnd prinats porsonen
2029 966 3006 1088 khendtschafft ufzunemmenn und selbige irg
2030 1052 3015 1162 zu überschickenn, welliches gebürliche maßen
2027 1097 2985 1232 beschrechenn. Darus sich dann lyyde durch
2032 1167 3012 1277 sehrbare redliche unürlumbdete mans
2033 1239 2896 1341 personen (als harnach folgel) befunden
1997 1320 3017 1473 mitt namen das offternampter angestyn
2040 1422 2955 1515 Gerber zu Golothurn unnd anndeschwo vor
2039 1481 3034 1589 vilenn letenn offenntlich usgossern und schogende
2030 1549 2943 1668 gredt, myn g h unnd oberem gesagster
2039 1621 2997 1696 statt Bärnn, wellind imme das gecht
2047 1670 2957 1771 nit halten unnd ergann lassen und nebend
2051 1715 2943 1846 demselbigen ime yn yn mattenim
2011 1776 2847 1897 Buchsthr kelchhöri gelegen, genommend
2021 1843 2948 1971 Deßhalb msy von gmynenn eydgnoßen
2042 1902 3002 2028 veclagenn welle: darzu dan ungfarlich
2043 1957 3004 2091 zwenn de gemelten zügen, kommen, Do bald
2051 2025 2989 2163 er aber deo annsichtig worden. Hatt
2041 2086 2983 2215 er uberluth angefangen schiyen sprechende
2010 2139 2976 2283 Da kommend aushwenn schelmen, die mir
2036 2221 2982 2373 das myn gstolen, hachend sy und darzu
2049 2283 2926 2406 gredt, Alle die so mit nynem gütli
2012 2355 2987 2473 umbgangen, sind alleschelmen und diebenn
2041 2414 2969 2542 ouch hieneben treffenlich übel gschworen
2042 2458 3025 2597 under got gelesteret, Als Chusendt hergot saerament
2029 2504 3031 2698 pritz erden  und anderschwrir, dero wage gschwigen
2038 2563 2394 2647 dan meldung gethan
