3024 4032
939 907 966 973 d
946 181 1850 283 Mülinens Großweybels sanpt etlichen
961 256 1838 351 Weyblen nyhnerg h und obrorun zu Marzil
974 310 1867 401 so wol als ouch andemal uff der brechenn und
976 362 1872 455 Inn der Wannen pynlich Exammiert unnd
982 410 1850 514 den grund der warheyt anzuseygen eonstflyßig
979 474 1857 560 gewisenn worden, Er aber solliche, ime fungen
979 523 1874 620 haltner Artieklen und onneten halb, ey mieher
988 576 1884 692 gstalt gichtig, noch dero bekantlich syn wollen
989 641 1867 760 jedoch vnder anderem bekhenndt, das er eynem
992 730 1836 817 Grorg Stiggele genampt von Otiswyl etliche
989 773 1900 885 Barstenn gestolene. Darumb er aber gelitten habt
983 881 1825 999 u dem ouch verfachenn, Nach dem erotlichen
982 957 1852 1062 fahleenn wegenn vonn solpthernn mit dem
987 1014 1785 1117 Eyd verwisenn wordenn, sye er darüber
1001 1074 1702 1183 widrumb inn dieselbige gangenn
978 1172 1894 1293 Im übrigen, ist imme durch bemelten herren
1002 1259 1873 1362 senden eingehalten, sich zuenntschließen
1000 1317 1884 1419 und anzuseygen, was mit doch bewegt
1015 1378 1882 1476 alle nechst hiob angehörte gottslesterliche
983 1429 1887 1534 Redenn. Vnd das er sen sehel vff vr zun¬
1021 1489 1866 1593 teckenn gesetzt. got den allmechtigen
982 1554 1816 1634 vnd denn abschuchlich leydign vnfluch
1012 1577 1873 1706 satan, darumb kouffen laßen wole,
1018 1665 1822 1741 welche dan der erst darby sye, selbige
1027 1712 1861 1813 nemmen solle etc. ouch uß was anlaren er
1022 1784 1252 1876 das gethan
1329 1837 1572 1916 geannt wortet.
1044 1851 1872 1967 Darübe e zu bsched gabenn, das zu us
1027 1920 1880 2005 gießung derselbigen gott der herr ime den
1018 1987 1886 2083 Anhas gäbenn, dann de Tüfel im
1036 2030 1899 2109 das nit znn stumgäbenn, ouch vermeyndt,
1031 2092 1875 2183 got sye ob gotwillehe darby, dan den
1041 2151 1183 2234 Luffl
1042 2217 1888 2323 unnd ol erglych wol sollicher abschüchlich
1030 2280 1900 2387 unmontschlichen erschrosckenlichem gots
1034 2355 1846 2440 lestwfichen redenn, andes nit dan
1026 2399 1900 2496 wann ehrliche lüth, die von ime ghärdt,
1055 2458 1909 2550 er die gredt habenn welle, bekandtlich
1745 2504 1892 2571 ewesenn
1679 2516 1947 2630 werden is
1954 66 2994 260 Ist er doch durch ehrliche, redlicher fromme laten
1969 137 2985 320 khundtschafft sag, welche dann ir gnaden schrifftlich
1980 197 2976 377 übeschickt (oucher mynen gs b sthaten und Pergerenn
1971 264 2972 437 von wort zu wort vorgeleten, vollkommenlich
1974 327 2987 483 unnd gnugsamm besetzt, behüget unnd überwisen
1978 468 2113 531 worden.
1972 517 2958 650 Also unnd dergstalt. das uff sölliche syn ge
1995 559 3015 704 dachts Steffantblosche hoche schware verschrocken,
1989 641 3036 786 liehe usgegoßene unnd über beschechne wanung
1980 698 2943 827 christenliche ehrbarket zu wider verübte
1991 783 2998 904 gotzlesteliche reden und verbrachte unß
1999 826 2987 970 lanndlungen  hochgenampt myn gnädigs
1993 915 2994 1038 Sthultheys (ghäst unnd binger dise lopplich
1995 956 3003 1090 statt Bärin uff iren eyd zu recht ekenndt
1997 1071 2346 1173 vnnd gesprochen
2015 1132 3010 1273 Das man inne meiniklichen jungen und alten
2024 1210 3012 1325 man vnd wybspesonen, zu eynemongenn.
2022 1266 2877 1390 schynlichen exemptl als yn vndame
2463 1302 3049 1379 got synem schapffencht von thenwande
2029 1347 3018 1462 vne eignen Sech (welche es dem exsagen
2041 1399 3021 1502 sat an, so brchtfertige und vegaßee wys
2037 1445 3021 1562 dargaben welfen dem nachrichter be
2032 1508 3020 1630 eelehenn. de inne obenns uff gewonnliche
2001 1577 2967 1673 richtstatt furen, da Inmer von sollichen
2019 1623 3010 1748 synn gethan und usgegoßeen gotolestelich
2053 1698 2974 1801 reden wegen sn houpt abschlachen
2030 1753 3012 1850 und also mit dem schwärt i vomn laben
2027 1808 3045 1908 summted nach byselichen rechten richt einn
2059 1878 2154 1944 sölle.
2086 2057 2945 2190 uff Zinstag den 4. augusti 1601 jacs
2077 2147 2966 2233 Ist diser urthyl an gemeltem ploshenn
2090 2206 2491 2301 erstattet wordenn.
