3024 4032
875 2005 1002 2076 wwig
890 2063 998 2145 bichen
955 20 1832 211 Item so hatt er dem b vogt zu Wangen
980 113 1879 280 als onch anndere personen, nit alleyn sthelmn,
958 166 1858 320 katzer unnd dieben gshalten unnd gesprochen
965 235 1861 379 Es syend suth Christs gepürt fryne beseen
961 289 1855 418 lücht uff Eitrich krellen, dan der h. vogt
979 347 1838 480 obgemeldt und de Weybel zu Buchsehe
951 408 1848 523 sonnders ouch vilenn gethouwt, sy umb zu¬
983 468 1862 581 bringenn zu worden unnd wol so bald zu
980 519 1864 661 bronnen. Wie er dann uff yn zich Jschum
956 577 1844 709 Barckens gsind uss eyne matten in
977 651 1847 765 welche sy obs gschütet, mit gwete hand
978 696 1870 828 getribenn Uber Rudolff Gmütelfinger
997 767 1855 906 yn rünzig härigen man Hans Kummen
969 826 1840 960 Anndres Bösinges knecht Baschi Ingoli
989 896 1878 1028 masse uß dem busen gehuckt und juri
998 971 1852 1083 getheonot, so damit umbzubringen unnd
1010 1037 1873 1133 uestächenn, ouch darneben bise schwer
1310 1096 1436 1147 Ruder
976 1069 1861 1208 kuffenn laßen,dich als yn torben
1004 1155 1890 1269 unnd syner semen bedoupte offtmalen und
1004 1229 1882 1327 hier allwögen darstellennde. degstalt
1011 1297 1882 1402 ehrliche redliche lth synenthalb in großen
1019 1367 1888 1460 seigen, stan unnd vrwarten müßennd
1023 1431 1894 1527 Mas inen von Iind, sölliche angemachete
1308 1485 1368 1545 halb
1003 1491 1841 1581 ungstimigket an lyb-haben und gut
1017 1557 1404 1667 zuvwarten sr
1060 1689 1869 1801 em zn fur khommen und damitt
1021 1783 1916 1889 biderbefüth bermeiget ermelte angnsty
1006 1858 1890 1932 gerwer auch syner verübten uußhand
1006 1911 1847 2022 lungen halb gestrafft und zu ynem
1037 1958 1873 2080 ongen schynlichen Hampeh, fürgestelt
1040 2030 1905 2152 wede abend harn hochgenann
1420 2099 1612 2159 Schalthes
1052 2117 1897 2224 myn gnädig Herrs d hät unnd burger
1041 2186 1822 2274 anzogne copplich₎ statt barr uff
1036 2235 1840 2339 inen eyd zu echt erkhendt unnd
1043 2303 1411 2397 gesprochen. e.
1004 2409 1892 2532 Dise ist tun yn ewige gfangenschafft, durch
1034 2464 1227 2552 in 9. 8
1241 2476 1901 2602 bhat unnd burge zelgen ekend
1053 2528 1191 2588 worden.
1054 2585 1883 2719 ff damstag 10 aprilis 1602 ißt diser urthryle
1060 2636 1841 2786 nochmalenn da in g 8 sthann und Burgern
1078 2692 1476 2778 bestättiget worden
2085 97 2832 308 Hans Buman vertöüffer.
1961 242 2994 464 Ob glychwol Hans Buman von Bebling
1976 304 3000 515 us dem wirtenberger landpürtig, welcher schon
1997 389 2977 577 hievor 29 meyenn abgefloßnen 1600 und uff
2004 459 2995 635 2 augsten des 1601 jari von der conffersth
1971 526 2963 708 dert wegenn gefencklich ynnzogen, syne her
1997 606 2985 775 thummenn uß göttlicher gschrifft, alts und murs
1998 658 2963 850 testaments gnugsammlich widerlegt und ver
2004 723 2995 884 mandt wordenn sieg zu bekehrenn, die prr
1995 790 2995 968 digenn ze besuchenn, zu dem aus de frommen
1997 870 2991 1012 oberkoyt christenlichen ordnungen und satz-
2018 933 2982 1096 nugen als ander glöübige unndethanen, zege
2001 1005 2994 1161 voersammen etc. Ist er doch anfencklich durch
2018 1094 3002 1221 keyn underrichtung dahin ze bewegen gewesen
1998 1158 2927 1287 sonders sich ustruckenlich entschloßen, sy
2015 1247 2978 1354 syner gefeßeten meynung zun eharren und
2014 1303 2964 1417 dauon nit abzustan. jedoch enntlichen
2026 1389 2967 1482 one Marter und ccortur sich dahin be¬
2021 1446 2953 1540 gabenn ain todtsstadi zugelobenn
2029 1526 3007 1620 bemelte sonffrische dert gentzlich zu
2000 1600 2999 1691 verlaßenn. beswegen er dan uff 21 juni
2026 1645 2954 1751 gedachts 1600 jars durch die wybel gamen
1997 1721 2984 1850 Schwartzenburg geführt worden, daselbst an
2025 1784 2909 1902 gebürenndem ort yn wideruff zu thune
1999 1851 3001 1978 Denen er abe flüchtig entrinnen und sonem
2040 1920 3000 2026 zusagenn nit stadt gethan. Deßwegen e harnach
2029 1981 3005 2106 wideumb egriffen uungelegt unnd als zuuor
2044 2043 2987 2167 uff gesagten 27 augusti 160r alle noturfft
2040 2097 3000 2210 nach examiniert und dahin gebracht, das e
2044 2157 2995 2298 nochmalen an lydtsstadt glopt sich spner
2032 2200 3003 2336 grthunen allenklichen zu entschlachen, wie er
2042 2256 3001 2414 dann uff 28 augstmonat 1600 jars estgemelt
2034 2332 3024 2478 am shorgricht alhie yn ufehabnen eod offennt
2031 2389 2543 2480 lachen deßwegen gethan
