<?xml version="1.0" encoding="UTF-8" standalone="yes"?>
<PcGts xmlns="http://schema.primaresearch.org/PAGE/gts/pagecontent/2013-07-15" xmlns:xsi="http://www.w3.org/2001/XMLSchema-instance" xsi:schemaLocation="http://schema.primaresearch.org/PAGE/gts/pagecontent/2013-07-15 http://schema.primaresearch.org/PAGE/gts/pagecontent/2013-07-15/pagecontent.xsd">
    <Metadata>
        <Creator>prov=University of Rostock/Institute of Mathematics/CITlab|PLANET AI GmbH/Gundram Leifert/gundram.leifert@planet-ai.de:name=German_Kurrent_XVI-XVIII_M1(htr_id=19584)::::v=2.6.7
prov=University of Rostock/Institute of Mathematics/CITlab|PLANET AI GmbH/Tobias Gruening/tobias.gruening@planet-ai.de:name=de.uros.citlab.module.baseline2polygon.B2PSeamMultiOriented:v=2.6.7
prov=University of Rostock/Institute of Mathematics/CITlab|PLANET AI GmbH/Tobias Gruening/tobias.gruening@planet-ai.de:name=/net_tf/LA73_249_0mod360.pb:de.uros.citlab.segmentation.CITlab_LA_ML:v=2.6.7
Transkribus</Creator>
        <Created>2021-02-10T20:29:44.473+01:00</Created>
        <LastChange>2022-09-12T14:10:37.155+02:00</LastChange>
        <TranskribusMetadata docId="1334806" pageId="52358198" pageNr="7" tsid="114639888" status="IN_PROGRESS" userId="9570" imgUrl="https://files.transkribus.eu/Get?id=ISIQYHXNWJSJWBNKYWGKWKVR&amp;fileType=view" xmlUrl="https://files.transkribus.eu/Get?id=TBXASCFHNVQWOEGEECCRMGXB" imageId="19931087"/>
    </Metadata>
    <Page imageFilename="IMG_8800.jpg" imageWidth="3024" imageHeight="4032">
        <ReadingOrder>
            <OrderedGroup id="ro_1687513846057" caption="Regions reading order">
                <RegionRefIndexed index="0" regionRef="r1"/>
                <RegionRefIndexed index="1" regionRef="r2"/>
                <RegionRefIndexed index="2" regionRef="r3"/>
                <RegionRefIndexed index="3" regionRef="r4"/>
                <RegionRefIndexed index="4" regionRef="r5"/>
                <RegionRefIndexed index="5" regionRef="r6"/>
                <RegionRefIndexed index="6" regionRef="r7"/>
            </OrderedGroup>
        </ReadingOrder>
        <TextRegion orientation="0.0" id="r1" custom="readingOrder {index:0;}">
            <Coords points="831,1546 831,2319 924,2319 924,1546"/>
            <TextLine id="r1l1" custom="readingOrder {index:0;}">
                <Coords points="825,1639 847,1641 857,1630 867,1635 885,1629 893,1632 908,1630 919,1625 916,1587 900,1589 888,1581 861,1597 849,1590 844,1592 833,1583 821,1584"/>
                <Baseline points="831,1626 858,1622 885,1619 912,1620"/>
                <TextEquiv>
                    <Unicode>118</Unicode>
                </TextEquiv>
            </TextLine>
            <TextLine id="r1l2" custom="readingOrder {index:1;}">
                <Coords points="846,2163 859,2165 869,2157 874,2159 876,2156 880,2160 888,2154 907,2155 902,2082 888,2085 882,2082 866,2095 857,2092 849,2101 842,2101"/>
                <Baseline points="851,2135 899,2132"/>
                <TextEquiv>
                    <Unicode></Unicode>
                </TextEquiv>
            </TextLine>
            <TextLine id="r1l3" custom="readingOrder {index:2;}">
                <Coords points="871,2290 882,2291 886,2288 890,2291 900,2287 911,2300 927,2304 936,2240 928,2239 922,2230 917,2230 906,2237 891,2230 879,2230"/>
                <Baseline points="879,2277 924,2283"/>
                <TextEquiv>
                    <Unicode>19</Unicode>
                </TextEquiv>
            </TextLine>
            <TextEquiv>
                <Unicode>118

19</Unicode>
            </TextEquiv>
        </TextRegion>
        <TextRegion orientation="0.0" id="r2" custom="readingOrder {index:1;}">
            <Coords points="851,2821 851,2977 941,2977 941,2821"/>
            <TextLine id="r2l1" custom="readingOrder {index:0;}">
                <Coords points="846,2954 855,2952 882,2927 890,2933 898,2925 911,2931 921,2924 930,2930 948,2931 946,2887 929,2885 912,2872 906,2876 887,2866 861,2880 843,2882"/>
                <Baseline points="851,2927 881,2921 911,2922 941,2921"/>
                <TextEquiv>
                    <Unicode>Nota</Unicode>
                </TextEquiv>
            </TextLine>
            <TextEquiv>
                <Unicode>Nota</Unicode>
            </TextEquiv>
        </TextRegion>
        <TextRegion orientation="0.0" id="r3" custom="readingOrder {index:2;}">
            <Coords points="924,410 924,578 981,578 981,410"/>
            <TextLine id="r3l1" custom="readingOrder {index:0;}">
                <Coords points="923,549 935,545 939,547 953,534 972,535 978,525 992,522 969,449 960,452 937,445 924,460 913,461 905,456 896,461"/>
                <Baseline points="924,528 952,515 981,510"/>
                <TextEquiv>
                    <Unicode></Unicode>
                </TextEquiv>
            </TextLine>
            <TextEquiv>
                <Unicode></Unicode>
            </TextEquiv>
        </TextRegion>
        <TextRegion orientation="0.0" id="r4" custom="readingOrder {index:3;}">
            <Coords points="936,196 936,2984 1878,2984 1878,196"/>
            <TextLine id="r4l1" custom="readingOrder {index:0;}">
                <Coords points="963,221 1202,229 1254,261 1296,237 1467,268 1513,247 1802,261 1803,235 1720,192 1610,188 1560,217 1458,184 1384,201 1265,170 1204,200 1143,171 1021,194 965,172"/>
                <Baseline points="969,218 1010,220 1051,222 1093,224 1134,224 1175,225 1217,227 1258,227 1299,228 1341,228 1382,230 1423,231 1465,232 1506,234 1547,236 1589,238 1630,241 1671,244 1713,247 1754,251 1796,255"/>
                <TextEquiv>
                    <Unicode>Venas hat en anzeygt, das sy dem wirt ander</Unicode>
                </TextEquiv>
            </TextLine>
            <TextLine id="r4l2" custom="readingOrder {index:1;}">
                <Coords points="981,285 1094,305 1151,272 1236,309 1267,284 1523,285 1566,310 1736,292 1782,319 1798,270 1513,248 1347,267 1295,238 1255,261 1219,236 982,230"/>
                <Baseline points="987,275 1027,275 1067,276 1107,276 1147,276 1188,276 1228,276 1268,278 1308,278 1348,278 1389,279 1429,279 1469,281 1509,282 1549,284 1590,285 1630,288 1670,290 1710,293 1750,296 1791,300"/>
                <TextEquiv>
                    <Unicode>Glütsch sen selbegschin nemen, das habe abe sich</Unicode>
                </TextEquiv>
            </TextLine>
            <TextLine id="r4l3" custom="readingOrder {index:2;} person {offset:29; length:4;}">
                <Coords points="987,339 1190,328 1305,356 1359,333 1397,373 1510,339 1631,377 1704,346 1812,368 1813,313 1743,296 1693,321 1624,288 1516,318 1486,291 1295,312 1151,271 1089,308 988,285"/>
                <Baseline points="993,329 1033,329 1074,329 1114,329 1155,329 1196,329 1236,329 1277,330 1318,330 1358,330 1399,332 1440,333 1480,333 1521,335 1562,337 1602,339 1643,341 1684,344 1724,347 1765,350 1806,353"/>
                <TextEquiv>
                    <Unicode>it schicken wlten, doch habe Rubi daselbst</Unicode>
                </TextEquiv>
            </TextLine>
            <TextLine id="r4l4" custom="readingOrder {index:3;}">
                <Coords points="986,400 1239,385 1454,419 1590,400 1644,437 1692,406 1827,426 1828,371 1752,379 1708,341 1634,375 1571,345 1401,370 1359,332 1305,357 1197,331 987,347"/>
                <Baseline points="993,386 1034,384 1075,384 1117,384 1158,384 1200,384 1241,384 1282,384 1324,384 1365,384 1407,385 1448,386 1489,387 1531,389 1572,390 1614,392 1655,394 1696,396 1738,399 1779,403 1821,405"/>
                <TextEquiv>
                    <Unicode>2 stuck käs venntruret, Er abe sye In das</Unicode>
                </TextEquiv>
            </TextLine>
            <TextLine id="r4l5" custom="readingOrder {index:4;}">
                <Coords points="971,455 1047,456 1067,443 1121,433 1153,449 1178,438 1239,437 1237,399 1225,404 1206,395 1168,406 1142,384 1127,399 1096,398 1060,413 1026,397 1011,406 969,403"/>
                <Baseline points="977,437 1002,436 1028,435 1053,434 1079,433 1104,431 1130,431 1155,429 1181,429 1206,428 1232,428"/>
                <TextEquiv>
                    <Unicode>hus nit kommen.</Unicode>
                </TextEquiv>
            </TextLine>
            <TextLine id="r4l6" custom="readingOrder {index:5;}">
                <Coords points="990,514 1216,541 1531,516 1617,541 1813,532 1813,484 1759,499 1681,470 991,458"/>
                <Baseline points="996,506 1036,510 1077,512 1117,515 1158,516 1198,518 1239,518 1279,519 1320,519 1360,518 1401,518 1441,518 1482,518 1522,518 1563,518 1603,518 1644,518 1684,519 1725,520 1765,522 1806,525"/>
                <TextEquiv>
                    <Unicode>der bücherenn halb, so hinde imme funden wordenn</Unicode>
                </TextEquiv>
            </TextLine>
            <TextLine id="r4l7" custom="readingOrder {index:6;} person {offset:4; length:4;}">
                <Coords points="990,598 1113,572 1190,603 1231,572 1410,607 1563,576 1806,617 1820,544 1626,548 1556,518 1513,541 1214,542 1144,519 990,551"/>
                <Baseline points="996,569 1036,570 1077,572 1118,572 1159,572 1200,572 1240,573 1281,573 1322,573 1363,573 1404,575 1444,575 1485,576 1526,576 1567,578 1608,579 1648,580 1689,582 1730,584 1771,586 1812,588"/>
                <TextEquiv>
                    <Unicode>abe Rubi imme yynsschryben lassen und anzygt</Unicode>
                </TextEquiv>
            </TextLine>
            <TextLine id="r4l8" custom="readingOrder {index:7;}">
                <Coords points="980,649 1117,628 1391,678 1443,639 1552,659 1628,636 1703,674 1739,650 1805,662 1807,609 1701,625 1459,591 1412,613 1242,583 981,607"/>
                <Baseline points="987,627 1027,629 1068,629 1108,629 1149,629 1190,629 1230,629 1271,630 1311,630 1352,630 1393,632 1433,633 1474,633 1514,635 1555,636 1596,638 1636,640 1677,642 1717,646 1758,647 1799,651"/>
                <TextEquiv>
                    <Unicode>war yns by imme trage, dem schade das gifft</Unicode>
                </TextEquiv>
            </TextLine>
            <TextLine id="r4l9" custom="readingOrder {index:8;}">
                <Coords points="978,687 993,689 1008,681 1016,686 1053,685 1053,652 1046,652 1034,643 1012,645 1002,655 993,658 984,652 978,652"/>
                <Baseline points="984,677 1015,678 1047,677"/>
                <TextEquiv>
                    <Unicode>nüt</Unicode>
                </TextEquiv>
            </TextLine>
            <TextLine id="r4l10" custom="readingOrder {index:9;} place {offset:42; length:7; continued:true;}">
                <Coords points="962,779 1247,756 1836,802 1838,724 1541,699 1476,729 1293,715 1215,741 1098,683 963,702"/>
                <Baseline points="969,762 1012,761 1055,759 1098,758 1141,758 1184,758 1227,758 1270,759 1313,759 1356,761 1399,762 1442,763 1485,765 1528,767 1571,768 1614,770 1657,772 1700,773 1743,775 1786,776 1830,777"/>
                <TextEquiv>
                    <Unicode>Item so habe er mit hilff iren zweyen von Rotsch-</Unicode>
                </TextEquiv>
            </TextLine>
            <TextLine id="r4l11" custom="readingOrder {index:10;} place {offset:0; length:4; continued:true;} place {offset:16; length:9;}">
                <Coords points="976,827 1726,824 1769,850 1830,839 1831,800 1543,798 1515,770 1218,794 1153,765 1112,787 1074,754 977,791"/>
                <Baseline points="983,813 1025,813 1067,812 1109,812 1151,812 1193,812 1235,812 1277,812 1319,813 1361,813 1403,815 1445,815 1487,816 1529,818 1571,820 1613,821 1655,823 1697,825 1739,827 1781,830 1824,833"/>
                <TextEquiv>
                    <Unicode>mund, yynem inn Adelboden und dem tschacht-</Unicode>
                </TextEquiv>
            </TextLine>
            <TextLine id="r4l12" custom="readingOrder {index:11;} place {offset:8; length:6;}">
                <Coords points="981,886 1033,904 1089,866 1156,898 1294,869 1395,913 1433,880 1598,899 1643,878 1805,916 1806,852 1564,852 1479,819 1304,822 1265,849 1233,818 1089,821 1042,851 981,829"/>
                <Baseline points="987,869 1027,869 1068,869 1108,869 1149,869 1190,869 1230,869 1271,869 1312,870 1352,870 1393,871 1434,872 1474,873 1515,873 1556,875 1596,876 1637,876 1678,878 1718,878 1759,879 1800,879"/>
                <TextEquiv>
                    <Unicode>Lann zu Spietz mit thüscher unnd dem jenig</Unicode>
                </TextEquiv>
            </TextLine>
            <TextLine id="r4l13" custom="readingOrder {index:12;}">
                <Coords points="989,942 1147,963 1639,931 1791,964 1792,891 1761,909 1516,881 1469,905 1433,880 1395,912 1291,877 1212,912 1079,876 989,906"/>
                <Baseline points="996,926 1035,927 1074,927 1114,929 1153,929 1193,930 1232,930 1272,930 1311,930 1351,930 1390,930 1429,930 1469,930 1508,930 1548,930 1587,930 1627,930 1666,930 1706,931 1745,932 1785,932"/>
                <TextEquiv>
                    <Unicode>mit dem ynen ongen gwartet. unnd wärend sy</Unicode>
                </TextEquiv>
            </TextLine>
            <TextLine id="r4l14" custom="readingOrder {index:13;}">
                <Coords points="989,1017 1244,992 1300,1024 1401,986 1465,1021 1537,997 1594,1020 1704,987 1815,998 1815,940 1776,961 1637,933 1506,968 1416,937 1234,968 989,942"/>
                <Baseline points="995,987 1035,987 1076,987 1117,987 1157,987 1198,987 1239,987 1279,987 1320,987 1361,987 1402,986 1442,986 1483,986 1524,986 1564,986 1605,986 1646,984 1686,984 1727,984 1768,984 1809,984"/>
                <TextEquiv>
                    <Unicode>kommen, hatend sy dieselbigen angryff unnd</Unicode>
                </TextEquiv>
            </TextLine>
            <TextLine id="r4l15" custom="readingOrder {index:14;}">
                <Coords points="986,1049 1019,1043 1051,1061 1090,1046 1224,1045 1260,1067 1281,1056 1296,1063 1297,1010 1263,994 1238,1009 1223,1001 1196,1023 1113,1005 1089,1028 987,1016"/>
                <Baseline points="993,1040 1020,1041 1047,1041 1074,1042 1101,1043 1128,1043 1155,1043 1182,1043 1209,1044 1236,1044 1263,1045 1290,1046"/>
                <TextEquiv>
                    <Unicode>eo wurden wellen</Unicode>
                </TextEquiv>
            </TextLine>
            <TextLine id="r4l16" custom="readingOrder {index:15;}">
                <Coords points="959,1323 1136,1300 1242,1341 1284,1307 1419,1299 1529,1340 1672,1311 1835,1325 1844,1258 1539,1270 1478,1219 1395,1275 1095,1253 1049,1279 1006,1246 959,1268"/>
                <Baseline points="966,1302 1009,1300 1053,1299 1096,1298 1140,1296 1184,1295 1227,1294 1271,1293 1314,1293 1358,1293 1402,1293 1445,1293 1489,1293 1532,1293 1576,1295 1620,1295 1663,1296 1707,1298 1750,1299 1794,1301 1838,1304"/>
                <TextEquiv>
                    <Unicode>Ist 1 lac darach mit den 2 flynen steynen ufzogen worden.</Unicode>
                </TextEquiv>
            </TextLine>
            <TextLine id="r4l17" custom="readingOrder {index:16;} place {offset:5; length:10;}">
                <Coords points="1058,1634 1127,1614 1226,1629 1295,1608 1465,1617 1579,1598 1623,1627 1671,1617 1669,1549 1636,1539 1586,1560 1524,1539 1447,1572 1321,1561 1255,1593 1216,1559 1120,1572 1056,1555"/>
                <Baseline points="1064,1613 1094,1613 1124,1611 1154,1610 1184,1609 1214,1608 1244,1607 1274,1607 1304,1607 1334,1605 1364,1605 1394,1604 1424,1604 1454,1603 1484,1602 1514,1602 1544,1601 1574,1601 1604,1600 1634,1599 1664,1598"/>
                <TextEquiv>
                    <Unicode>Dane Trunenwald uso</Unicode>
                </TextEquiv>
            </TextLine>
            <TextLine id="r4l18" custom="readingOrder {index:17;}">
                <Coords points="1145,1663 1275,1662 1335,1692 1421,1668 1463,1689 1490,1677 1564,1682 1562,1616 1537,1611 1471,1629 1425,1613 1406,1625 1374,1612 1328,1622 1298,1606 1207,1633 1144,1615"/>
                <Baseline points="1151,1655 1176,1656 1201,1656 1226,1656 1252,1656 1277,1656 1302,1655 1328,1655 1353,1653 1378,1653 1404,1652 1429,1650 1454,1649 1480,1649 1505,1647 1530,1647 1556,1646"/>
                <TextEquiv>
                    <Unicode>dem augstthalpurtig</Unicode>
                </TextEquiv>
            </TextLine>
            <TextLine id="r4l19" custom="readingOrder {index:18;}">
                <Coords points="989,1767 1842,1739 1825,1696 1699,1721 1391,1679 1268,1728 1181,1685 988,1683"/>
                <Baseline points="995,1745 1037,1746 1079,1746 1121,1746 1163,1746 1205,1746 1247,1746 1289,1745 1331,1745 1373,1744 1415,1743 1457,1742 1499,1740 1541,1739 1583,1739 1625,1737 1667,1736 1709,1736 1751,1734 1793,1734 1836,1733"/>
                <TextEquiv>
                    <Unicode>Ist zun kynen wäg bekandtlich, das e mit ger</Unicode>
                </TextEquiv>
            </TextLine>
            <TextLine id="r4l20" custom="readingOrder {index:19;}">
                <Coords points="1013,1812 1616,1789 1752,1822 1833,1798 1831,1733 1667,1760 1594,1741 1251,1778 1194,1755 1157,1779 1011,1770"/>
                <Baseline points="1019,1800 1059,1799 1099,1799 1140,1799 1180,1797 1220,1797 1261,1796 1301,1794 1341,1793 1382,1792 1422,1791 1462,1790 1503,1788 1543,1787 1583,1787 1624,1785 1664,1784 1704,1784 1745,1782 1785,1782 1826,1781"/>
                <TextEquiv>
                    <Unicode>dachtemschwartzen Rübi und synem stiefsun</Unicode>
                </TextEquiv>
            </TextLine>
            <TextLine id="r4l21" custom="readingOrder {index:20;}">
                <Coords points="999,1881 1146,1846 1236,1885 1418,1841 1483,1877 1550,1835 1682,1871 1726,1835 1755,1860 1827,1826 1742,1793 1691,1814 1442,1793 1406,1821 1206,1836 997,1811"/>
                <Baseline points="1005,1854 1045,1854 1086,1853 1127,1853 1168,1853 1209,1851 1249,1850 1290,1848 1331,1848 1372,1846 1413,1844 1453,1843 1494,1841 1535,1840 1576,1839 1617,1838 1657,1836 1698,1836 1739,1835 1780,1835 1821,1836"/>
                <TextEquiv>
                    <Unicode>Hüser ynehe Maletitzische sach begangen.</Unicode>
                </TextEquiv>
            </TextLine>
            <TextLine id="r4l22" custom="readingOrder {index:21;}">
                <Coords points="1004,1912 1096,1930 1836,1890 1835,1858 1786,1835 1755,1860 1724,1835 1683,1871 1558,1838 1482,1878 1422,1841 1235,1886 1145,1847 1003,1878"/>
                <Baseline points="1010,1904 1053,1904 1096,1902 1139,1902 1182,1902 1225,1901 1268,1900 1311,1899 1354,1898 1397,1896 1441,1895 1484,1893 1527,1892 1570,1890 1613,1889 1656,1888 1699,1886 1742,1885 1785,1884 1829,1883"/>
                <TextEquiv>
                    <Unicode>ob ee woh durch sy als vostade ditlich an</Unicode>
                </TextEquiv>
            </TextLine>
            <TextLine id="r4l23" custom="readingOrder {index:22;}">
                <Coords points="1019,1968 1055,1957 1106,1984 1138,1978 1167,1954 1201,1952 1235,1966 1267,1956 1266,1912 1254,1910 1240,1923 1209,1927 1183,1915 1163,1927 1137,1926 1119,1912 1096,1929 1037,1921 1019,1930"/>
                <Baseline points="1025,1949 1051,1950 1077,1952 1103,1950 1129,1950 1155,1949 1181,1948 1207,1947 1233,1946 1260,1947"/>
                <TextEquiv>
                    <Unicode>clagt worden.</Unicode>
                </TextEquiv>
            </TextLine>
            <TextLine id="r4l24" custom="readingOrder {index:23;}">
                <Coords points="996,2043 1477,2010 1556,2040 1582,2014 1824,1992 1873,2024 1870,1941 1800,1917 1695,1986 1496,1945 1343,1995 1173,1972 1049,2004 994,1976"/>
                <Baseline points="1002,2025 1045,2022 1088,2019 1131,2018 1174,2016 1217,2015 1260,2013 1304,2012 1347,2012 1390,2010 1433,2009 1476,2009 1519,2007 1562,2006 1606,2004 1649,2002 1692,2000 1735,1998 1778,1994 1821,1990 1865,1986"/>
                <TextEquiv>
                    <Unicode>Ist 1 läi danach mit dem klenr zum mit eklynsten</Unicode>
                </TextEquiv>
            </TextLine>
            <TextLine id="r4l25" custom="readingOrder {index:24;}">
                <Coords points="1006,2077 1628,2059 1712,2085 1756,2051 1866,2045 1825,1996 1744,2028 1622,2007 1557,2040 1483,2009 1432,2037 1005,2033"/>
                <Baseline points="1011,2061 1053,2061 1095,2060 1138,2060 1180,2060 1223,2060 1265,2060 1307,2060 1350,2060 1392,2060 1435,2060 1477,2058 1519,2058 1562,2057 1604,2056 1647,2054 1689,2051 1731,2049 1774,2046 1816,2042 1859,2037"/>
                <TextEquiv>
                    <Unicode>und let hich mit den dryen klynsten ufzogen worden.</Unicode>
                </TextEquiv>
            </TextLine>
            <TextLine id="r4l26" custom="readingOrder {index:25;}">
                <Coords points="998,2139 1442,2148 1522,2124 1550,2145 1715,2102 1875,2105 1873,2045 1561,2093 1389,2090 1353,2063 1120,2098 996,2077"/>
                <Baseline points="1004,2112 1047,2112 1090,2112 1133,2112 1176,2112 1220,2112 1263,2114 1306,2114 1349,2115 1392,2115 1436,2115 1479,2115 1522,2114 1565,2112 1608,2111 1652,2107 1695,2103 1738,2098 1781,2091 1824,2083 1868,2075"/>
                <TextEquiv>
                    <Unicode>Ist mit dem eyder uß ingetz sthatt und land verwise</Unicode>
                </TextEquiv>
            </TextLine>
            <TextLine id="r4l27" custom="readingOrder {index:26;} person {offset:0; length:13;} place {offset:18; length:4;}">
                <Coords points="1028,2306 1120,2281 1746,2276 1744,2199 1587,2197 1561,2221 1491,2201 1438,2233 1294,2240 1112,2212 1081,2239 1026,2198"/>
                <Baseline points="1034,2279 1069,2277 1104,2277 1139,2276 1175,2276 1210,2274 1245,2274 1280,2274 1316,2273 1351,2273 1386,2273 1421,2273 1457,2271 1492,2271 1527,2270 1562,2268 1598,2268 1633,2265 1668,2264 1703,2261 1739,2258"/>
                <TextEquiv>
                    <Unicode>Peter Steyner von Esch sonst</Unicode>
                </TextEquiv>
            </TextLine>
            <TextLine id="r4l28" custom="readingOrder {index:27;} person {offset:0; length:15;}">
                <Coords points="1128,2359 1250,2336 1318,2353 1368,2332 1462,2357 1498,2326 1564,2351 1605,2327 1641,2332 1629,2263 1585,2290 1523,2296 1417,2277 1394,2295 1362,2281 1245,2297 1125,2286"/>
                <Baseline points="1133,2330 1158,2329 1183,2327 1208,2327 1233,2325 1258,2324 1283,2324 1308,2322 1333,2322 1358,2321 1383,2321 1408,2320 1433,2318 1458,2318 1483,2316 1508,2316 1533,2315 1558,2313 1583,2312 1608,2310 1634,2309"/>
                <TextEquiv>
                    <Unicode>chwartz peterli genampt</Unicode>
                </TextEquiv>
            </TextLine>
            <TextLine id="r4l29" custom="readingOrder {index:28;}">
                <Coords points="930,2446 1460,2399 1518,2427 1740,2392 1808,2411 1855,2395 1853,2338 1223,2387 926,2347"/>
                <Baseline points="936,2421 981,2420 1027,2418 1072,2417 1118,2416 1164,2415 1209,2412 1255,2411 1300,2409 1346,2408 1392,2406 1437,2405 1483,2402 1528,2400 1574,2397 1620,2396 1665,2393 1711,2390 1756,2387 1802,2384 1848,2381"/>
                <TextEquiv>
                    <Unicode>Logt ann, er habe mit obgenampten gefang-</Unicode>
                </TextEquiv>
            </TextLine>
            <TextLine id="r4l30" custom="readingOrder {index:29;}">
                <Coords points="1014,2477 1518,2470 1581,2439 1681,2466 1854,2434 1853,2395 1736,2424 1665,2400 1518,2427 1460,2399 1347,2438 1167,2420 1013,2447"/>
                <Baseline points="1020,2463 1061,2462 1102,2461 1144,2459 1185,2458 1227,2457 1268,2456 1309,2454 1351,2453 1392,2451 1434,2450 1475,2450 1516,2448 1558,2447 1599,2445 1641,2443 1682,2442 1723,2439 1765,2437 1806,2435 1848,2432"/>
                <TextEquiv>
                    <Unicode>anen personen noch anderen inn föllichen unnd</Unicode>
                </TextEquiv>
            </TextLine>
            <TextLine id="r4l31" custom="readingOrder {index:30;}">
                <Coords points="1017,2530 1152,2533 1207,2503 1297,2539 1440,2503 1490,2527 1529,2501 1610,2527 1673,2500 1720,2518 1818,2487 1817,2445 1546,2476 1427,2454 1305,2492 1015,2476"/>
                <Baseline points="1023,2514 1062,2514 1101,2513 1141,2513 1180,2511 1220,2510 1259,2509 1299,2508 1338,2505 1378,2504 1417,2502 1456,2501 1496,2499 1535,2496 1575,2495 1614,2494 1654,2493 1693,2492 1733,2490 1772,2490 1812,2489"/>
                <TextEquiv>
                    <Unicode>deglychen sachn niemalen fryn gkreynsthafft</Unicode>
                </TextEquiv>
            </TextLine>
            <TextLine id="r4l32" custom="readingOrder {index:31;}">
                <Coords points="1020,2585 1230,2563 1339,2591 1571,2543 1729,2543 1777,2572 1856,2561 1854,2510 1673,2500 1496,2532 1387,2509 1299,2538 1062,2518 1018,2541"/>
                <Baseline points="1025,2568 1066,2567 1107,2565 1148,2563 1189,2561 1230,2559 1271,2557 1313,2555 1354,2553 1395,2552 1436,2550 1477,2549 1518,2547 1559,2546 1601,2544 1642,2541 1683,2540 1724,2538 1765,2535 1806,2533 1848,2531"/>
                <TextEquiv>
                    <Unicode>gehopt, es werde sich ouch nit finden zu dem</Unicode>
                </TextEquiv>
            </TextLine>
            <TextLine id="r4l33" custom="readingOrder {index:32;}">
                <Coords points="1022,2633 1478,2606 1528,2633 1753,2592 1798,2617 1881,2571 1865,2531 1763,2573 1604,2546 1339,2591 1236,2563 1020,2582"/>
                <Baseline points="1028,2616 1070,2614 1112,2612 1155,2610 1197,2609 1239,2607 1282,2606 1324,2606 1366,2604 1409,2604 1451,2603 1493,2601 1536,2600 1578,2598 1620,2596 1663,2594 1705,2591 1747,2588 1790,2583 1832,2578 1875,2573"/>
                <TextEquiv>
                    <Unicode>habe man imme schwartz petele gschydt von Ingendt</Unicode>
                </TextEquiv>
            </TextLine>
            <TextLine id="r4l34" custom="readingOrder {index:33;}">
                <Coords points="1002,2676 1178,2654 1277,2680 1521,2643 1650,2666 1697,2644 1753,2676 1884,2635 1882,2572 1797,2618 1755,2596 1525,2635 1457,2608 1000,2637"/>
                <Baseline points="1007,2666 1050,2663 1094,2660 1137,2659 1181,2657 1224,2655 1268,2654 1311,2652 1355,2652 1398,2651 1442,2649 1486,2648 1529,2648 1573,2646 1616,2645 1660,2643 1703,2641 1747,2640 1790,2637 1834,2634 1878,2630"/>
                <TextEquiv>
                    <Unicode>uff. Man solle aber alle die soumb inn gsyn shein</Unicode>
                </TextEquiv>
            </TextLine>
            <TextLine id="r4l35" custom="readingOrder {index:34;}">
                <Coords points="1007,2712 1075,2730 1198,2701 1348,2737 1379,2709 1876,2704 1874,2658 1827,2649 1737,2673 1523,2643 1414,2675 1179,2654 1006,2676"/>
                <Baseline points="1013,2715 1055,2712 1098,2709 1141,2708 1184,2706 1227,2705 1269,2703 1312,2702 1355,2701 1398,2700 1441,2699 1483,2699 1526,2697 1569,2696 1612,2695 1655,2693 1697,2692 1740,2690 1783,2688 1826,2687 1869,2684"/>
                <TextEquiv>
                    <Unicode>ynes thuns und laßens halben fragen. Was dan</Unicode>
                </TextEquiv>
            </TextLine>
            <TextLine id="r4l36" custom="readingOrder {index:35;}">
                <Coords points="1023,2793 1141,2772 1224,2794 1282,2756 1355,2784 1495,2743 1537,2771 1584,2745 1802,2737 1790,2696 1599,2724 1425,2707 1352,2733 1135,2702 1020,2727"/>
                <Baseline points="1028,2765 1066,2762 1104,2760 1143,2759 1181,2757 1220,2756 1258,2753 1296,2752 1335,2751 1373,2750 1412,2748 1450,2747 1488,2745 1527,2744 1565,2742 1604,2741 1642,2738 1680,2737 1719,2735 1757,2734 1796,2732"/>
                <TextEquiv>
                    <Unicode>von irne zuget gegen imme pporediert werdn</Unicode>
                </TextEquiv>
            </TextLine>
            <TextLine id="r4l37" custom="readingOrder {index:36;}">
                <Coords points="1001,2865 1034,2876 1080,2846 1284,2865 1327,2840 1360,2867 1457,2851 1530,2874 1673,2837 1755,2846 1754,2785 1647,2794 1615,2772 1395,2805 1283,2759 1213,2804 1000,2801"/>
                <Baseline points="1007,2847 1044,2842 1081,2841 1118,2837 1155,2836 1192,2835 1229,2835 1266,2835 1303,2835 1340,2835 1377,2835 1414,2835 1451,2835 1488,2835 1525,2834 1562,2834 1599,2831 1636,2829 1673,2825 1710,2821 1748,2816"/>
                <TextEquiv>
                    <Unicode>Ist mit dem klynsten steyn vfzogen woden</Unicode>
                </TextEquiv>
            </TextLine>
            <TextLine id="r4l38" custom="readingOrder {index:37;}">
                <Coords points="1008,2951 1119,2929 1178,2952 1337,2913 1364,2933 1631,2909 1675,2927 1784,2910 1783,2867 1646,2891 1489,2883 1447,2855 1344,2878 1264,2859 1104,2905 1062,2874 1006,2880"/>
                <Baseline points="1014,2928 1052,2927 1090,2925 1128,2923 1166,2922 1205,2921 1243,2921 1281,2919 1319,2919 1357,2918 1396,2918 1434,2916 1472,2915 1510,2914 1548,2913 1587,2910 1625,2907 1663,2906 1701,2902 1739,2899 1778,2895"/>
                <TextEquiv>
                    <Unicode>Item so ist dise spyner alledingenn</Unicode>
                </TextEquiv>
            </TextLine>
            <TextLine id="r4l39" custom="readingOrder {index:38;}">
                <Coords points="1027,2999 1843,2966 1859,2886 1824,2912 1432,2948 1341,2917 1025,2949"/>
                <Baseline points="1032,2973 1073,2973 1114,2973 1155,2972 1196,2972 1237,2972 1278,2970 1319,2969 1360,2968 1401,2967 1443,2965 1484,2963 1525,2961 1566,2958 1607,2957 1648,2955 1689,2951 1730,2949 1771,2946 1812,2943 1854,2940"/>
                <TextEquiv>
                    <Unicode>ungschuldig funden und deß halb ledig</Unicode>
                </TextEquiv>
            </TextLine>
            <TextEquiv>
                <Unicode>Venas hat en anzeygt, das sy dem wirt ander
Glütsch sen selbegschin nemen, das habe abe sich
it schicken wlten, doch habe Rubi daselbst
2 stuck käs venntruret, Er abe sye In das
hus nit kommen.
der bücherenn halb, so hinde imme funden wordenn
abe Rubi imme yynsschryben lassen und anzygt
war yns by imme trage, dem schade das gifft
nüt
Item so habe er mit hilff iren zweyen von Rotsch-
mund, yynem inn Adelboden und dem tschacht-
Lann zu Spietz mit thüscher unnd dem jenig
mit dem ynen ongen gwartet. unnd wärend sy
kommen, hatend sy dieselbigen angryff unnd
eo wurden wellen
Ist 1 lac darach mit den 2 flynen steynen ufzogen worden.
Dane Trunenwald uso
dem augstthalpurtig
Ist zun kynen wäg bekandtlich, das e mit ger
dachtemschwartzen Rübi und synem stiefsun
Hüser ynehe Maletitzische sach begangen.
ob ee woh durch sy als vostade ditlich an
clagt worden.
Ist 1 läi danach mit dem klenr zum mit eklynsten
und let hich mit den dryen klynsten ufzogen worden.
Ist mit dem eyder uß ingetz sthatt und land verwise
Peter Steyner von Esch sonst
chwartz peterli genampt
Logt ann, er habe mit obgenampten gefang-
anen personen noch anderen inn föllichen unnd
deglychen sachn niemalen fryn gkreynsthafft
gehopt, es werde sich ouch nit finden zu dem
habe man imme schwartz petele gschydt von Ingendt
uff. Man solle aber alle die soumb inn gsyn shein
ynes thuns und laßens halben fragen. Was dan
von irne zuget gegen imme pporediert werdn
Ist mit dem klynsten steyn vfzogen woden
Item so ist dise spyner alledingenn
ungschuldig funden und deß halb ledig</Unicode>
            </TextEquiv>
        </TextRegion>
        <TextRegion orientation="0.0" id="r5" custom="readingOrder {index:4;}">
            <Coords points="1950,161 1950,326 2010,326 2010,161"/>
            <TextLine id="r5l1" custom="readingOrder {index:0;}">
                <Coords points="1945,283 1951,281 1958,285 1969,274 1976,275 1980,271 2002,278 2018,267 2003,208 1989,216 1978,232 1962,245 1951,243 1946,250 1937,251"/>
                <Baseline points="1950,276 1980,264 2010,261"/>
                <TextEquiv>
                    <Unicode>120</Unicode>
                </TextEquiv>
            </TextLine>
            <TextEquiv>
                <Unicode>120</Unicode>
            </TextEquiv>
        </TextRegion>
        <TextRegion orientation="0.0" id="r6" custom="readingOrder {index:5;}">
            <Coords points="1980,2587 1980,2743 2010,2743 2010,2587"/>
            <TextLine id="r6l1" custom="readingOrder {index:0;}">
                <Coords points="1968,2713 1974,2714 1978,2711 1988,2717 1996,2712 2013,2713 2031,2625 2015,2620 2008,2622 2005,2617 2000,2619 1988,2614"/>
                <Baseline points="1980,2687 2010,2693"/>
                <TextEquiv>
                    <Unicode>4</Unicode>
                </TextEquiv>
            </TextLine>
            <TextEquiv>
                <Unicode>4</Unicode>
            </TextEquiv>
        </TextRegion>
        <TextRegion orientation="0.0" id="r7" custom="readingOrder {index:6;}">
            <Coords points="2016,122 2016,2847 3077,2847 3077,122"/>
            <TextLine id="r7l1" custom="readingOrder {index:0;}">
                <Coords points="2953,156 2961,155 2985,167 2996,164 2988,102 2981,102 2962,90 2957,92 2953,90 2944,91"/>
                <Baseline points="2958,150 2988,146"/>
                <TextEquiv>
                    <Unicode>6</Unicode>
                </TextEquiv>
            </TextLine>
            <TextLine id="r7l2" custom="readingOrder {index:1;} person {offset:0; length:13;}">
                <Coords points="2169,336 2195,314 2235,330 2304,324 2329,305 2402,316 2501,292 2617,296 2631,289 2623,201 2514,222 2469,194 2436,214 2408,196 2350,198 2326,216 2281,213 2255,240 2215,239 2164,273"/>
                <Baseline points="2172,294 2197,292 2222,290 2247,288 2272,285 2297,283 2322,280 2347,278 2372,276 2397,274 2422,270 2447,268 2472,266 2497,264 2522,263 2547,261 2572,260 2597,258 2622,258"/>
                <TextEquiv>
                    <Unicode>Sicli Gheller </Unicode>
                </TextEquiv>
            </TextLine>
            <TextLine id="r7l3" custom="readingOrder {index:2;} person {offset:36; length:5; continued:true;}">
                <Coords points="2044,403 2426,352 2496,372 2545,324 2631,350 2791,316 2840,345 2884,317 3011,328 3028,270 2812,266 2236,340 2036,313"/>
                <Baseline points="2049,387 2097,383 2146,378 2195,372 2244,368 2292,363 2341,357 2390,351 2439,348 2487,344 2536,338 2585,334 2634,330 2682,326 2731,323 2780,319 2829,316 2877,312 2926,309 2975,306 3024,303"/>
                <TextEquiv>
                    <Unicode>Frytag den 14. august 1601 jars iff Kieli</Unicode>
                </TextEquiv>
            </TextLine>
            <TextLine id="r7l4" custom="readingOrder {index:3;} person {offset:0; length:6; continued:true;}">
                <Coords points="2043,447 2309,400 2340,423 2533,382 3046,361 3041,305 2841,346 2794,316 2651,351 2545,324 2497,372 2039,401"/>
                <Baseline points="2048,437 2097,431 2147,424 2196,418 2246,413 2295,407 2345,403 2394,397 2444,392 2493,389 2543,383 2592,378 2642,374 2691,370 2741,366 2790,362 2840,359 2889,355 2939,351 2988,347 3038,344"/>
                <TextEquiv>
                    <Unicode>gfelle, inn bywasenn de frommen, farnemmen</Unicode>
                </TextEquiv>
            </TextLine>
            <TextLine id="r7l5" custom="readingOrder {index:4;} person {offset:34; length:15;}">
                <Coords points="2068,497 2265,463 2312,497 2375,449 2646,421 2922,429 3069,403 3065,359 2063,445"/>
                <Baseline points="2072,479 2121,474 2171,469 2220,464 2270,459 2319,455 2369,449 2418,444 2468,438 2517,434 2567,429 2616,424 2666,419 2715,414 2765,411 2814,407 2864,403 2913,401 2963,398 3012,396 3062,395"/>
                <TextEquiv>
                    <Unicode>eisichtigen ersammen wysen herren beidicht Martin</Unicode>
                </TextEquiv>
            </TextLine>
            <TextLine id="r7l6" custom="readingOrder {index:5;} person {offset:4; length:28;}">
                <Coords points="2070,533 2265,550 2438,489 2664,463 2783,489 2825,458 2965,452 2962,418 2847,412 2768,442 2672,421 2647,451 2416,443 2330,485 2264,465 2067,498"/>
                <Baseline points="2076,531 2120,526 2164,520 2208,515 2252,510 2296,505 2340,500 2384,495 2428,491 2472,486 2517,482 2561,477 2605,473 2649,468 2693,464 2737,461 2781,458 2825,455 2869,451 2913,448 2958,446"/>
                <TextEquiv>
                    <Unicode>deß Phals Casparvon Brafenriedts de</Unicode>
                </TextEquiv>
            </TextLine>
            <TextLine id="r7l7" custom="readingOrder {index:6;} person {offset:8; length:20;}">
                <Coords points="2013,602 2230,589 2272,551 2461,561 2869,508 2925,545 3015,511 3009,446 2915,483 2825,458 2761,498 2664,463 2625,494 2442,488 2216,549 2147,520 2010,564"/>
                <Baseline points="2018,585 2067,579 2117,575 2166,571 2216,565 2265,560 2315,555 2364,551 2414,545 2463,541 2513,535 2562,531 2612,527 2661,522 2711,519 2760,515 2810,511 2859,509 2909,506 2958,503 3008,501"/>
                <TextEquiv>
                    <Unicode>Burgeen Nielann von Mülinens broß</Unicode>
                </TextEquiv>
            </TextLine>
            <TextLine id="r7l8" custom="readingOrder {index:7;}">
                <Coords points="2026,654 2232,620 2282,650 2355,609 2795,591 2974,550 2971,523 2861,522 2428,566 2271,552 2231,589 2191,569 2122,604 2022,601"/>
                <Baseline points="2031,636 2077,631 2124,627 2171,623 2218,618 2265,613 2311,609 2358,605 2405,601 2452,597 2499,593 2545,588 2592,585 2639,581 2686,576 2733,571 2779,568 2826,563 2873,558 2920,554 2967,549"/>
                <TextEquiv>
                    <Unicode>Weybels sampt etliche weblen mynen</Unicode>
                </TextEquiv>
            </TextLine>
            <TextLine id="r7l9" custom="readingOrder {index:8;}">
                <Coords points="2058,702 3015,613 3010,564 2966,550 2821,594 2054,650"/>
                <Baseline points="2063,684 2110,680 2157,675 2204,671 2252,666 2299,662 2346,657 2393,653 2441,648 2488,644 2535,640 2582,635 2630,631 2677,627 2724,623 2771,619 2819,616 2866,613 2913,609 2960,606 3008,603"/>
                <TextEquiv>
                    <Unicode>gnädigen Herrn, vnd Oberen, abermalen zu</Unicode>
                </TextEquiv>
            </TextLine>
            <TextLine id="r7l10" custom="readingOrder {index:9;} place {offset:0; length:6;}">
                <Coords points="2027,770 2325,757 2552,688 2729,722 2980,668 3032,692 3026,617 2978,607 2944,648 2853,619 2531,643 2412,694 2248,665 2022,712"/>
                <Baseline points="2031,744 2080,740 2130,735 2179,729 2229,724 2279,720 2328,714 2378,711 2427,707 2477,702 2527,698 2576,695 2626,690 2675,687 2725,684 2775,680 2824,676 2874,672 2923,668 2973,664 3023,660"/>
                <TextEquiv>
                    <Unicode>Machli exammiert worden. dezyygt an</Unicode>
                </TextEquiv>
            </TextLine>
            <TextLine id="r7l11" custom="readingOrder {index:10;}">
                <Coords points="2034,831 2409,790 2447,812 2588,766 2697,783 2941,736 3029,767 3024,711 2812,688 2711,735 2453,714 2380,767 2029,769"/>
                <Baseline points="2039,812 2088,807 2137,803 2186,799 2235,795 2284,791 2333,787 2382,783 2431,779 2480,776 2529,771 2578,768 2627,763 2676,759 2725,755 2774,752 2823,747 2872,743 2921,739 2970,734 3020,729"/>
                <TextEquiv>
                    <Unicode>Das er vor etwas zythsbendicht Steynman</Unicode>
                </TextEquiv>
            </TextLine>
            <TextLine id="r7l12" custom="readingOrder {index:11;} place {offset:4; length:11;}">
                <Coords points="2053,886 2977,814 2973,765 2908,744 2782,788 2589,778 2289,826 2196,802 2167,832 2049,837"/>
                <Baseline points="2058,869 2103,865 2149,860 2194,856 2240,852 2285,849 2331,844 2376,840 2422,837 2467,833 2513,829 2559,826 2604,822 2650,819 2695,816 2741,812 2786,810 2832,807 2877,804 2923,802 2969,800"/>
                <TextEquiv>
                    <Unicode>von Hochstetten, nechtliche wyl von seekel</Unicode>
                </TextEquiv>
            </TextLine>
            <TextLine id="r7l13" custom="readingOrder {index:12;}">
                <Coords points="2010,941 2978,880 3032,864 3030,833 2547,834 2442,873 2372,844 2333,882 2007,899"/>
                <Baseline points="2016,930 2066,927 2117,923 2167,918 2218,914 2268,909 2319,905 2369,900 2420,896 2470,892 2521,887 2571,883 2622,880 2672,876 2723,872 2773,869 2824,866 2874,864 2925,862 2975,860 3026,858"/>
                <TextEquiv>
                    <Unicode>unnd galt uy dem busen genommen, wie e dan</Unicode>
                </TextEquiv>
            </TextLine>
            <TextLine id="r7l14" custom="readingOrder {index:13;}">
                <Coords points="2051,999 2529,947 2741,985 2787,936 3025,931 3004,871 2901,911 2755,882 2630,919 2523,894 2484,931 2441,901 2254,951 2047,939"/>
                <Baseline points="2057,986 2105,983 2153,978 2201,976 2249,972 2297,967 2345,964 2393,960 2441,956 2489,953 2537,948 2585,944 2633,941 2681,938 2729,935 2777,933 2825,930 2873,929 2921,927 2969,927 3018,927"/>
                <TextEquiv>
                    <Unicode>daselbig den 19 hornung abgefloßnen 1605</Unicode>
                </TextEquiv>
            </TextLine>
            <TextLine id="r7l15" custom="readingOrder {index:14;}">
                <Coords points="2056,1063 2183,1041 2224,1046 2246,1030 2306,1037 2390,1023 2387,990 2368,982 2314,1006 2252,966 2221,985 2206,975 2177,990 2116,983 2090,1002 2051,1007"/>
                <Baseline points="2060,1044 2087,1043 2114,1041 2141,1039 2168,1036 2195,1034 2222,1031 2249,1029 2276,1027 2303,1025 2330,1024 2357,1023 2384,1023"/>
                <TextEquiv>
                    <Unicode>hats bekenndt.</Unicode>
                </TextEquiv>
            </TextLine>
            <TextLine id="r7l16" custom="readingOrder {index:15;}">
                <Coords points="2038,1153 2043,1152 2046,1153 2048,1151 2049,1152 2053,1146 2057,1144 2058,1145 2066,1144 2058,1108 2051,1109 2047,1113 2041,1111 2030,1114"/>
                <Baseline points="2042,1139 2057,1136"/>
                <TextEquiv>
                    <Unicode></Unicode>
                </TextEquiv>
            </TextLine>
            <TextLine id="r7l17" custom="readingOrder {index:16;}">
                <Coords points="2054,1174 2237,1191 2389,1161 2484,1192 2778,1136 2879,1166 3025,1144 3015,1077 2778,1123 2375,1096 2321,1132 2054,1156"/>
                <Baseline points="2061,1173 2108,1172 2156,1170 2204,1169 2252,1167 2300,1165 2348,1163 2395,1161 2443,1158 2491,1156 2539,1154 2587,1151 2635,1149 2683,1146 2730,1143 2778,1140 2826,1139 2874,1137 2922,1134 2970,1133 3018,1131"/>
                <TextEquiv>
                    <Unicode>Demnach als ime syn mute vor 8ode rün</Unicode>
                </TextEquiv>
            </TextLine>
            <TextLine id="r7l18" custom="readingOrder {index:17;}">
                <Coords points="2053,1260 2134,1223 2484,1232 2537,1200 2948,1212 3056,1185 3055,1151 2051,1190"/>
                <Baseline points="2058,1223 2107,1221 2157,1219 2206,1217 2256,1215 2306,1212 2355,1211 2405,1208 2454,1206 2504,1205 2554,1202 2603,1200 2653,1198 2702,1196 2752,1193 2802,1193 2851,1190 2901,1188 2950,1187 3000,1185 3050,1184"/>
                <TextEquiv>
                    <Unicode>jaren ongefahrlich mitt eynem stäcken inns</Unicode>
                </TextEquiv>
            </TextLine>
            <TextLine id="r7l19" custom="readingOrder {index:18;}">
                <Coords points="2053,1312 2390,1265 2477,1288 2650,1250 2884,1262 2973,1246 2971,1203 2666,1228 2558,1206 2286,1248 2161,1223 2050,1260"/>
                <Baseline points="2057,1278 2102,1277 2148,1275 2193,1274 2239,1272 2284,1269 2330,1267 2375,1264 2421,1262 2466,1259 2512,1256 2557,1253 2603,1251 2648,1248 2694,1247 2739,1245 2785,1244 2830,1242 2876,1242 2921,1242 2967,1242"/>
                <TextEquiv>
                    <Unicode>geschlagen, habe er sy underanderem gheyß</Unicode>
                </TextEquiv>
            </TextLine>
            <TextLine id="r7l20" custom="readingOrder {index:19;}">
                <Coords points="2055,1340 2190,1364 2261,1331 2649,1336 2688,1306 3027,1321 3023,1222 2738,1284 2524,1266 2053,1311"/>
                <Baseline points="2061,1334 2109,1332 2157,1331 2205,1329 2253,1326 2301,1325 2349,1321 2397,1318 2445,1316 2493,1313 2541,1310 2589,1308 2637,1305 2685,1302 2733,1300 2781,1298 2829,1296 2877,1296 2925,1295 2973,1295 3021,1295"/>
                <TextEquiv>
                    <Unicode>wegen. Die hand aber an sya nit gelegt.</Unicode>
                </TextEquiv>
            </TextLine>
            <TextLine id="r7l21" custom="readingOrder {index:20;}">
                <Coords points="2066,1402 2628,1367 2755,1396 3070,1355 3068,1309 2857,1304 2437,1359 2379,1330 2199,1366 2064,1343"/>
                <Baseline points="2072,1391 2121,1388 2171,1386 2220,1383 2270,1380 2319,1378 2369,1375 2418,1374 2468,1371 2517,1369 2567,1367 2617,1364 2666,1362 2716,1360 2765,1358 2815,1356 2864,1353 2914,1350 2963,1349 3013,1347 3063,1344"/>
                <TextEquiv>
                    <Unicode>sonders sy alleyn by der hand ergriffen, damit</Unicode>
                </TextEquiv>
            </TextLine>
            <TextLine id="r7l22" custom="readingOrder {index:21;}">
                <Coords points="2083,1459 2740,1414 2783,1441 2886,1414 2944,1434 3043,1406 3041,1373 2970,1363 2758,1394 2548,1370 2496,1406 2404,1381 2315,1420 2080,1408"/>
                <Baseline points="2088,1448 2135,1445 2182,1442 2230,1440 2277,1437 2325,1434 2372,1431 2419,1429 2467,1427 2514,1424 2562,1421 2609,1419 2656,1416 2704,1415 2751,1412 2799,1410 2846,1408 2893,1406 2941,1404 2988,1403 3036,1401"/>
                <TextEquiv>
                    <Unicode>s mit den schlegen vfhödte unnd ina die hand</Unicode>
                </TextEquiv>
            </TextLine>
            <TextLine id="r7l23" custom="readingOrder {index:22;}">
                <Coords points="2091,1492 2155,1499 2290,1475 2343,1492 2429,1475 2496,1487 2540,1472 2570,1488 2616,1476 2615,1428 2460,1452 2358,1429 2333,1453 2199,1441 2090,1457"/>
                <Baseline points="2097,1479 2122,1479 2148,1479 2173,1478 2199,1478 2225,1476 2250,1476 2276,1475 2301,1473 2327,1472 2353,1470 2378,1470 2404,1469 2429,1469 2455,1467 2481,1467 2506,1467 2532,1467 2557,1468 2583,1469 2609,1470"/>
                <TextEquiv>
                    <Unicode>darzu uff die behslen gelegt</Unicode>
                </TextEquiv>
            </TextLine>
            <TextLine id="r7l24" custom="readingOrder {index:23;}">
                <Coords points="2064,1564 2398,1582 2508,1544 2660,1563 2691,1537 2746,1568 2992,1537 2962,1476 2483,1531 2322,1477 2216,1523 2062,1496"/>
                <Baseline points="2070,1562 2115,1560 2161,1558 2207,1557 2253,1556 2298,1554 2344,1553 2390,1551 2436,1550 2481,1548 2527,1547 2573,1545 2619,1544 2664,1542 2710,1541 2756,1539 2802,1537 2847,1536 2893,1534 2939,1532 2985,1530"/>
                <TextEquiv>
                    <Unicode>enes als er uoschine tagenn alhie inn der</Unicode>
                </TextEquiv>
            </TextLine>
            <TextLine id="r7l25" custom="readingOrder {index:24;}">
                <Coords points="2078,1618 2862,1607 3043,1573 3042,1541 2965,1538 2909,1567 2799,1542 2610,1577 2450,1550 2376,1584 2077,1570"/>
                <Baseline points="2084,1607 2131,1605 2179,1604 2226,1602 2274,1601 2322,1600 2369,1599 2417,1598 2464,1596 2512,1596 2560,1595 2607,1593 2655,1592 2702,1590 2750,1589 2798,1587 2845,1586 2893,1583 2940,1581 2988,1578 3036,1577"/>
                <TextEquiv>
                    <Unicode>statt eyn trunck gethan und uff dem abend</Unicode>
                </TextEquiv>
            </TextLine>
            <TextLine id="r7l26" custom="readingOrder {index:25;}">
                <Coords points="2073,1678 3036,1655 3035,1608 2889,1595 2767,1625 2677,1593 2615,1628 2526,1593 2455,1628 2072,1618"/>
                <Baseline points="2079,1655 2126,1654 2174,1653 2221,1653 2269,1652 2316,1652 2364,1650 2411,1650 2459,1649 2506,1649 2554,1649 2601,1647 2649,1646 2696,1645 2744,1644 2791,1643 2839,1641 2886,1640 2934,1638 2981,1635 3029,1634"/>
                <TextEquiv>
                    <Unicode>Heymets gon wellen, habe e by nines</Unicode>
                </TextEquiv>
            </TextLine>
            <TextLine id="r7l27" custom="readingOrder {index:26;} person {offset:21; length:13;}">
                <Coords points="2083,1729 2297,1704 2358,1733 2393,1702 2650,1736 3035,1696 3034,1654 2975,1648 2912,1681 2684,1648 2538,1681 2227,1659 2083,1690"/>
                <Baseline points="2090,1709 2139,1707 2188,1706 2238,1705 2287,1704 2337,1704 2386,1704 2435,1704 2485,1704 2534,1704 2584,1704 2633,1704 2683,1704 2732,1704 2781,1704 2831,1703 2880,1701 2930,1699 2979,1697 3029,1694"/>
                <TextEquiv>
                    <Unicode>herren seckelmeyster Dachselhofers sohi syn</Unicode>
                </TextEquiv>
            </TextLine>
            <TextLine id="r7l28" custom="readingOrder {index:27;}">
                <Coords points="2051,1771 2158,1800 2320,1759 2433,1795 2495,1756 2556,1791 3012,1748 2996,1695 2833,1737 2695,1713 2590,1737 2388,1716 2355,1741 2299,1705 2051,1730"/>
                <Baseline points="2058,1761 2105,1760 2152,1760 2200,1760 2247,1760 2294,1760 2342,1760 2389,1758 2436,1758 2484,1758 2531,1758 2578,1758 2626,1757 2673,1756 2720,1755 2768,1754 2815,1752 2862,1750 2910,1747 2957,1745 3005,1740"/>
                <TextEquiv>
                    <Unicode>wso gezuekt uff die steyn gehüwer unnd</Unicode>
                </TextEquiv>
            </TextLine>
            <TextLine id="r7l29" custom="readingOrder {index:28;}">
                <Coords points="2079,1824 2836,1829 3063,1808 3083,1774 2907,1751 2724,1794 2528,1760 2436,1793 2331,1765 2245,1763 2213,1795 2078,1778"/>
                <Baseline points="2085,1812 2134,1811 2184,1811 2233,1811 2283,1811 2333,1811 2382,1811 2432,1811 2481,1811 2531,1811 2581,1811 2630,1811 2680,1811 2729,1811 2779,1809 2829,1808 2878,1807 2928,1806 2977,1803 3027,1800 3077,1797"/>
                <TextEquiv>
                    <Unicode>als gesagts heren knecht das ehorder dnne</Unicode>
                </TextEquiv>
            </TextLine>
            <TextLine id="r7l30" custom="readingOrder {index:29;}">
                <Coords points="2093,1889 2417,1858 2588,1862 2616,1890 2727,1856 2776,1883 2985,1877 3059,1868 3059,1822 2915,1814 2867,1842 2791,1814 2705,1847 2583,1810 2435,1814 2392,1846 2259,1812 2092,1827"/>
                <Baseline points="2099,1872 2146,1869 2194,1865 2242,1863 2289,1860 2337,1859 2385,1859 2432,1859 2480,1859 2528,1859 2576,1860 2623,1860 2671,1861 2719,1862 2766,1862 2814,1862 2862,1862 2909,1860 2957,1859 3005,1857 3053,1854"/>
                <TextEquiv>
                    <Unicode>beyßen fingan. Daruf er den knacht abhin</Unicode>
                </TextEquiv>
            </TextLine>
            <TextLine id="r7l31" custom="readingOrder {index:30;}">
                <Coords points="2091,1952 2559,1908 2718,1950 2784,1917 2885,1944 3063,1926 3063,1894 2974,1876 2732,1898 2589,1861 2469,1893 2407,1863 2091,1890"/>
                <Baseline points="2097,1923 2147,1921 2197,1919 2248,1918 2298,1916 2349,1916 2399,1914 2450,1914 2500,1914 2551,1913 2601,1913 2652,1913 2702,1913 2753,1913 2803,1914 2854,1914 2904,1914 2955,1916 3005,1916 3056,1917"/>
                <TextEquiv>
                    <Unicode>geladen also, das eo kommen und nach dem</Unicode>
                </TextEquiv>
            </TextLine>
            <TextLine id="r7l32" custom="readingOrder {index:31;}">
                <Coords points="2073,2007 2492,1971 2651,2005 2828,1973 2934,2004 3060,1975 3059,1938 2793,1918 2730,1950 2510,1919 2246,1955 2072,1928"/>
                <Baseline points="2079,1986 2127,1982 2176,1979 2225,1976 2274,1974 2322,1973 2371,1971 2420,1971 2469,1970 2517,1970 2566,1970 2615,1971 2664,1971 2712,1971 2761,1971 2810,1973 2859,1973 2907,1972 2956,1971 3005,1971 3054,1970"/>
                <TextEquiv>
                    <Unicode>sy eynander geschlagen, auch zwüschen iur</Unicode>
                </TextEquiv>
            </TextLine>
            <TextLine id="r7l33" custom="readingOrder {index:32;}">
                <Coords points="2090,2060 2556,2023 2872,2040 2942,2081 3065,2061 3066,1992 2956,2019 2514,1974 2383,2014 2236,1980 2144,2015 2090,1994"/>
                <Baseline points="2096,2039 2144,2036 2192,2033 2240,2031 2288,2029 2336,2028 2384,2027 2433,2027 2481,2028 2529,2028 2577,2029 2625,2030 2673,2031 2721,2033 2770,2034 2818,2036 2866,2037 2914,2039 2962,2040 3010,2042 3059,2043"/>
                <TextEquiv>
                    <Unicode>frad ufgenommen worden, habe er vber daselbige</Unicode>
                </TextEquiv>
            </TextLine>
            <TextLine id="r7l34" custom="readingOrder {index:33;}">
                <Coords points="2099,2104 2154,2134 2281,2093 2338,2118 2606,2093 2651,2120 2715,2092 2817,2096 2870,2124 2870,2080 2769,2040 2660,2068 2556,2021 2468,2056 2426,2032 2377,2057 2326,2036 2269,2071 2173,2048 2099,2068"/>
                <Baseline points="2105,2091 2144,2091 2184,2090 2224,2090 2264,2089 2304,2088 2344,2088 2384,2087 2424,2087 2464,2087 2504,2085 2544,2085 2584,2087 2624,2087 2664,2088 2704,2090 2744,2091 2784,2094 2824,2097 2864,2102"/>
                <TextEquiv>
                    <Unicode>mehrgemelten knecht angriffen.</Unicode>
                </TextEquiv>
            </TextLine>
            <TextLine id="r7l35" custom="readingOrder {index:34;}">
                <Coords points="2088,2201 2530,2179 2740,2214 2923,2180 2998,2196 2998,2152 2765,2122 2333,2169 2190,2132 2088,2154"/>
                <Baseline points="2094,2193 2138,2190 2183,2187 2228,2186 2273,2184 2318,2184 2363,2184 2407,2185 2452,2186 2497,2187 2542,2188 2587,2189 2632,2191 2677,2192 2721,2193 2766,2193 2811,2195 2856,2195 2901,2194 2946,2193 2991,2190"/>
                <TextEquiv>
                    <Unicode>endtlichen habe e uff yn syth als sn</Unicode>
                </TextEquiv>
            </TextLine>
            <TextLine id="r7l36" custom="readingOrder {index:35;}">
                <Coords points="2084,2258 2460,2230 2503,2258 2570,2237 2920,2269 3026,2254 3027,2188 2750,2226 2618,2184 2084,2203"/>
                <Baseline points="2090,2241 2136,2240 2183,2238 2229,2237 2276,2237 2322,2236 2369,2235 2415,2235 2462,2237 2508,2237 2555,2237 2601,2238 2648,2238 2694,2238 2741,2240 2787,2240 2834,2240 2880,2240 2927,2240 2973,2238 3020,2238"/>
                <TextEquiv>
                    <Unicode>sute den ofen gehytzt uund vil holtz</Unicode>
                </TextEquiv>
            </TextLine>
            <TextLine id="r7l37" custom="readingOrder {index:36;}">
                <Coords points="2090,2304 2253,2293 2293,2319 2511,2274 2818,2317 2952,2286 3045,2319 3045,2271 2788,2245 2090,2262"/>
                <Baseline points="2096,2292 2143,2289 2190,2288 2237,2286 2284,2285 2331,2283 2378,2283 2426,2282 2473,2282 2520,2282 2567,2282 2614,2282 2661,2282 2708,2283 2756,2284 2803,2285 2850,2286 2897,2288 2944,2290 2991,2292 3039,2294"/>
                <TextEquiv>
                    <Unicode>vebröndt, yntüber mit waße genomen</Unicode>
                </TextEquiv>
            </TextLine>
            <TextLine id="r7l38" custom="readingOrder {index:37;}">
                <Coords points="2114,2357 2247,2379 2283,2347 2427,2366 2499,2339 2584,2371 2703,2341 3002,2371 3002,2312 2967,2296 2824,2321 2692,2284 2567,2316 2531,2287 2460,2309 2390,2281 2332,2326 2178,2292 2114,2314"/>
                <Baseline points="2120,2346 2163,2346 2207,2345 2251,2345 2295,2344 2339,2343 2382,2342 2426,2342 2470,2340 2514,2340 2558,2339 2601,2339 2645,2339 2689,2339 2733,2339 2777,2339 2820,2340 2864,2342 2908,2343 2952,2346 2996,2349"/>
                <TextEquiv>
                    <Unicode>selbigen ian den ofnn geschiktt und also</Unicode>
                </TextEquiv>
            </TextLine>
            <TextLine id="r7l39" custom="readingOrder {index:38;}">
                <Coords points="2225,2398 2238,2392 2277,2429 2307,2409 2372,2401 2394,2411 2424,2394 2463,2405 2511,2391 2547,2401 2546,2349 2469,2346 2442,2368 2376,2353 2342,2371 2302,2353 2278,2355 2252,2377 2224,2374"/>
                <Baseline points="2231,2391 2256,2391 2282,2391 2308,2391 2334,2391 2360,2391 2386,2391 2411,2390 2437,2390 2463,2390 2489,2390 2515,2388 2541,2388"/>
                <TextEquiv>
                    <Unicode>jühr erloschen.</Unicode>
                </TextEquiv>
            </TextLine>
            <TextLine id="r7l40" custom="readingOrder {index:39;}">
                <Coords points="2094,2417 2104,2417 2116,2406 2144,2398 2159,2405 2167,2402 2173,2409 2190,2411 2199,2418 2215,2419 2214,2358 2207,2358 2185,2377 2162,2371 2154,2380 2142,2378 2118,2359 2093,2366"/>
                <Baseline points="2100,2403 2127,2399 2154,2397 2181,2398 2208,2400"/>
                <TextEquiv>
                    <Unicode>das</Unicode>
                </TextEquiv>
            </TextLine>
            <TextLine id="r7l41" custom="readingOrder {index:40;}">
                <Coords points="2230,2510 2600,2483 2876,2525 2926,2497 3011,2518 3012,2439 2817,2448 2769,2424 2231,2480"/>
                <Baseline points="2237,2499 2275,2496 2313,2493 2352,2492 2390,2490 2429,2489 2467,2487 2505,2487 2544,2487 2582,2487 2621,2487 2659,2489 2697,2489 2736,2490 2774,2492 2813,2493 2851,2495 2889,2496 2928,2499 2966,2501 3005,2502"/>
                <TextEquiv>
                    <Unicode>lar, darnach mit den kleyn zum 3</Unicode>
                </TextEquiv>
            </TextLine>
            <TextLine id="r7l42" custom="readingOrder {index:41;}">
                <Coords points="2085,2522 2102,2522 2110,2517 2133,2529 2161,2505 2173,2511 2198,2509 2193,2447 2167,2449 2163,2454 2156,2451 2141,2460 2124,2456 2118,2465 2114,2462 2104,2466 2096,2460 2091,2465 2079,2464"/>
                <Baseline points="2091,2514 2116,2511 2142,2508 2167,2505 2193,2505"/>
                <TextEquiv>
                    <Unicode>Is2</Unicode>
                </TextEquiv>
            </TextLine>
            <TextLine id="r7l43" custom="readingOrder {index:42;}">
                <Coords points="2492,2525 2517,2525 2549,2544 2607,2523 2633,2533 2668,2524 2686,2541 2697,2535 2753,2543 2755,2503 2743,2499 2729,2512 2699,2494 2658,2502 2597,2483 2543,2511 2518,2506 2493,2487"/>
                <Baseline points="2498,2523 2525,2523 2553,2524 2581,2525 2608,2527 2636,2528 2664,2529 2691,2531 2719,2532 2747,2532"/>
                <TextEquiv>
                    <Unicode>trpnd. vnd Zū</Unicode>
                </TextEquiv>
            </TextLine>
            <TextLine id="r7l44" custom="readingOrder {index:43;}">
                <Coords points="2401,2527 2422,2533 2430,2542 2451,2536 2463,2537 2477,2525 2490,2531 2499,2530 2501,2490 2494,2489 2491,2493 2473,2497 2462,2487 2432,2498 2425,2498 2416,2491 2402,2491"/>
                <Baseline points="2406,2535 2435,2531 2464,2533 2493,2538"/>
                <TextEquiv>
                    <Unicode>2</Unicode>
                </TextEquiv>
            </TextLine>
            <TextLine id="r7l45" custom="readingOrder {index:44;}">
                <Coords points="2099,2566 2130,2552 2152,2562 2182,2546 2249,2553 2357,2537 2395,2544 2393,2496 2356,2508 2271,2505 2236,2527 2203,2511 2179,2525 2147,2517 2131,2530 2097,2521"/>
                <Baseline points="2105,2552 2130,2548 2156,2546 2182,2543 2207,2541 2233,2541 2259,2538 2285,2538 2310,2537 2336,2537 2362,2536 2388,2535"/>
                <TextEquiv>
                    <Unicode>decel mit die</Unicode>
                </TextEquiv>
            </TextLine>
            <TextLine id="r7l46" custom="readingOrder {index:45;}">
                <Coords points="2800,2561 2848,2540 2859,2549 2899,2546 2915,2559 2929,2552 2947,2568 2959,2566 2991,2585 3010,2580 3014,2523 2993,2522 2969,2501 2952,2503 2909,2532 2895,2522 2877,2525 2854,2513 2804,2508"/>
                <Baseline points="2808,2537 2836,2538 2864,2541 2892,2542 2921,2544 2949,2546 2977,2548 3006,2552"/>
                <TextEquiv>
                    <Unicode> mit de</Unicode>
                </TextEquiv>
            </TextLine>
            <TextLine id="r7l47" custom="readingOrder {index:46;}">
                <Coords points="2096,2604 2210,2616 2280,2582 2338,2617 2371,2583 2472,2570 2470,2544 2436,2539 2373,2555 2354,2542 2332,2554 2289,2543 2249,2553 2183,2546 2148,2566 2094,2566"/>
                <Baseline points="2102,2591 2127,2590 2153,2588 2179,2586 2205,2585 2231,2583 2257,2582 2283,2582 2309,2580 2335,2579 2361,2577 2387,2576 2413,2574 2439,2573 2465,2570"/>
                <TextEquiv>
                    <Unicode>3. Feynd strynt uf</Unicode>
                </TextEquiv>
            </TextLine>
            <TextLine id="r7l48" custom="readingOrder {index:47;}">
                <Coords points="2794,2598 2807,2600 2817,2592 2835,2592 2844,2587 2858,2598 2863,2595 2877,2601 2897,2590 2902,2595 2909,2590 2919,2591 2922,2560 2910,2557 2904,2550 2877,2551 2873,2546 2861,2550 2847,2539 2825,2553 2819,2548 2810,2555 2799,2549"/>
                <Baseline points="2802,2576 2829,2579 2857,2583 2885,2585 2913,2588"/>
                <TextEquiv>
                    <Unicode>vord</Unicode>
                </TextEquiv>
            </TextLine>
            <TextLine id="r7l49" custom="readingOrder {index:48;}">
                <Coords points="2454,2615 2485,2605 2493,2598 2517,2598 2532,2608 2562,2606 2558,2542 2548,2544 2536,2535 2506,2558 2499,2553 2482,2570 2451,2568"/>
                <Baseline points="2459,2591 2491,2579 2523,2576 2555,2585"/>
                <TextEquiv>
                    <Unicode>hr</Unicode>
                </TextEquiv>
            </TextLine>
            <TextLine id="r7l50" custom="readingOrder {index:49;}">
                <Coords points="2083,2678 2198,2690 2245,2657 2403,2650 2437,2683 2585,2657 2850,2702 3005,2685 3007,2639 2962,2662 2866,2625 2650,2637 2513,2598 2403,2632 2303,2600 2235,2630 2086,2607"/>
                <Baseline points="2090,2660 2135,2657 2180,2653 2226,2651 2271,2649 2317,2649 2362,2649 2408,2651 2453,2652 2499,2654 2544,2656 2589,2660 2635,2662 2680,2665 2726,2669 2771,2672 2817,2675 2862,2678 2908,2681 2953,2684 2999,2685"/>
                <TextEquiv>
                    <Unicode>Dise ist uff abtrag costens usgelaßen, erlos</Unicode>
                </TextEquiv>
            </TextLine>
            <TextLine id="r7l51" custom="readingOrder {index:50;}">
                <Coords points="2077,2719 2545,2703 2875,2752 2996,2735 2997,2701 2590,2659 2439,2684 2403,2650 2078,2687"/>
                <Baseline points="2084,2708 2129,2703 2174,2700 2219,2699 2265,2697 2310,2697 2355,2697 2401,2697 2446,2699 2491,2700 2537,2702 2582,2705 2627,2707 2672,2710 2718,2712 2763,2716 2808,2719 2854,2722 2899,2725 2944,2727 2990,2730"/>
                <TextEquiv>
                    <Unicode>unnd wehrlos erkenndt, imme die wirtshüse vor</Unicode>
                </TextEquiv>
            </TextLine>
            <TextLine id="r7l52" custom="readingOrder {index:51;}">
                <Coords points="2081,2752 2205,2777 2239,2748 2501,2746 2991,2796 2993,2743 2961,2735 2865,2753 2551,2703 2083,2718"/>
                <Baseline points="2087,2751 2131,2747 2176,2744 2221,2742 2266,2739 2311,2739 2356,2739 2401,2739 2446,2741 2491,2743 2536,2745 2580,2747 2625,2751 2670,2755 2715,2758 2760,2761 2805,2765 2850,2769 2895,2773 2940,2777 2985,2780"/>
                <TextEquiv>
                    <Unicode>bottenn ouch von de statt und der zil verwisen</Unicode>
                </TextEquiv>
            </TextLine>
            <TextLine id="r7l53" custom="readingOrder {index:52;}">
                <Coords points="2099,2803 2564,2790 2878,2863 3029,2833 3031,2804 2392,2746 2100,2775"/>
                <Baseline points="2105,2799 2153,2793 2201,2789 2250,2786 2298,2783 2346,2781 2395,2781 2443,2781 2491,2783 2540,2784 2588,2788 2637,2791 2685,2795 2733,2799 2782,2803 2830,2807 2878,2812 2927,2816 2975,2820 3024,2823"/>
                <TextEquiv>
                    <Unicode>worden unnd blybt nochmalen by dem geschwor.</Unicode>
                </TextEquiv>
            </TextLine>
            <TextLine id="r7l54" custom="readingOrder {index:53;}">
                <Coords points="2100,2851 2142,2839 2155,2847 2187,2824 2228,2843 2257,2837 2276,2849 2311,2842 2327,2854 2348,2847 2344,2790 2310,2788 2267,2801 2230,2792 2190,2805 2119,2797 2097,2804"/>
                <Baseline points="2105,2837 2131,2835 2157,2834 2183,2832 2209,2832 2235,2829 2261,2827 2287,2825 2313,2823 2340,2820"/>
                <TextEquiv>
                    <Unicode>nen vorhed.</Unicode>
                </TextEquiv>
            </TextLine>
            <TextEquiv>
                <Unicode>6
Sicli Gheller 
Frytag den 14. august 1601 jars iff Kieli
gfelle, inn bywasenn de frommen, farnemmen
eisichtigen ersammen wysen herren beidicht Martin
deß Phals Casparvon Brafenriedts de
Burgeen Nielann von Mülinens broß
Weybels sampt etliche weblen mynen
gnädigen Herrn, vnd Oberen, abermalen zu
Machli exammiert worden. dezyygt an
Das er vor etwas zythsbendicht Steynman
von Hochstetten, nechtliche wyl von seekel
unnd galt uy dem busen genommen, wie e dan
daselbig den 19 hornung abgefloßnen 1605
hats bekenndt.

Demnach als ime syn mute vor 8ode rün
jaren ongefahrlich mitt eynem stäcken inns
geschlagen, habe er sy underanderem gheyß
wegen. Die hand aber an sya nit gelegt.
sonders sy alleyn by der hand ergriffen, damit
s mit den schlegen vfhödte unnd ina die hand
darzu uff die behslen gelegt
enes als er uoschine tagenn alhie inn der
statt eyn trunck gethan und uff dem abend
Heymets gon wellen, habe e by nines
herren seckelmeyster Dachselhofers sohi syn
wso gezuekt uff die steyn gehüwer unnd
als gesagts heren knecht das ehorder dnne
beyßen fingan. Daruf er den knacht abhin
geladen also, das eo kommen und nach dem
sy eynander geschlagen, auch zwüschen iur
frad ufgenommen worden, habe er vber daselbige
mehrgemelten knecht angriffen.
endtlichen habe e uff yn syth als sn
sute den ofen gehytzt uund vil holtz
vebröndt, yntüber mit waße genomen
selbigen ian den ofnn geschiktt und also
jühr erloschen.
das
lar, darnach mit den kleyn zum 3
Is2
trpnd. vnd Zū
2
decel mit die
 mit de
3. Feynd strynt uf
vord
hr
Dise ist uff abtrag costens usgelaßen, erlos
unnd wehrlos erkenndt, imme die wirtshüse vor
bottenn ouch von de statt und der zil verwisen
worden unnd blybt nochmalen by dem geschwor.
nen vorhed.</Unicode>
            </TextEquiv>
        </TextRegion>
    </Page>
</PcGts>
