3024 4032
983 249 1789 388 uand übrig sy husfrouwen belangend
982 341 1821 469 ungefahrlich vor 30 jare, inn synen
987 399 1813 549 abwäsen gstorben und imm bach thod hinden
995 475 1123 554 worden
1124 456 1306 566 1
1306 482 1616 555 vermeldet e
965 535 1821 657 Nach dem e domalen s schultz uß Ragelis
1006 601 1786 716 elig etwas kon abkoufft und sy die
990 662 1783 763 anderwrckte vnnd er mit vnanden
1001 718 1803 849 den wyykouff tunken. Habe er sich
965 780 1798 892 nach vnzagung deßselbigen) mit Bewich
971 858 1817 967 woeden uff den leyenwag begeben. Al
1016 916 1789 1009 mir vnzit alhar Inn die Statt
1008 976 1807 1096 konden, vnd die nacht yngefallen
1003 1043 1812 1147 habend sy mit enandern zum teüt
1010 1113 1805 1215 alhie, Da letstlich die wortschafft
1021 1172 1778 1281 zum storchn gsyn) gun kehr
996 1259 1814 1358 vbernacht gebliben, vnd Monrdes gan
1004 1318 1775 1415 mensungn gangen. alda en 1runk
1010 1390 1839 1494 gethann, daselbst ouch ubernacht gsh
1025 1455 1825 1572 unnd am morndrigen tag heymn kehnt
1013 1527 1837 1638 Als er abe heym kommen, sage de
1015 1590 1842 1706 Frywybel, peta wan din krome
1035 1672 1822 1791 thod ware, die werd ist eschreken
1035 1754 1852 1856 unnd daauf inne heyßen lagen, wo
1041 1800 1821 1903 spa sye, vnd als e Inn das zus
1043 1876 1822 1975 stratu. habe er sa am beth tob
1031 1934 1813 2032 ligende funden. Das er pa abr
1048 1999 1839 2081 alda ewügt, sye nit so war im
1037 2056 1848 2137 got helffen solhle, dan es sich ne
1055 2107 1832 2207 malen habe erfiden wogen, das er an
1049 2175 1841 2257 dren thod schuldig pr: wie er dan
1062 2233 1861 2339 deßwegen das keyselich rechen ussen
1066 2303 1195 2368 wüße
1013 2329 1851 2447 Zu dem sye sein hasfromen selig von Keynen
1066 2397 1828 2489 möntschen hwen tag, alswyl er mit
1060 2448 1862 2549 bendicht Rieder alhie zu Bam und münk
1068 2505 1863 2624 gsyn gestechen worden. Darziüsch sy uib
1064 2583 1855 2673 gestorben und dar nun die schuld zu
1046 2630 1426 2712 gemasen werde.
2714 64 2790 152 47
2020 86 2638 297 Retano domersio
2273 242 2436 296 Barhat
1880 264 2846 533 Im byerafang des fromein fnnemen nn
1904 336 2830 564 nistigen arstlichen, Witenn Beriem Jacob
1913 375 2865 639 olies des Glyefer schuls Jogane Hof.
1902 480 2872 693 detters Sey uigerenn tectaus von Mulinen
1896 550 2870 790 proßweybelssampt etlich d verblen
1905 652 2737 846 eyner gnedigen Herenn vnnd Obrre
1899 705 2831 940 Aipiclaus Donnanko vierig allhie
1889 816 2845 1012 Abriglenn zu Machsel eerammiert,
1926 895 2804 1095 und rynlich befraget wordenn
1889 951 2890 1164 res elhin vnnd wider amnt frömbdet
1919 1074 2853 1228 sundtlichen annuspagenn, de vermeldet.
1900 1145 2493 1298 olgennden gstalt
1893 1250 2869 1423 erstlichen als er ann ynem samstag
1906 1376 2883 1465 uff den hindwein drhützenmanten synen gschwacher
1941 1428 2820 1537 as Holtzes, so von dem schnehr
1935 1496 2832 1624 idetruckt worden ufgemachet. Habe
1869 1560 2839 1691 mit eynem chlüßet (den erh anden
1935 1645 2864 1740 ynem annders oth gekommen) das hinder
1916 1691 2789 1822 Schützenahus geöffnet und alda uß
1947 1767 2858 1903 inem schafft eyn sogen, stangteyner
1936 1824 2885 1970 daly gewesnen Bendi y anzuckt
2791 1893 2901 1958 l
1935 1910 2889 2051 denselbigen sampt ynem bref umbxvs
1941 1976 2830 2104 pete werfken umb 4l urdsetzt, de
1930 2046 2895 2181 dogen aber hae dem, daß er gspig ressituiert
1924 2168 2080 2248 worden
