3024 4032
1160 126 1815 305 Hanie Spcesser von Bar
938 331 1827 492 Wiewol gott der allmechtigen unser schöpff
950 435 1829 579 unnd erhalter nit alleien durch synen dienern
965 497 1835 632 denn herligenn Morsegn: Sonnders ouch ander
962 571 1844 699 one Prophetenn unnd aostel hin und wider
978 646 1843 796 ann vilen orthenn, götlicher Biblischen gschrichen
974 721 1831 847 Aets vnnd Auner Testaments, vnns zu guter
966 780 1825 894 Erbars läbenn, frommenn handel und wanndel
977 853 1844 953 zuführenn ordenliche kolry zu halten, die elter
983 917 1838 1035 dardurch zuehrenn vnnd zurespertierenn. Hoc
966 984 1851 1081 deunckliche, notwendige gsatz (nach welchen
1019 1064 1834 1169 wir vnns, als der Rechtenn Vnfahlbahrenn
953 1128 1839 1233 richtschum formierenn sollennd) ferstchryben
959 1180 1849 1287 hingegenno sich zu ableynung unghoterspmre nit
980 1244 1845 1360 nur gegenn den vonn got dem herrenn un
977 1311 1827 1392 eingesetzten oberkeytenn, natharlichen
989 1383 1863 1487 echtenn elterenn unnd denenn, so an vatter
977 1449 1855 1549 unnd muterstadt genampt wordenn möchten
947 1513 1854 1620 vel unnd mancherley Reglenn und gepott gäb
1031 1571 1870 1659 dnes alß uns als synen creaturen und gesch
908 1645 1860 1757 siemit ernnst flyßig verpietenn laßenn, selbige
994 1704 1859 1818 verlierung syner gnad twigenn täbenns
977 1782 1849 1853 vnnd vnserr Sehelenn Heyls niemahrmehr
1030 1835 1859 1937 zu übersechenn, sondes denen unnebrochen
1034 1898 1867 2000 lichen nachzukommenn. Wil dan offtmalnn
1031 1965 1865 2063 und unfahlbahrenn worb gotes heyte und
957 2007 1874 2139 strurkeinlich vermoldet unnd anzogen wid
909 2075 1870 2218 haben das welche personen vatter o der mater fluchen
899 2162 1046 2212 denit 20 21.
907 2198 1859 2283 dento e7 oder annder deglych enn laspe begangind
922 2222 1026 2274 Rexum 15
908 2236 1680 2339 pauliopro deß chodts stebenn sollind etc.
1632 2356 1811 2437 I oh
2771 -5 2842 83 41
1887 72 2832 264 Ist doch dasselbig leyder) ann vilen leisen mitt
1931 154 2785 305 uil bedencklich, dann das sy wider angeduten
1909 212 2839 397 sölige bschrifft, sich wüß enntlich vergrüffend
1904 281 2827 474 die dan gegenwirtiger Hanns Spiesser
1919 365 2784 545 eiches fahlers halb gefencklich vnnzogenn.
1913 445 2855 665 brachmonats zin fließfendts 1602 jahr
1903 518 2858 733 Im swäsenn annhörenn unnd gegenn wirtigkeit
1919 608 2851 786 der frommenn fürnemmenn ersammen wysenn
1920 692 2862 846 herrenn parthlome knechts deß verhats
1897 750 2868 915 Brath Badwig sichels der Bergeenn Niclaus
1914 832 2847 980 vm Mülinenn Großweybels sampt etlich
1904 902 2871 1036 Weyllenn myner gnadigenn herren vnnd oberen
1920 967 2857 1097 diser copplichenn statt Bärnn, deßhalb
1940 1032 2856 1181 zu Marzeli befragt unnd exominet wordn
1906 1180 2891 1291 Der dann harnachgeschribne missen andlungen
2431 1241 2508 1300 t
1895 1251 2900 1377 daselbstenn bekenndt vnachenn unnd (nach gwonen
1924 1314 2736 1440 Lichenbrich mit der marter bestättiget
1944 1402 2830 1504 nammlichen, das nach dem abgeloffner
1953 1494 2892 1604 zyth syn mutte, mitt etlichen iren nachouren
1964 1533 2837 1664 annget, ghaderet unnd balget, er sy ouch
1946 1598 2838 1713 dauon abzustann gebettenn. Habe sya eyn
1952 1682 2868 1792 Kellenn Iasentschet unnd inne damit geschlagen.
1922 1753 2880 1844 Da er dann unbesindt unnathurliche wys
1937 1811 2865 1885 sowol den gesatzenn gotes allencklich
2355 1881 2403 1920 er
2422 1876 2475 1932 8
1946 1881 2835 1998 als der rathinselbs zu wider sich leder
1977 1945 2889 2065 hochlichen vergoßene, das e seyn nit wyth
1976 2022 2868 2129 vonn imme gelegene schydt ergriffen, selbigs
1959 2094 2884 2183 erhept, syn yyne muter damit hinwiderumb
1943 2152 2778 2262 geschlagen unnd gesprochen, das sy
2741 2232 2816 2314 vor
