<?xml version="1.0" encoding="UTF-8" standalone="yes"?>
<PcGts xmlns="http://schema.primaresearch.org/PAGE/gts/pagecontent/2013-07-15" xmlns:xsi="http://www.w3.org/2001/XMLSchema-instance" xsi:schemaLocation="http://schema.primaresearch.org/PAGE/gts/pagecontent/2013-07-15 http://schema.primaresearch.org/PAGE/gts/pagecontent/2013-07-15/pagecontent.xsd">
    <Metadata>
        <Creator>prov=University of Rostock/Institute of Mathematics/CITlab|PLANET AI GmbH/Gundram Leifert/gundram.leifert@planet-ai.de:name=German_Kurrent_XVI-XVIII_M1(htr_id=19584)::::v=2.6.7
prov=University of Rostock/Institute of Mathematics/CITlab|PLANET AI GmbH/Tobias Gruening/tobias.gruening@planet-ai.de:name=de.uros.citlab.module.baseline2polygon.B2PSeamMultiOriented:v=2.6.7
prov=University of Rostock/Institute of Mathematics/CITlab|PLANET AI GmbH/Tobias Gruening/tobias.gruening@planet-ai.de:name=/net_tf/LA73_249_0mod360.pb:de.uros.citlab.segmentation.CITlab_LA_ML:v=2.6.7
Transkribus</Creator>
        <Created>2021-02-10T20:29:45.417+01:00</Created>
        <LastChange>2022-09-12T14:12:05.130+02:00</LastChange>
        <TranskribusMetadata docId="1334806" pageId="52358505" pageNr="56" tsid="114640201" status="IN_PROGRESS" userId="9570" imgUrl="https://files.transkribus.eu/Get?id=GYMFLOBYBJSXNQXIAXFJQEPF&amp;fileType=view" xmlUrl="https://files.transkribus.eu/Get?id=HOKILFBLIFNELGQXNFMGUGOS" imageId="19931177"/>
    </Metadata>
    <Page imageFilename="IMG_8849.jpg" imageWidth="3024" imageHeight="4032">
        <ReadingOrder>
            <OrderedGroup id="ro_1687513847929" caption="Regions reading order">
                <RegionRefIndexed index="0" regionRef="r1"/>
                <RegionRefIndexed index="1" regionRef="r2"/>
                <RegionRefIndexed index="2" regionRef="r3"/>
            </OrderedGroup>
        </ReadingOrder>
        <TextRegion orientation="0.0" id="r1" custom="readingOrder {index:0;}">
            <Coords points="810,188 810,317 905,317 905,188"/>
            <TextLine id="r1l1" custom="readingOrder {index:0;}">
                <Coords points="804,248 812,248 828,235 836,236 847,228 861,226 874,238 888,242 888,176 872,182 838,162 824,172 812,163 804,163"/>
                <Baseline points="810,221 846,222 882,221"/>
                <TextEquiv>
                    <Unicode>178</Unicode>
                </TextEquiv>
            </TextLine>
            <TextLine id="r1l2" custom="readingOrder {index:1;}">
                <Coords points="809,289 823,292 847,316 865,305 887,329 899,335 908,333 917,252 880,241 872,246 859,245 850,252 841,243 834,245 814,238"/>
                <Baseline points="815,288 845,296 875,297 905,300"/>
                <TextEquiv>
                    <Unicode>19</Unicode>
                </TextEquiv>
            </TextLine>
            <TextEquiv>
                <Unicode>178
19</Unicode>
            </TextEquiv>
        </TextRegion>
        <TextRegion orientation="0.0" id="r2" custom="readingOrder {index:1;}">
            <Coords points="926,235 926,2548 1845,2548 1845,235"/>
            <TextLine id="r2l1" custom="readingOrder {index:0;}">
                <Coords points="1043,272 1264,259 1342,287 1425,270 1714,326 1720,216 1642,208 1542,237 1425,199 1382,215 1189,185 1045,234"/>
                <Baseline points="1050,260 1083,258 1116,258 1149,258 1182,258 1215,258 1248,258 1281,260 1314,260 1347,263 1380,264 1413,266 1446,268 1479,270 1512,272 1545,276 1578,279 1611,282 1644,285 1677,290 1710,293"/>
                <TextEquiv>
                    <Unicode>ans Rodt vnd Ann Saley</Unicode>
                </TextEquiv>
            </TextLine>
            <TextLine id="r2l2" custom="readingOrder {index:1;}">
                <Coords points="1211,315 1240,324 1273,307 1287,313 1294,307 1311,321 1322,310 1408,331 1469,315 1470,291 1426,270 1415,278 1379,272 1354,288 1324,287 1294,268 1271,277 1213,263"/>
                <Baseline points="1218,305 1245,307 1272,308 1299,309 1326,309 1354,311 1381,311 1408,312 1435,314 1463,315"/>
                <TextEquiv>
                    <Unicode>ey fronei</Unicode>
                </TextEquiv>
            </TextLine>
            <TextLine id="r2l3" custom="readingOrder {index:2;}">
                <Coords points="1121,353 1127,353 1146,341 1157,340 1161,335 1169,337 1172,333 1180,340 1195,339 1190,285 1184,285 1174,294 1165,291 1153,306 1145,307 1140,303 1129,313 1118,317"/>
                <Baseline points="1125,336 1156,330 1188,330"/>
                <TextEquiv>
                    <Unicode>ale</Unicode>
                </TextEquiv>
            </TextLine>
            <TextLine id="r2l4" custom="readingOrder {index:3;}">
                <Coords points="974,391 1140,369 1206,405 1253,366 1437,398 1534,377 1720,454 1762,434 1765,361 1708,347 1658,372 1589,321 1514,352 1423,324 1375,344 1322,310 1207,316 1171,345 976,341"/>
                <Baseline points="980,378 1018,377 1057,375 1096,375 1135,374 1174,372 1213,372 1251,371 1290,371 1329,371 1368,371 1407,372 1446,374 1485,377 1523,380 1562,384 1601,389 1640,395 1679,403 1718,410 1757,420"/>
                <TextEquiv>
                    <Unicode>uff 26 jali 1602 jars innbysy</Unicode>
                </TextEquiv>
            </TextLine>
            <TextLine id="r2l5" custom="readingOrder {index:4;} person {offset:4; length:7;} person {offset:23; length:11;}">
                <Coords points="983,456 1237,428 1376,474 1485,442 1634,457 1692,508 1724,481 1796,495 1797,465 1567,382 1492,412 1320,403 1258,373 1205,410 1138,380 986,407"/>
                <Baseline points="990,438 1030,435 1070,434 1110,432 1150,432 1190,431 1230,431 1270,432 1310,432 1350,434 1390,436 1430,438 1470,441 1510,444 1550,449 1590,453 1630,458 1670,463 1710,469 1750,476 1791,483"/>
                <TextEquiv>
                    <Unicode>Her Dillies deß Ghals, dano Eschan</Unicode>
                </TextEquiv>
            </TextLine>
            <TextLine id="r2l6" custom="readingOrder {index:5;} person {offset:18; length:18;}">
                <Coords points="980,512 1101,495 1147,523 1227,491 1360,530 1508,504 1774,559 1756,505 1692,508 1659,479 1573,491 1481,446 1395,474 1278,443 983,455"/>
                <Baseline points="986,495 1025,493 1064,491 1103,489 1142,489 1181,488 1220,488 1260,489 1299,491 1338,491 1377,494 1416,495 1455,499 1494,501 1534,506 1573,509 1612,513 1651,518 1690,523 1729,528 1769,534"/>
                <TextEquiv>
                    <Unicode>dar Burgeren unnd vnrhans von Mëlmen</Unicode>
                </TextEquiv>
            </TextLine>
            <TextLine id="r2l7" custom="readingOrder {index:6;}">
                <Coords points="983,559 1048,563 1068,577 1277,545 1335,579 1373,564 1374,535 1341,513 1299,508 1262,529 1181,502 1146,523 1103,496 1037,516 1007,499 983,510"/>
                <Baseline points="989,548 1014,546 1039,545 1064,545 1090,545 1115,545 1140,545 1165,545 1191,545 1216,546 1241,547 1266,548 1292,548 1317,549 1342,549 1368,551"/>
                <TextEquiv>
                    <Unicode>Großwebels. Ist</Unicode>
                </TextEquiv>
            </TextLine>
            <TextLine id="r2l8" custom="readingOrder {index:7;} person {offset:0; length:10;} place {offset:25; length:8;}">
                <Coords points="953,675 1005,654 1550,656 1790,701 1792,631 1694,600 1533,640 1459,604 1334,595 1211,625 1021,572 956,583"/>
                <Baseline points="960,653 1001,653 1042,653 1083,653 1125,653 1166,652 1207,651 1248,651 1290,651 1331,651 1372,653 1413,653 1455,654 1496,656 1537,657 1578,660 1620,662 1661,666 1702,670 1743,675 1785,680"/>
                <TextEquiv>
                    <Unicode>Hanns Godt der Krame von Colofred by</Unicode>
                </TextEquiv>
            </TextLine>
            <TextLine id="r2l9" custom="readingOrder {index:8;} place {offset:0; length:5;} person {offset:11; length:9;} place {offset:25; length:6;}">
                <Coords points="990,715 1115,703 1167,728 1246,702 1797,750 1798,708 1727,682 1648,707 1426,655 1367,689 1297,660 1206,684 1126,660 1067,687 992,660"/>
                <Baseline points="996,710 1035,708 1075,708 1115,707 1155,707 1194,707 1234,707 1274,707 1314,707 1353,708 1393,710 1433,710 1473,712 1512,714 1552,716 1592,718 1632,720 1671,724 1711,726 1751,730 1791,734"/>
                <TextEquiv>
                    <Unicode>Genff unnd Anna Galy von Leydnn</Unicode>
                </TextEquiv>
            </TextLine>
            <TextLine id="r2l10" custom="readingOrder {index:9;} place {offset:17; length:8;}">
                <Coords points="989,783 1167,789 1201,762 1303,808 1368,771 1468,818 1588,788 1806,808 1808,749 1754,776 1597,730 1539,753 1331,711 1248,749 1095,712 991,729"/>
                <Baseline points="995,776 1035,772 1075,770 1115,768 1156,767 1196,767 1236,767 1276,768 1317,768 1357,771 1397,773 1437,774 1478,777 1518,779 1558,782 1598,783 1639,786 1679,789 1719,792 1759,794 1800,795"/>
                <TextEquiv>
                    <Unicode>sy hersfrouww zu Marzelen exammer</Unicode>
                </TextEquiv>
            </TextLine>
            <TextLine id="r2l11" custom="readingOrder {index:10;}">
                <Coords points="980,853 1095,839 1301,869 1501,833 1665,891 1709,866 1811,883 1812,837 1697,836 1649,802 1477,822 1304,808 1211,769 1079,813 982,780"/>
                <Baseline points="987,837 1030,837 1073,839 1116,839 1159,839 1202,839 1245,839 1288,840 1331,840 1374,842 1418,842 1461,843 1504,845 1547,846 1590,849 1633,851 1676,855 1719,858 1762,862 1806,867"/>
                <TextEquiv>
                    <Unicode>unnd anzuheygen vermandt worden, was</Unicode>
                </TextEquiv>
            </TextLine>
            <TextLine id="r2l12" custom="readingOrder {index:11;}">
                <Coords points="978,931 1192,905 1286,941 1454,912 1587,940 1654,916 1803,951 1804,880 1732,872 1642,898 1574,873 1429,892 1392,858 1294,891 979,866"/>
                <Baseline points="984,908 1024,909 1065,911 1105,911 1146,912 1187,912 1227,912 1268,912 1309,912 1349,912 1390,912 1431,912 1471,914 1512,914 1553,915 1593,917 1634,918 1675,921 1715,923 1756,926 1797,930"/>
                <TextEquiv>
                    <Unicode>sy bidebenluth hin, v nnd wider entragen</Unicode>
                </TextEquiv>
            </TextLine>
            <TextLine id="r2l13" custom="readingOrder {index:12;}">
                <Coords points="984,983 1062,978 1098,1001 1158,981 1187,1003 1228,991 1272,1009 1320,984 1320,944 1302,937 1269,954 1225,954 1195,925 1167,945 1127,929 1040,931 1016,942 984,928"/>
                <Baseline points="990,974 1017,975 1044,975 1071,975 1098,975 1125,975 1152,975 1179,974 1206,974 1233,974 1260,975 1287,975 1314,977"/>
                <TextEquiv>
                    <Unicode>unnd anthruwet</Unicode>
                </TextEquiv>
            </TextLine>
            <TextLine id="r2l14" custom="readingOrder {index:13;}">
                <Coords points="920,1119 1069,1079 1135,1106 1246,1077 1422,1100 1799,1082 1799,1022 1717,1011 1660,1045 1548,1019 1420,1056 1091,1041 982,991 919,1009"/>
                <Baseline points="926,1088 969,1085 1012,1083 1056,1082 1099,1081 1142,1080 1186,1079 1229,1077 1272,1077 1316,1076 1359,1076 1402,1076 1446,1075 1489,1074 1532,1074 1576,1074 1619,1074 1662,1074 1706,1076 1749,1076 1793,1076"/>
                <TextEquiv>
                    <Unicode>Die sind, wede wenig noch vil bekandt,</Unicode>
                </TextEquiv>
            </TextLine>
            <TextLine id="r2l15" custom="readingOrder {index:14;}">
                <Coords points="990,1144 1199,1160 1253,1187 1288,1157 1345,1170 1426,1143 1560,1190 1623,1146 1767,1139 1767,1103 1736,1093 1696,1118 1556,1088 1502,1121 1346,1093 1162,1116 1104,1089 990,1099"/>
                <Baseline points="996,1139 1034,1140 1072,1141 1110,1143 1149,1143 1187,1145 1225,1145 1263,1145 1302,1145 1340,1145 1378,1145 1416,1145 1455,1143 1493,1143 1531,1142 1569,1142 1608,1140 1646,1140 1684,1139 1722,1137 1761,1137"/>
                <TextEquiv>
                    <Unicode>lich, das sy sich vrmehe gstalt mit</Unicode>
                </TextEquiv>
            </TextLine>
            <TextLine id="r2l16" custom="readingOrder {index:15;}">
                <Coords points="983,1227 1090,1203 1106,1220 1152,1210 1203,1233 1255,1210 1282,1232 1308,1226 1343,1259 1409,1228 1409,1170 1382,1163 1332,1183 1288,1159 1249,1187 1178,1158 1128,1178 1083,1158 983,1158"/>
                <Baseline points="989,1212 1014,1210 1040,1209 1066,1208 1092,1206 1118,1206 1144,1206 1170,1206 1196,1208 1221,1208 1247,1208 1273,1209 1299,1209 1325,1209 1351,1209 1377,1208 1403,1208"/>
                <TextEquiv>
                    <Unicode>Diebstalen vergriffen</Unicode>
                </TextEquiv>
            </TextLine>
            <TextLine id="r2l17" custom="readingOrder {index:16;} person {offset:24; length:9;}">
                <Coords points="986,1343 1183,1354 1344,1325 1399,1347 1556,1315 1808,1341 1816,1258 1739,1248 1682,1294 1604,1273 1412,1304 1126,1291 1067,1262 985,1280"/>
                <Baseline points="992,1328 1035,1328 1078,1329 1121,1329 1164,1329 1207,1329 1250,1329 1293,1328 1336,1328 1379,1327 1423,1326 1466,1325 1509,1325 1552,1323 1595,1322 1638,1320 1681,1319 1724,1317 1767,1316 1811,1313"/>
                <TextEquiv>
                    <Unicode>Alley vermeddet gesagte Anna Gale</Unicode>
                </TextEquiv>
            </TextLine>
            <TextLine id="r2l18" custom="readingOrder {index:17;}">
                <Coords points="1017,1425 1060,1433 1113,1397 1252,1419 1295,1390 1461,1390 1574,1419 1805,1387 1804,1351 1726,1336 1650,1363 1557,1338 1503,1366 1438,1324 1379,1369 1315,1339 1214,1367 1016,1347"/>
                <Baseline points="1022,1394 1060,1394 1099,1392 1138,1392 1177,1392 1216,1392 1255,1392 1293,1392 1332,1392 1371,1391 1410,1391 1449,1391 1488,1389 1527,1389 1565,1388 1604,1387 1643,1385 1682,1383 1721,1381 1760,1378 1799,1376"/>
                <TextEquiv>
                    <Unicode>hn, das sy vor etwas Jaren dem</Unicode>
                </TextEquiv>
            </TextLine>
            <TextLine id="r2l19" custom="readingOrder {index:18;} place {offset:12; length:9;}">
                <Coords points="1014,1471 1169,1444 1294,1492 1345,1457 1447,1489 1490,1453 1618,1476 1709,1453 1762,1483 1808,1471 1807,1386 1651,1427 1460,1389 1013,1426"/>
                <Baseline points="1019,1448 1058,1449 1097,1450 1136,1451 1175,1451 1214,1452 1253,1452 1293,1452 1332,1452 1371,1451 1410,1451 1449,1451 1488,1451 1527,1449 1567,1449 1606,1449 1645,1448 1684,1447 1723,1446 1762,1446 1802,1445"/>
                <TextEquiv>
                    <Unicode>prednant zu Vrspubach ehwas thucht</Unicode>
                </TextEquiv>
            </TextLine>
            <TextLine id="r2l20" custom="readingOrder {index:19;}">
                <Coords points="1036,1554 1269,1518 1382,1550 1420,1512 1730,1524 1808,1506 1808,1471 1748,1482 1706,1453 1621,1478 1586,1458 1432,1492 1362,1467 1294,1493 1186,1491 1142,1451 1035,1466"/>
                <Baseline points="1041,1515 1079,1515 1117,1514 1155,1514 1193,1514 1231,1514 1269,1514 1307,1514 1345,1514 1383,1514 1421,1514 1459,1514 1497,1514 1535,1513 1573,1512 1611,1512 1649,1511 1687,1509 1725,1509 1763,1507 1802,1505"/>
                <TextEquiv>
                    <Unicode>enzuck, welches ab e zu herren</Unicode>
                </TextEquiv>
            </TextLine>
            <TextLine id="r2l21" custom="readingOrder {index:20;}">
                <Coords points="1023,1623 1098,1625 1162,1589 1257,1587 1292,1566 1365,1591 1472,1583 1472,1522 1407,1550 1366,1541 1289,1555 1269,1538 1178,1557 1133,1534 1023,1551"/>
                <Baseline points="1029,1578 1054,1577 1080,1577 1106,1577 1131,1577 1157,1577 1183,1577 1208,1577 1234,1577 1260,1577 1286,1577 1311,1577 1337,1577 1363,1577 1388,1577 1414,1575 1440,1575 1466,1574"/>
                <TextEquiv>
                    <Unicode>resatiert word</Unicode>
                </TextEquiv>
            </TextLine>
            <TextLine id="r2l22" custom="readingOrder {index:21;} person {offset:0; length:9;}">
                <Coords points="1008,1742 1249,1720 1298,1755 1362,1719 1431,1742 1528,1718 1781,1726 1780,1669 1655,1690 1606,1656 1405,1630 1260,1659 1065,1629 1007,1654"/>
                <Baseline points="1013,1721 1051,1721 1089,1721 1127,1721 1165,1719 1203,1719 1241,1719 1279,1719 1317,1718 1355,1718 1394,1718 1432,1718 1470,1716 1508,1716 1546,1716 1584,1716 1622,1715 1660,1715 1698,1715 1736,1715 1775,1715"/>
                <TextEquiv>
                    <Unicode>Hans Godt ist erstlich lar darnach</Unicode>
                </TextEquiv>
            </TextLine>
            <TextLine id="r2l23" custom="readingOrder {index:22;}">
                <Coords points="1044,1790 1308,1772 1393,1797 1593,1770 1735,1803 1800,1790 1800,1732 1417,1733 1375,1758 1298,1757 1243,1719 1043,1738"/>
                <Baseline points="1050,1776 1087,1775 1124,1775 1161,1775 1198,1775 1236,1775 1273,1775 1310,1775 1347,1775 1384,1776 1422,1776 1459,1776 1496,1776 1533,1776 1570,1776 1608,1775 1645,1775 1682,1773 1719,1773 1756,1772 1794,1770"/>
                <TextEquiv>
                    <Unicode>mit dem kleynen vnd Cetschlich mit</Unicode>
                </TextEquiv>
            </TextLine>
            <TextLine id="r2l24" custom="readingOrder {index:23;}">
                <Coords points="1047,1850 1120,1875 1241,1824 1280,1850 1346,1834 1376,1858 1547,1824 1605,1858 1704,1853 1704,1800 1594,1769 1492,1810 1443,1788 1412,1812 1308,1773 1160,1802 1134,1779 1098,1805 1047,1788"/>
                <Baseline points="1053,1833 1085,1832 1117,1830 1149,1830 1182,1830 1214,1829 1246,1829 1278,1830 1311,1830 1343,1830 1375,1832 1407,1832 1440,1832 1472,1833 1504,1833 1536,1833 1569,1833 1601,1833 1633,1833 1665,1833 1698,1832"/>
                <TextEquiv>
                    <Unicode>den zweyen kleynsten strynd ufzogen.</Unicode>
                </TextEquiv>
            </TextLine>
            <TextLine id="r2l25" custom="readingOrder {index:24;}">
                <Coords points="1037,1934 1072,1917 1140,1946 1208,1903 1797,1919 1811,1842 1700,1875 1637,1855 1484,1869 1430,1836 1356,1879 1151,1854 1091,1886 1037,1874"/>
                <Baseline points="1043,1907 1081,1905 1119,1904 1157,1903 1195,1902 1233,1902 1271,1902 1309,1901 1347,1902 1385,1902 1424,1902 1462,1902 1500,1902 1538,1902 1576,1902 1614,1902 1652,1902 1690,1902 1728,1902 1766,1901 1805,1899"/>
                <TextEquiv>
                    <Unicode>dyn frouw aber mit dem Tnngsen</Unicode>
                </TextEquiv>
            </TextLine>
            <TextLine id="r2l26" custom="readingOrder {index:25;}">
                <Coords points="1425,1977 1438,1975 1443,1970 1452,1970 1452,1927 1443,1926 1438,1931 1425,1930"/>
                <Baseline points="1431,1952 1446,1952"/>
                <TextEquiv>
                    <Unicode></Unicode>
                </TextEquiv>
            </TextLine>
            <TextLine id="r2l27" custom="readingOrder {index:26;}">
                <Coords points="1055,1972 1077,1976 1094,1962 1136,1966 1148,1976 1179,1965 1190,1976 1225,1959 1252,1972 1252,1923 1237,1921 1218,1938 1184,1918 1142,1945 1104,1924 1055,1939"/>
                <Baseline points="1061,1959 1087,1959 1114,1958 1140,1958 1167,1956 1193,1956 1220,1958 1247,1959"/>
                <TextEquiv>
                    <Unicode>gemachet</Unicode>
                </TextEquiv>
            </TextLine>
            <TextLine id="r2l28" custom="readingOrder {index:27;}">
                <Coords points="1032,2059 1564,2031 1658,2067 1764,2033 1764,2006 1710,1974 1564,1956 1515,1988 1415,1974 1310,1995 1278,1973 1125,1992 1030,1966"/>
                <Baseline points="1037,2031 1073,2033 1109,2034 1145,2034 1181,2034 1217,2034 1253,2034 1289,2033 1325,2033 1361,2031 1397,2030 1433,2030 1469,2028 1505,2027 1541,2027 1577,2025 1613,2025 1649,2025 1685,2025 1721,2027 1758,2028"/>
                <TextEquiv>
                    <Unicode>besagte rodt uff 27 julii 1602</Unicode>
                </TextEquiv>
            </TextLine>
            <TextLine id="r2l29" custom="readingOrder {index:28;}">
                <Coords points="1066,2096 1250,2109 1397,2086 1586,2116 1656,2087 1736,2111 1850,2079 1850,2040 1657,2066 1489,2038 1416,2065 1338,2042 1266,2071 1214,2043 1140,2075 1065,2067"/>
                <Baseline points="1071,2091 1109,2091 1148,2091 1187,2091 1225,2091 1264,2091 1303,2091 1341,2091 1380,2091 1419,2091 1458,2091 1496,2091 1535,2091 1574,2090 1612,2090 1651,2088 1690,2087 1728,2086 1767,2084 1806,2082 1845,2081"/>
                <TextEquiv>
                    <Unicode>abemalen, mit 3 steynen, so 2 denta</Unicode>
                </TextEquiv>
            </TextLine>
            <TextLine id="r2l30" custom="readingOrder {index:29;}">
                <Coords points="1077,2178 1139,2186 1203,2157 1315,2194 1553,2139 1665,2163 1664,2120 1617,2099 1593,2116 1443,2096 1369,2118 1329,2091 1258,2116 1233,2100 1206,2121 1142,2102 1076,2117"/>
                <Baseline points="1083,2139 1111,2144 1140,2147 1169,2150 1198,2151 1227,2151 1255,2151 1284,2151 1313,2150 1342,2148 1371,2147 1399,2146 1428,2144 1457,2142 1486,2141 1515,2139 1543,2139 1572,2139 1601,2139 1630,2141 1659,2142"/>
                <TextEquiv>
                    <Unicode>wägend ufzogen worden</Unicode>
                </TextEquiv>
            </TextLine>
            <TextLine id="r2l31" custom="readingOrder {index:30;} person {offset:0; length:10;}">
                <Coords points="1029,2350 1378,2325 1462,2372 1522,2333 1784,2358 1836,2332 1806,2272 1674,2278 1610,2235 1393,2302 1324,2259 1139,2280 1031,2226"/>
                <Baseline points="1035,2325 1074,2324 1114,2322 1154,2322 1194,2323 1233,2324 1273,2325 1313,2325 1353,2327 1392,2328 1432,2330 1472,2331 1512,2333 1551,2334 1591,2336 1631,2336 1671,2336 1710,2336 1750,2336 1790,2334 1830,2333"/>
                <TextEquiv>
                    <Unicode>Hanns Rodt unnd syn husfrouw sein</Unicode>
                </TextEquiv>
            </TextLine>
            <TextLine id="r2l32" custom="readingOrder {index:31;}">
                <Coords points="1067,2385 1272,2409 1321,2386 1509,2391 1788,2429 1837,2423 1840,2330 1797,2359 1609,2345 1520,2376 1465,2375 1426,2336 1068,2347"/>
                <Baseline points="1073,2382 1112,2382 1152,2382 1192,2382 1232,2384 1272,2385 1312,2386 1352,2387 1392,2390 1432,2391 1472,2393 1512,2394 1552,2396 1592,2397 1632,2399 1672,2399 1712,2400 1752,2399 1792,2399 1832,2397"/>
                <TextEquiv>
                    <Unicode>off 25 julii 1602 mit dem syd uß</Unicode>
                </TextEquiv>
            </TextLine>
            <TextLine id="r2l33" custom="readingOrder {index:32;}">
                <Coords points="1084,2449 1120,2471 1315,2447 1416,2472 1483,2450 1517,2476 1819,2479 1822,2425 1722,2421 1678,2445 1572,2404 1474,2426 1321,2387 1277,2411 1196,2386 1154,2412 1087,2403"/>
                <Baseline points="1091,2435 1127,2435 1163,2436 1199,2436 1235,2439 1271,2440 1307,2442 1344,2443 1380,2445 1416,2447 1452,2450 1488,2452 1524,2453 1560,2456 1597,2457 1633,2459 1669,2461 1705,2463 1741,2464 1777,2465 1814,2466"/>
                <TextEquiv>
                    <Unicode>myne g s unnd oberen stetten land</Unicode>
                </TextEquiv>
            </TextLine>
            <TextLine id="r2l34" custom="readingOrder {index:33;}">
                <Coords points="1067,2526 1139,2507 1165,2530 1258,2502 1386,2519 1446,2560 1515,2523 1654,2535 1678,2559 1692,2473 1461,2493 1354,2460 1289,2473 1228,2450 1127,2472 1071,2456"/>
                <Baseline points="1074,2496 1104,2496 1134,2498 1165,2499 1195,2501 1226,2501 1256,2502 1287,2504 1317,2504 1348,2505 1378,2507 1408,2508 1439,2510 1469,2511 1500,2514 1530,2517 1561,2520 1591,2523 1622,2526 1652,2530 1683,2535"/>
                <TextEquiv>
                    <Unicode>unnd gepieten verwisen worden</Unicode>
                </TextEquiv>
            </TextLine>
            <TextEquiv>
                <Unicode>ans Rodt vnd Ann Saley
ey fronei
ale
uff 26 jali 1602 jars innbysy
Her Dillies deß Ghals, dano Eschan
dar Burgeren unnd vnrhans von Mëlmen
Großwebels. Ist
Hanns Godt der Krame von Colofred by
Genff unnd Anna Galy von Leydnn
sy hersfrouww zu Marzelen exammer
unnd anzuheygen vermandt worden, was
sy bidebenluth hin, v nnd wider entragen
unnd anthruwet
Die sind, wede wenig noch vil bekandt,
lich, das sy sich vrmehe gstalt mit
Diebstalen vergriffen
Alley vermeddet gesagte Anna Gale
hn, das sy vor etwas Jaren dem
prednant zu Vrspubach ehwas thucht
enzuck, welches ab e zu herren
resatiert word
Hans Godt ist erstlich lar darnach
mit dem kleynen vnd Cetschlich mit
den zweyen kleynsten strynd ufzogen.
dyn frouw aber mit dem Tnngsen

gemachet
besagte rodt uff 27 julii 1602
abemalen, mit 3 steynen, so 2 denta
wägend ufzogen worden
Hanns Rodt unnd syn husfrouw sein
off 25 julii 1602 mit dem syd uß
myne g s unnd oberen stetten land
unnd gepieten verwisen worden</Unicode>
            </TextEquiv>
        </TextRegion>
        <TextRegion orientation="0.0" id="r3" custom="readingOrder {index:2;}">
            <Coords points="1856,70 1856,2339 2886,2339 2886,70"/>
            <TextLine id="r3l1" custom="readingOrder {index:0;}">
                <Coords points="2711,121 2722,118 2734,124 2748,116 2759,114 2759,49 2749,50 2746,46 2741,46 2730,40 2728,43 2722,39 2711,42"/>
                <Baseline points="2717,99 2753,99"/>
                <TextEquiv>
                    <Unicode>55</Unicode>
                </TextEquiv>
            </TextLine>
            <TextLine id="r3l2" custom="readingOrder {index:1;} person {offset:2; length:11; continued:true;}">
                <Coords points="1956,336 2285,255 2520,236 2566,203 2555,146 2518,145 2476,186 2406,164 2357,209 2287,216 2189,175 2101,224 2045,239 1983,217 1941,250"/>
                <Baseline points="1959,318 1989,312 2019,306 2049,300 2079,293 2109,286 2139,281 2169,275 2199,269 2229,264 2260,258 2290,253 2320,248 2350,242 2380,237 2410,233 2440,228 2470,222 2500,218 2530,213 2561,209"/>
                <TextEquiv>
                    <Unicode>A Mulleordenb</Unicode>
                </TextEquiv>
            </TextLine>
            <TextLine id="r3l3" custom="readingOrder {index:2;} person {offset:0; length:8; continued:true;}">
                <Coords points="2033,410 2104,389 2142,359 2226,378 2335,316 2359,325 2391,305 2462,299 2465,254 2416,244 2388,265 2241,301 2189,275 2144,303 2092,314 2069,299 2017,320"/>
                <Baseline points="2031,366 2056,361 2082,357 2107,351 2133,346 2158,342 2184,336 2209,332 2235,328 2260,324 2286,319 2311,315 2337,310 2362,306 2388,301 2413,297 2439,293 2465,288"/>
                <TextEquiv>
                    <Unicode>Frybuger gevite</Unicode>
                </TextEquiv>
            </TextLine>
            <TextLine id="r3l4" custom="readingOrder {index:3;}">
                <Coords points="1854,361 1860,360 1879,336 1891,333 1896,335 1906,330 1914,336 1923,333 1913,264 1903,270 1895,265 1877,284 1867,285 1855,297 1845,298"/>
                <Baseline points="1856,332 1886,329 1916,323"/>
                <TextEquiv>
                    <Unicode>190</Unicode>
                </TextEquiv>
            </TextLine>
            <TextLine id="r3l5" custom="readingOrder {index:4;}">
                <Coords points="2412,412 2421,410 2433,417 2435,414 2448,412 2461,399 2467,403 2488,401 2485,369 2471,370 2449,353 2441,360 2430,360 2422,356 2417,360 2408,361"/>
                <Baseline points="2418,402 2449,396 2481,396"/>
                <TextEquiv>
                    <Unicode>A</Unicode>
                </TextEquiv>
            </TextLine>
            <TextLine id="r3l6" custom="readingOrder {index:5;}">
                <Coords points="1877,575 1915,541 2093,528 2135,490 2356,457 2410,476 2669,397 2768,404 2768,358 2642,331 2601,374 2511,375 2452,419 1985,442 1862,487"/>
                <Baseline points="1878,549 1922,536 1967,524 2011,513 2056,503 2100,494 2145,484 2189,477 2234,470 2278,463 2323,457 2367,451 2412,445 2456,439 2501,434 2545,427 2590,421 2634,415 2679,408 2723,401 2768,393"/>
                <TextEquiv>
                    <Unicode>Wes julii Hinfließenndts 1602 jars im</Unicode>
                </TextEquiv>
            </TextLine>
            <TextLine id="r3l7" custom="readingOrder {index:6;}">
                <Coords points="2750,508 2756,509 2765,507 2772,502 2782,501 2793,514 2801,517 2805,514 2812,515 2817,477 2790,477 2787,481 2782,478 2771,463 2766,461 2762,464 2755,464"/>
                <Baseline points="2757,497 2782,501 2808,503"/>
                <TextEquiv>
                    <Unicode>2a</Unicode>
                </TextEquiv>
            </TextLine>
            <TextLine id="r3l8" custom="readingOrder {index:7;}">
                <Coords points="1893,628 2083,558 2173,566 2387,507 2426,532 2509,490 2775,462 2763,388 2554,433 2522,466 2148,491 2107,536 1954,535 1885,578"/>
                <Baseline points="1895,605 1938,594 1982,583 2025,573 2069,565 2113,555 2156,547 2200,538 2244,530 2287,523 2331,516 2375,509 2418,502 2462,496 2506,488 2549,482 2593,477 2637,471 2680,465 2724,458 2768,452"/>
                <TextEquiv>
                    <Unicode>bywësenn, annthören unnd gegenwirt igkei</Unicode>
                </TextEquiv>
            </TextLine>
            <TextLine id="r3l9" custom="readingOrder {index:8;}">
                <Coords points="1882,693 1998,650 2102,689 2176,619 2275,597 2388,626 2474,568 2749,553 2756,457 2626,496 2516,489 2425,532 2386,508 2302,565 2102,558 1874,640"/>
                <Baseline points="1886,677 1929,666 1973,654 2017,644 2061,634 2105,625 2148,616 2192,607 2236,598 2280,591 2324,583 2367,577 2411,571 2455,564 2499,559 2543,554 2586,549 2630,545 2674,541 2718,537 2762,534"/>
                <TextEquiv>
                    <Unicode>der krommen finnemmenn ersammen Wysen h</Unicode>
                </TextEquiv>
            </TextLine>
            <TextLine id="r3l10" custom="readingOrder {index:9;} person {offset:0; length:12;} person {offset:24; length:16;}">
                <Coords points="1879,751 2078,712 2149,740 2209,692 2341,664 2773,628 2767,584 2591,546 2455,621 2385,627 2330,594 2291,630 2172,625 2100,687 1978,655 1873,709"/>
                <Baseline points="1883,743 1927,733 1971,724 2015,715 2059,706 2103,699 2147,690 2191,684 2235,677 2279,670 2324,665 2368,658 2412,651 2456,647 2500,642 2544,636 2588,633 2632,628 2676,624 2720,620 2765,617"/>
                <TextEquiv>
                    <Unicode>danb Dielers deß Thats, vnrentz Holtzern</Unicode>
                </TextEquiv>
            </TextLine>
            <TextLine id="r3l11" custom="readingOrder {index:10;} organization {offset:4; length:9;} person {offset:14; length:18;}">
                <Coords points="1905,812 2733,694 2791,731 2842,707 2834,640 2722,620 2574,690 2292,674 2151,742 2014,723 1899,762"/>
                <Baseline points="1910,801 1956,794 2002,786 2048,779 2094,771 2141,765 2187,759 2233,752 2279,746 2325,740 2372,733 2418,728 2464,723 2510,717 2556,712 2603,708 2649,702 2695,699 2741,695 2787,691 2834,687"/>
                <TextEquiv>
                    <Unicode>der Burgerenn siclans von Mülmen groß</Unicode>
                </TextEquiv>
            </TextLine>
            <TextLine id="r3l12" custom="readingOrder {index:11;}">
                <Coords points="1891,876 2796,762 2782,725 2587,757 2427,727 1885,829"/>
                <Baseline points="1895,866 1939,859 1984,851 2029,845 2073,838 2118,832 2163,827 2207,821 2252,816 2297,811 2342,806 2386,801 2431,798 2476,793 2520,788 2565,784 2610,778 2654,773 2699,768 2744,761 2789,755"/>
                <TextEquiv>
                    <Unicode>wybels sampt etlichen weyblen meyner</Unicode>
                </TextEquiv>
            </TextLine>
            <TextLine id="r3l13" custom="readingOrder {index:12;}">
                <Coords points="1897,963 2085,935 2123,898 2264,909 2514,862 2600,897 2781,830 2843,844 2838,802 2701,773 2289,860 2189,822 2134,860 2093,839 1888,876"/>
                <Baseline points="1899,924 1945,918 1992,912 2039,905 2086,899 2132,894 2179,888 2226,881 2273,876 2319,870 2366,866 2413,859 2460,855 2506,850 2553,846 2600,841 2647,837 2693,834 2740,831 2787,828 2834,825"/>
                <TextEquiv>
                    <Unicode>gnädiges Herrnn vnnd Oberen diser Copp¬</Unicode>
                </TextEquiv>
            </TextLine>
            <TextLine id="r3l14" custom="readingOrder {index:13;}">
                <Coords points="1900,1000 1917,995 1950,1017 1980,991 2005,1006 2077,989 2130,1007 2155,974 2206,979 2278,944 2301,950 2297,914 2212,928 2174,905 2128,934 2100,924 2056,937 2030,925 1974,955 1930,940 1895,967"/>
                <Baseline points="1905,990 1930,987 1956,983 1982,979 2008,974 2034,970 2060,965 2086,961 2112,958 2138,953 2164,950 2190,947 2216,944 2242,941 2268,939 2294,938"/>
                <TextEquiv>
                    <Unicode>Lichen Statts Barnn</Unicode>
                </TextEquiv>
            </TextLine>
            <TextLine id="r3l15" custom="readingOrder {index:14;} person {offset:5; length:12;} place {offset:27; length:8;}">
                <Coords points="1876,1104 2292,1052 2363,1090 2406,1062 2458,1084 2615,1020 2671,1052 2735,1008 2732,974 2512,982 2427,1016 2385,989 2260,1020 2217,999 2157,1029 2099,1001 1873,1074"/>
                <Baseline points="1881,1101 1923,1093 1965,1085 2008,1078 2050,1072 2093,1066 2135,1062 2177,1059 2220,1055 2262,1052 2305,1050 2347,1047 2389,1044 2432,1041 2474,1038 2517,1034 2559,1031 2601,1026 2644,1022 2686,1016 2729,1008"/>
                <TextEquiv>
                    <Unicode>gatt Gladi Müller vog Rüch frybenge</Unicode>
                </TextEquiv>
            </TextLine>
            <TextLine id="r3l16" custom="readingOrder {index:15;} place {offset:8; length:7;}">
                <Coords points="1914,1191 2058,1186 2157,1137 2253,1168 2485,1101 2772,1090 2781,1011 2727,1008 2681,1056 2576,1027 2435,1087 2296,1053 2166,1103 2045,1085 1909,1136"/>
                <Baseline points="1917,1158 1960,1151 2003,1145 2046,1140 2089,1135 2132,1131 2175,1127 2219,1123 2262,1119 2305,1116 2348,1112 2391,1109 2434,1106 2477,1102 2521,1098 2564,1095 2607,1090 2650,1086 2693,1082 2736,1076 2780,1070"/>
                <TextEquiv>
                    <Unicode>prts zu Marzili Benlich bekennd</Unicode>
                </TextEquiv>
            </TextLine>
            <TextLine id="r3l17" custom="readingOrder {index:16;}">
                <Coords points="1896,1248 1954,1240 1979,1226 2026,1242 2046,1226 2082,1248 2121,1223 2167,1238 2163,1188 2056,1199 2015,1190 1957,1203 1930,1192 1893,1203"/>
                <Baseline points="1902,1236 1927,1231 1953,1226 1979,1223 2004,1221 2030,1218 2056,1217 2081,1217 2107,1215 2133,1215 2159,1214"/>
                <TextEquiv>
                    <Unicode>vnd veriachenn</Unicode>
                </TextEquiv>
            </TextLine>
            <TextLine id="r3l18" custom="readingOrder {index:17;}">
                <Coords points="1885,1379 2002,1403 2040,1368 2206,1347 2518,1370 2586,1338 2677,1377 2740,1329 2819,1363 2820,1286 2688,1263 2606,1302 2433,1281 1938,1339 1881,1308"/>
                <Baseline points="1890,1373 1936,1370 1982,1365 2028,1362 2075,1359 2121,1356 2167,1352 2214,1350 2260,1347 2306,1345 2353,1343 2399,1340 2445,1338 2491,1337 2538,1334 2584,1332 2630,1331 2677,1329 2723,1328 2769,1326 2816,1325"/>
                <TextEquiv>
                    <Unicode>Erstlichenn habe er mitt hilff syner gsellen</Unicode>
                </TextEquiv>
            </TextLine>
            <TextLine id="r3l19" custom="readingOrder {index:18;} person {offset:11; length:14;}">
                <Coords points="1913,1445 2793,1403 2792,1369 2431,1354 2215,1385 2149,1364 2003,1412 1960,1380 1910,1388"/>
                <Baseline points="1919,1436 1962,1433 2005,1431 2049,1428 2092,1425 2136,1423 2179,1420 2222,1417 2266,1415 2309,1412 2353,1410 2396,1407 2439,1405 2483,1403 2526,1401 2570,1400 2613,1398 2656,1397 2700,1396 2743,1395 2787,1395"/>
                <TextEquiv>
                    <Unicode>da der enn Johan Vnbicein, vnnd der ander</Unicode>
                </TextEquiv>
            </TextLine>
            <TextLine id="r3l20" custom="readingOrder {index:19;} person {offset:0; length:11;} place {offset:31; length:12;}">
                <Coords points="1908,1519 2795,1470 2865,1458 2863,1405 2771,1439 2713,1397 2643,1436 2565,1412 2260,1461 2124,1426 2005,1463 1905,1452"/>
                <Baseline points="1913,1496 1960,1494 2007,1493 2054,1491 2102,1488 2149,1487 2196,1484 2244,1482 2291,1479 2338,1476 2386,1473 2433,1471 2480,1469 2527,1466 2575,1463 2622,1461 2669,1460 2717,1458 2764,1457 2811,1455 2859,1455"/>
                <TextEquiv>
                    <Unicode>Hanns Geörg (so ouch alher von Trachselwald</Unicode>
                </TextEquiv>
            </TextLine>
            <TextLine id="r3l21" custom="readingOrder {index:20;}">
                <Coords points="2136,1539 2145,1538 2149,1533 2157,1530 2159,1527 2165,1528 2168,1532 2178,1531 2178,1497 2172,1497 2164,1503 2160,1502 2148,1513 2136,1511"/>
                <Baseline points="2142,1524 2172,1524"/>
                <TextEquiv>
                    <Unicode>gar</Unicode>
                </TextEquiv>
            </TextLine>
            <TextLine id="r3l22" custom="readingOrder {index:21;}">
                <Coords points="1918,1607 2048,1561 2171,1584 2387,1544 2489,1581 2752,1541 2749,1479 2712,1466 2550,1510 2469,1484 2349,1518 2232,1494 2137,1538 2038,1495 1988,1531 1914,1523"/>
                <Baseline points="1922,1559 1963,1559 2004,1559 2045,1557 2086,1556 2127,1554 2168,1554 2210,1552 2251,1550 2292,1548 2333,1546 2374,1543 2415,1541 2456,1539 2498,1537 2539,1535 2580,1534 2621,1533 2662,1531 2703,1530 2745,1530"/>
                <TextEquiv>
                    <Unicode>gefencklich geschickt worden heyße zu</Unicode>
                </TextEquiv>
            </TextLine>
            <TextLine id="r3l23" custom="readingOrder {index:22;} place {offset:0; length:9;}">
                <Coords points="1912,1661 2436,1619 2655,1644 2850,1611 2848,1560 2735,1539 2653,1586 2573,1591 2529,1558 2208,1609 2046,1575 1951,1610 1909,1588"/>
                <Baseline points="1917,1632 1963,1632 2009,1632 2055,1632 2102,1631 2148,1630 2194,1629 2241,1628 2287,1625 2333,1623 2380,1621 2426,1619 2472,1617 2518,1616 2565,1613 2611,1611 2657,1608 2704,1607 2750,1605 2796,1604 2843,1602"/>
                <TextEquiv>
                    <Unicode>Heiniswyl mitt yynem spitzigen ysein</Unicode>
                </TextEquiv>
            </TextLine>
            <TextLine id="r3l24" custom="readingOrder {index:23;}">
                <Coords points="1922,1723 2105,1704 2186,1738 2319,1693 2429,1719 2534,1689 2821,1688 2799,1650 2490,1648 2459,1623 2326,1660 1921,1663"/>
                <Baseline points="1928,1698 1972,1700 2016,1700 2060,1700 2105,1698 2149,1698 2193,1697 2238,1695 2282,1694 2326,1692 2371,1691 2415,1689 2459,1688 2503,1685 2548,1683 2592,1682 2636,1682 2681,1680 2725,1680 2769,1679 2814,1679"/>
                <TextEquiv>
                    <Unicode>yynn käller ufbröchenn unnd darns 20</Unicode>
                </TextEquiv>
            </TextLine>
            <TextLine id="r3l25" custom="readingOrder {index:24;}">
                <Coords points="1917,1808 2001,1772 2055,1795 2811,1773 2810,1723 2719,1696 2583,1739 2332,1693 2072,1748 1916,1722"/>
                <Baseline points="1922,1766 1966,1767 2010,1767 2054,1769 2098,1768 2142,1767 2186,1767 2231,1766 2275,1764 2319,1763 2363,1761 2407,1761 2451,1760 2495,1759 2540,1758 2584,1758 2628,1758 2672,1760 2716,1761 2760,1764 2805,1766"/>
                <TextEquiv>
                    <Unicode>so inn groben sortenn unnd muntz gsyn.</Unicode>
                </TextEquiv>
            </TextLine>
            <TextLine id="r3l26" custom="readingOrder {index:25;}">
                <Coords points="1928,1854 2330,1839 2426,1877 2509,1836 2791,1849 2855,1840 2855,1780 2758,1762 2704,1797 2600,1777 2486,1809 2434,1775 1928,1798"/>
                <Baseline points="1934,1835 1979,1834 2025,1833 2071,1832 2117,1832 2162,1832 2208,1832 2254,1832 2300,1832 2345,1832 2391,1832 2437,1832 2483,1832 2528,1832 2574,1832 2620,1832 2666,1832 2711,1832 2757,1832 2803,1830 2849,1830"/>
                <TextEquiv>
                    <Unicode>gestolenn. Dasnas er für synen theil fünff</Unicode>
                </TextEquiv>
            </TextLine>
            <TextLine id="r3l27" custom="readingOrder {index:26;}">
                <Coords points="1920,1909 1996,1903 2098,1942 2162,1912 2233,1942 2251,1924 2352,1921 2352,1874 2221,1866 2196,1843 2097,1884 2038,1883 1950,1843 1920,1857"/>
                <Baseline points="1926,1898 1952,1899 1978,1899 2004,1899 2031,1901 2057,1901 2083,1901 2109,1901 2136,1901 2162,1901 2188,1901 2214,1902 2241,1902 2267,1902 2293,1902 2319,1903 2346,1904"/>
                <TextEquiv>
                    <Unicode>kronen empfangenn.</Unicode>
                </TextEquiv>
            </TextLine>
            <TextLine id="r3l28" custom="readingOrder {index:27;} person {offset:0; length:14;}">
                <Coords points="1918,2145 2214,2179 2273,2152 2333,2184 2867,2159 2868,2122 2769,2105 2457,2130 2325,2091 2273,2125 2194,2087 2011,2122 1920,2074"/>
                <Baseline points="1925,2136 1971,2141 2018,2144 2065,2147 2112,2150 2159,2151 2205,2153 2252,2154 2299,2156 2346,2156 2393,2157 2439,2157 2486,2157 2533,2157 2580,2159 2627,2159 2673,2159 2720,2160 2767,2162 2814,2163 2861,2166"/>
                <TextEquiv>
                    <Unicode>Jchan Unlickin ist yn zimmliche lange us hat</Unicode>
                </TextEquiv>
            </TextLine>
            <TextLine id="r3l29" custom="readingOrder {index:28;}">
                <Coords points="1942,2222 2579,2211 2840,2246 2841,2176 2790,2193 2709,2159 2638,2191 2548,2168 2278,2193 2148,2153 1943,2179"/>
                <Baseline points="1949,2196 1993,2199 2037,2202 2081,2204 2126,2206 2170,2207 2214,2208 2258,2210 2303,2211 2347,2211 2391,2213 2435,2213 2480,2214 2524,2214 2568,2215 2612,2216 2657,2216 2701,2217 2745,2219 2789,2219 2834,2220"/>
                <TextEquiv>
                    <Unicode>wilchin hoten unnd es schwartz wanisel an</Unicode>
                </TextEquiv>
            </TextLine>
            <TextLine id="r3l30" custom="readingOrder {index:29;}">
                <Coords points="1931,2264 2306,2267 2435,2312 2732,2275 2825,2309 2892,2295 2894,2238 1932,2221"/>
                <Baseline points="1937,2252 1984,2253 2031,2256 2079,2258 2126,2261 2174,2263 2221,2265 2269,2268 2316,2270 2364,2271 2411,2273 2458,2274 2506,2276 2553,2277 2601,2277 2648,2279 2696,2279 2743,2279 2791,2279 2838,2279 2886,2277"/>
                <TextEquiv>
                    <Unicode>one bott tragt ouch sschlyffsteyn unnd zücht</Unicode>
                </TextEquiv>
            </TextLine>
            <TextLine id="r3l31" custom="readingOrder {index:30;}">
                <Coords points="1941,2334 2039,2346 2075,2337 2146,2345 2162,2334 2198,2360 2267,2336 2268,2283 2243,2276 2221,2286 2196,2269 2175,2279 2142,2267 2125,2279 2104,2265 2000,2294 1942,2292"/>
                <Baseline points="1947,2315 1973,2317 1999,2319 2025,2319 2051,2321 2077,2321 2104,2321 2130,2322 2156,2322 2182,2322 2208,2324 2234,2324 2261,2325"/>
                <TextEquiv>
                    <Unicode>sich sy thun zu</Unicode>
                </TextEquiv>
            </TextLine>
            <TextEquiv>
                <Unicode>55
A Mulleordenb
Frybuger gevite
190
A
Wes julii Hinfließenndts 1602 jars im
2a
bywësenn, annthören unnd gegenwirt igkei
der krommen finnemmenn ersammen Wysen h
danb Dielers deß Thats, vnrentz Holtzern
der Burgerenn siclans von Mülmen groß
wybels sampt etlichen weyblen meyner
gnädiges Herrnn vnnd Oberen diser Copp¬
Lichen Statts Barnn
gatt Gladi Müller vog Rüch frybenge
prts zu Marzili Benlich bekennd
vnd veriachenn
Erstlichenn habe er mitt hilff syner gsellen
da der enn Johan Vnbicein, vnnd der ander
Hanns Geörg (so ouch alher von Trachselwald
gar
gefencklich geschickt worden heyße zu
Heiniswyl mitt yynem spitzigen ysein
yynn käller ufbröchenn unnd darns 20
so inn groben sortenn unnd muntz gsyn.
gestolenn. Dasnas er für synen theil fünff
kronen empfangenn.
Jchan Unlickin ist yn zimmliche lange us hat
wilchin hoten unnd es schwartz wanisel an
one bott tragt ouch sschlyffsteyn unnd zücht
sich sy thun zu</Unicode>
            </TextEquiv>
        </TextRegion>
    </Page>
</PcGts>
