3024 4032
892 107 1011 195 146
978 1448 1015 1489 11
1171 191 1755 321 Dans Berrenon
1275 275 1621 383 der toüffer
970 445 1869 597 Ob glych wol Hans Buman von Beb¬
1015 548 1885 676 ligenn uß dem Wirtenberger landpürt
982 618 1862 721 eg, welcher schon hieuor denn 29 mey
986 689 1856 784 monats abgefloßnenn 1600 unnd uff
1007 729 1855 852 27 augstemh jangst abgelüffnen 160
994 795 1871 911 jahrs vonn der hoüffeischein vekan
977 867 1870 1004 isthenn decht wegenn, gefencklich yn
990 936 1870 1079 sogenn, syne prthumenn uß gotlicher
992 1029 1862 1138 Biblische gschrifft, alts unnd aines
1010 1112 1859 1219 bestaments gnugsam unnd gründtlich
1020 1172 1883 1310 widerlegt unnd vermanndt worden,
1042 1256 1840 1378 ich zu bekehrenn von synen faltschen
1023 1340 1891 1452 Ingebeldeten, vnnd vngegrunden Opi¬
1038 1410 1881 1518 monen abzustan. Die predigen als
1037 1484 1888 1597 ander guthantzige christgloübige zu
1040 1553 1858 1657 besuchen. In dem duch de frommenn
1036 1621 1879 1709 oberkeyt, so das schwardt unnd gwalt
1027 1676 1854 1762 vomn got empfangen abergloubenn,
1048 1743 1909 1843 unghorsamme unnd zertronnung ein warer
1026 1806 1871 1910 Resugid christenliche liebe unnd
1042 1865 1812 1969 lynigkeyt zu straffen und dargegen
1046 1921 1852 2037 das gut zu pflantzenn tc. genölgig,
1056 1988 1869 2093 unnder unndethänig zuson Ist doch
1040 2037 1876 2155 daßelb ig drrchen beyn mittel, was noch
1034 2116 1827 2233 wag an ime zueheben gewesenn.
1596 2235 1804 2329 Sonndes
1989 2252 2016 2339 11
2898 59 2995 119 250
1967 82 2858 315 sonnders dm chwar vrndnd un dek
2001 184 2875 376 einlich gredt worden, er by syne ge
1991 237 2856 467 faßetenn meynung verblyben unnd nit
2006 378 2391 499 sanh abfer wele
1995 360 2910 568 jedoch enntlichenn ore marte vnnd Cortur
2010 440 2896 610 ich dahin begabenn ann Eydtsstadt
2007 516 2912 706 zegelobene et hochgenampten mynen
2008 564 2939 747 9. s als yne grommen oberkeit, ouch dero
2000 649 2832 794 satzungenn kollicien ordnungen
1991 708 2958 863 unnd christenlichen manndaten gethrüwlich
1999 727 3010 922 ghorrsammen, die predigen deß worts gotter
2006 818 2974 982 besuchenn, die heiligen sacrament bes
2014 842 3013 1035 bruchen, ouch yn eyd thun welle bemelten
2008 930 3008 1094 vhoüffnische hort gantzlichen zenelaßen und
2033 1051 2449 1147 ich deo zu müßigen
1989 1078 2984 1224 Deßwegenn eß ann uff aner funm o banzog
2012 1149 2963 1292 eins 1600 jahrs, durch ir g diene, die
1990 1214 3011 1336 Weybel gann Schwaitzenburg gefürt worden.
2016 1292 2952 1418 daselcbst ann gepmrendem ort yn wider
2023 1344 2982 1484 ruff zuthun. Dennen er abe flüchtig
2020 1415 3015 1528 eintrunnen und syner gleyt ode zusageng
2019 1481 2812 1600 nitgethan gelept und nachkommen.
1982 1565 3031 1672 Daruf er abe harnach ergriffen yngelegt
2048 1616 3032 1736 unnd als vormalen uff gesagtem 27 augste
2029 1692 2976 1774 bemelts 1601 Jars alle noturfft nach
2044 1750 2925 1845 exammiet, vnnd dahin gebracht, das
2033 1807 2985 1924 er glopt unnd an Ehdtsstadt zugesag
2032 1872 2986 2000 sich syner irthunden gentzlichen zu entschlache
2009 1935 2918 2063 degstalt unnd maßen, wan er hinferro
2027 2014 3031 2147 veners jungesagte dert ergriffen werden
2011 2073 2925 2188 Ir gnaden Inne, nach synem wolne
2039 2138 3013 2253 dienen straffen sollind wie e dan zube
2038 2217 3033 2354 t�rtig ung deßselben uff 20 augsten est
2050 2277 2956 2390 anzogens jahrs am ehorgricht allhie
2026 2341 3011 2472 ihn uferhabnen eyd offentlichen gethon.
2567 2432 2907 2587 Dennabe
