3024 4032
815 451 962 542 wuchen
1021 224 1798 363 er habe zu Nuwenburg in Bryßgöüw sy
1019 304 1804 420 handtwerck gelernet unnd sihe demselbige
1019 355 1812 458 bißhar nachgangen unnd sich daniht erneret
1025 404 1791 502 habe auch mit einer oss Lueerner gepiet
1022 456 1819 563 vos ettwas zu Glyß in Wallischer land
1038 519 1792 615 hochoytt gehaltten, daselbst sye einer
1028 566 1812 657 zu imme genampt Joggli uß dem gppen
1034 625 1788 712 Suttes Landt sebben vbernahnen Int in
1029 667 1795 776 vergäs gestelt khommen unnd ime schut
1040 729 1803 823 begreben halften beredt, In dem pendt
1044 778 1797 870 sy mit ein anderen gan Schwartzenburg
1050 843 1835 911 gereiset, den wirtt daselbst beredt, das
1047 881 1821 976 es ihen in synem källen zugraben vere
1040 942 1818 1030 williget, Atls sy stum mit demselbige
1052 980 1811 1083 furgeschritten, Habe syn mittgshanden
1046 1049 1826 1145 wirtt anzoigt, Es were unmsiglich dera
1030 1089 1839 1193 schalz zefinden, wan sicyh nit uff die viert
1058 1143 1798 1239 stuck selben vnnd gofdt hatt vndt, das
1052 1201 1827 1283 habe Inen der wirtt zugestelt, demnach
1058 1247 1809 1338 habe der ander syn mit gsellen zallpfening
1068 1303 1827 1399 n die gruben gelegt unnd eyendt mit
1060 1349 1787 1448 dem galtt dauon geloffen, daruber
1048 1399 1822 1492 Inen der wirtt Nachgefolget, vnnd Inne
1063 1460 1831 1544 eryet, alles syn galtt Imme genommen,
1061 1499 1820 1579 des ander aber sye entrinnen. sunst
1060 1548 1833 1638 habe hier in rutzeit gehandtet dan allein
1071 1596 1820 1693 warzu inne syn mittgsell angewißen.
1060 1647 1847 1774 belanget die zallpfenningn unnd ettwas
1079 1728 1851 1825 faltschen galtt dos er in iihnes taschen, hatt
1066 1774 1848 1878 Ime daßelbigen syn gsell zugestelt unnd nit
1091 1820 1834 1920 inders vermeint, dan es sye gutt vnd
1078 1897 1272 1965 warschafft.
1079 1934 1824 2033 der schlangen halb, habe er dieselbige von
1085 1984 1851 2070 einer froüwen getriben, den nach beschworen
1080 2034 1832 2127 unnd keines boßin meinung nit by inne
1094 2074 1848 2159 getragen, sonders dieselbige wöllen laßen
1095 2119 1845 2216 wachsen, damit er Nachwartts das Schmallz
1097 2181 1847 2258 vor ira Remmen, vnnd die Artzugen vnnd
1091 2222 1828 2295 salben damit bereitten vnnd zurusten
1097 2282 1236 2338 köndte.
2717 43 2791 118 62
2001 109 2431 252 Sendic Hand
1870 142 2778 363 I sohttag den 17. septemubris diß 1632 Jarer Iet
1902 203 2838 407 sedicht Jacob Bgemaltt, so hievor in der mannen
1971 275 2778 442 examiniert, zu Martziee vber den von dem
1963 299 2807 481 amptman zu Burgdaff empfangnen wygere
1898 390 1967 452 sl
1908 370 2793 555 geicht schnesschandels vnnd wandels In bcwären
1894 426 1971 515 1.
1922 416 2793 601 ad glgenwürttigkheit, herre Jacob Eillinroto
1906 476 2758 659 Aats Marttin Müllers mußhaffen schaffners
1915 521 2745 683 und Stislaus von Müllinens gersweibels,
1919 582 2786 739 gfragt worden, Ob er namlich, einem herren
1907 616 2783 777 ver in tranckenkych gedienet, sitten Sant
1913 659 2762 823 haffte Samma gältts sampt anderem So derselben
1956 699 2776 860 her in einer Cottreten ghan, entzugkt vnnd
1915 749 2721 921 gomen, er aber darüber ergriften unnd
1921 807 2763 956 selbiges hernachwartts Inem herden verschryben
1925 891 2346 1007 müßen. Der zoigt an
1912 986 2749 1116 Als er ongefar vor anderthalb jaren einem herrn
1920 1011 2778 1165 In franckenrych gedienet, vnnd derselbig Ime
1926 1073 2766 1202 den scheißell zu Syner Tostretten zugesteltt
1933 1116 2765 1256 unnd verthruwet, auch wich gewüßt, das er
1936 1169 2771 1294 haltt darunen, habe ir dasselbigen einem eyner
1928 1210 2769 1353 gsellen (desen namen inte nit in wüssen
1931 1264 2779 1397 aegezoigt demselbigen den schlüßell gäbtch unnd
1930 1306 2778 1430 vberantwortet, daruber er dar die Esffretten
1939 1360 2770 1482 geöffnet, vnnd ein Summa gultts Cidge aber
1936 1419 2652 1523 nih wussen wienil desselbigen gewaren
1929 1447 2748 1576 darus gemommen. Wiewoll er aber daß elbig
1942 1497 2727 1626 selbs nit, sonders syn gsell genommen, se er
1929 1537 2792 1653 Jedoch mit Ime ubersein kommen damit indas
1936 1583 2774 1695 Niderlandt zerricsen. Als aber inen Rudi
1941 1631 2777 1752 Bonngartten vf Kestenholtz Nachgetagt vnnd
1934 1679 2758 1793 Sy erglet, also das galtt dem herren widerumb
1934 1729 2761 1840 zuhanden gesteltt, habe er Beerdicht Jacob
1944 1779 2789 1881 demselbigen Synem herrn ein Summa gultts furallen
1950 1810 2823 1927 uffgeluffnen costen unnd schaden der gfangenschafft
1950 1863 2760 1977 halben verschrigen muten imme sye eben von
1952 1904 2751 2020 dem entzuelten galt gar vnnd gantz Rutt
1953 1946 2777 2071 worden, syn gsell der habe auch deßselbigen rutzit
1947 1988 2789 2111 verthann, dan allein ein par ehn (mit Reuerent
1956 2054 2577 2158 zemalden) daruso erkhanfft.
1960 2206 2417 2312 Ist lar pffzogen worden.
1973 2227 2853 2399 uff zinstag den 21. septembrir. Ist bendicht Jacob
1984 2282 2847 2441 abgemäct, nach dem er mitt ruthen ußgestrachen
1962 2354 2732 2479 von Mynes gnädig herr stetten Landenu
1969 2393 2881 2553 gepietten Midt dem Eid verwisen worden,
