3024 4032
966 98 1864 264 Beychrfahlschm Eggenwyl mitt eynen
983 191 1874 350 hrowysenn synn kalle ufgeschloßen unnd
984 258 1632 388 darus sn das enntragenn
941 378 1862 538 Item die schach, so er nochmalnnn an habe eynen
973 466 1848 599 by Siniswald wonhafft vn ii truwett
1000 625 1870 772 verners habe er mitt hieff eynes piesgsellen
997 692 1878 826 so vor ettwas abgefloßne zyt zu Golothun
1004 770 1871 884 mitt dem dtrangenn hingnichtet worden
1000 819 1860 943 zu Warkeschicrunden yyn Kalle geöffnet
916 910 1880 1034 vnnd darus zwenn zwifoch kas (die sy nit
959 974 1720 1088 eaundern genoßei gestolenn.
973 1099 1844 1240 Letstlichen habe er und syn mitthafft
1004 1194 1878 1302 Abfahand by Simiswald sy nem landtman
1009 1261 1855 1373 ab ihnem bachen yn stuck schwynin flysch
1007 1325 1867 1441 gehouwenn, daßelbig kechet unnd mit
1019 1411 1437 1506 ynanderen genoßen.
1019 1557 1870 1663 uff solliche, syn, deß gemelten Beundicht
1034 1635 1858 1734 gottenn, wrib lachts diebstäl unnd ge
1036 1700 1894 1799 thane anßlanndlungenn, habennd hoch
989 1741 1892 1863 genampte myne g z. vnnd Oberen Schultheyß
988 1818 1878 1924 obhat unnd burge dise copplichen statt
989 1895 1880 1984 Barum uff Ioen lyd zu recht erkenndt
978 1962 1327 2054 unnd gesprochen.
1893 202 1921 281 55
2838 31 2911 104 32
2138 83 2734 274 Aum Rlentsch.
2649 237 2786 320 d
1976 324 2150 419 shytag dem
1946 290 2888 508 pff meyenn diß schwäbenden 1602 farr
1940 360 2865 557 Inn bpwasenn unnd gsgennwirtigkeyt, der
1926 412 2927 593 olein vesten fromenn fürnemmen, fürsichtige
1954 488 2948 677 ersamenn Wysenn wweaenen Johans Lengdes
1958 545 2952 735 des Rhaten Josna vonn Mülinens unnd Thüren
1955 610 2948 787 Walthaits des Burgerenn Hiclaur von Malmen
1955 674 2940 870 Goßwybels, sampt etlichen vyblenn
1965 750 2908 917 myneg herren unnd oberenn diser lopplichn
1955 877 2237 980 statt Bären.
1944 947 2966 1120 Hatt gegemmertigen Ademe Rentsch von ruffs
1963 1032 2939 1178 hüseren inn de heschafft unnd Vogthi Longrn
1983 1102 2958 1232 gelegenn, hannachgeschribene abschüchliche erschrock
1987 1179 2956 1294 eimliche unndestandene unnd begangene hoche und
1988 1232 2958 1351 schware mißhanndlungen zu Marzili bekenndt
1983 1308 2931 1428 Anngaben vrachenn und pynlich bestättiget.
1942 1398 2868 1528 Namlichen vnnd deß Eisten. Habe er sich
1994 1486 2916 1563 nach synes vattes selig thodtlichen hen und
1992 1539 2940 1649 abscheyd, angefahrlich vor sibenn jahren
1999 1595 2948 1712 gotes des allmechtigen gesatzen und gepoten
2003 1665 2895 1764 allei, geoffenbahreten Rechten Stattuten
2018 1732 2938 1824 ordnungen unnd mand aten christenlicher
2006 1795 2944 1893 Erbarkeyt hochlichen zuwider uff ynem abend
2015 1856 2880 1958 mit yyner gottfalbenn kalbeten (so im
2013 1924 2940 2025 ynes vattes seligen stallung, by annderem
2013 1982 2890 2084 och gewesen vd mit renerentz zumelden,
2000 2047 2934 2146 lyde unrristenliche wys ubsch vorgangen
1994 2106 2940 2188 vertrefft, vnnd also, wide montschliche natur
2008 2166 2931 2288 mit deselbigen zwey maln zu schaffen gehept
2290 2267 2335 2360 d
