3024 4032
1234 60 1622 161 Hans Faßnachf.
1066 79 1778 250 Montag den3 decemb 160
1797 179 1892 276 dar
941 227 1845 359 Hatt Lienbige schubner Hanns Fasnacht vonn Osten
949 279 1887 438 Inn byspy herrenn Cunradt vogts deß ghats, viirent
959 386 1837 492 Holtzes der Burgrenn als ouch vielaur vom
947 439 1829 571 Mulmens großweybels uber hienogeschribnr
969 502 1811 638 syn Connfessionn zu Marzeli Voneis be-
976 574 1622 702 khenndt unnd pynlich gerächenn.
956 686 1885 824 wie es sich vor etlichen jahrenn begeben und zu
986 772 1901 883 etragenn, das nach dem framvier Blamchod als
995 830 1881 947 vogt sener schwöste ester von syner zienthalb gehartn
965 891 1879 1021 pfläg wegen rechnung halten sollen, 10 vor und
979 961 1883 1104 ehe zwüschen ihnen zuspruchen fürgenommen worden
992 1039 1884 1179 beendte Blauchor zu imme kommen und gsölichen
981 1081 1899 1218 dos Hans Di bist mitt myner schwoster wol yns
939 1150 1878 1285 und unmagst uis ann ira, wan de seydt ist,
982 1238 1905 1360 sy habe gredt, Ich welle ira by 6 ode 700 lbgs
988 1274 1895 1427 hinderhaltenn, so kame mir das wol und
1004 1342 1900 1469 hadte die mit sonst gadt es mir übel und nach
1004 1403 1894 1527 dem solliche wort mitt ynandeen geübten
998 1503 1885 1606 hab gey fromo Framoche genampt, inne
998 1562 1817 1652 fasnacht gewarnet, vnnd vnmandt, geweltt
1638 1629 1908 1681 Freuerener zuueld
990 1637 1878 1728 Blauchortz müßig zugan, sonst komme e umbe
1014 1696 1876 1794 schißen nit vonn imme. Deßwegen sy dan inne
1020 1749 1857 1850 ouch inn das wirtshus im lasen wellen
963 1824 1882 1901 und nach dem plauchor angehalten zur zu
1022 1882 1919 1969 willfahren, ouch obgeschribne wort zu reden. Hooge
1022 1941 1876 2023 so sinn anseehen, er nit verhoffet Blarchod iu
1034 2000 1889 2096 unrechts heyß wurde und an solche man sye
1031 2053 1914 2145 das gethan und als Lego Bornet zunfasnacht
1030 2113 1865 2214 anngesprochen und gfragt, Ob e solliche wort von
1014 2176 1877 2267 Blanchod Schwöster ghört, oder war inne soll iches
1043 2234 1858 2348 geheyßenn. Habe er anzeygt. Blauchod heyge ime
1021 2313 1813 2414 das zugemüttet unnd zusagen bevolchen, und
1037 2375 1875 2468 nach dem o den jenigen sprüeheren gredt.
1015 2425 1862 2538 Blauchoatz Schwöste habe gredt. Ich gloub myn
1736 2527 1875 2620 Ainder
1908 663 1989 725 pola
2947 47 2998 126 2.
1997 86 2989 250 Brude wolle um by 6oder 700 lb pf hinderhalten.
2029 153 3024 303 habe plaucha imme zug emnettet also zuzügen, daß
2024 218 2955 361 sn schwöste gspedt, ir bruder Blanched wille ina
2034 266 2998 390 solliche duma de 60 der 7o0tt stalen, welches
2030 315 2996 442 edann ouch gethan, das e aber von syner schwöster
2023 373 3041 511 nit gehordt. unnd ob ergläch wol uff Blauhadt
2035 430 3005 571 zu mütten und anhalten sölliche zugsame gäben und
2031 481 2973 617 volbracht, sye doch von iene dargegen nitzr errgolt
2031 548 2946 667 worden. Als abe gedachte spruch hwüschen gesagt
2052 600 2962 729 schwüsteten gmacht, se daby gsyn Johan Octas
2026 681 2627 797 unnd Johan Hanrouud zu mort
2009 750 3021 900 Imm übrigen abe und nach etlichen jaron darnach als
2043 820 2982 970 o hasnacht an ynem jeimanl zu Chin gsyn
2034 883 3043 1025 sye er gewarnet worden, sich hinwäg zu machen, dann
2016 955 3021 1083 Blanchor welle inne uunlegen laßn und als bei
2035 1028 2932 1130 meltr Blamcher inne angetroffen ime eyn
2033 1082 2966 1206 schelmen und dieben gescholten, ouch veschaffet, das e
2045 1142 2997 1273 gefencklich angenommen worden. Morndes komme
2011 1212 3017 1314 Blaucher, mit etlichen anderen die er nit bekenndt
2045 1272 3002 1391 zu ihmme zur Kefi und dage Hans ich han
2039 1345 2959 1446 galts gnug, wan du nir volgetist, ich welte
2049 1415 3035 1508 doch wol losen und darnach dieh für mönen taum
2057 1470 3029 1566 er annstellen, ja wan die redtist, das du mun
2033 1520 3024 1623 unrecht than und ich dich nm ghyßen habe sagen,
2051 1592 2964 1687 die wort wie sy hiobgeschriben und durch
2060 1662 2920 1735 sich zuger worden, das e abe nit thun
2002 1703 2964 1793 Wellen daruf Blanchod gspedt, wan di
2063 1766 2970 1866 das nit thust, wat man dich man richten
2042 1827 3009 1906 und nach demselben sye blanchostadts mit
2051 1875 2988 1985 etlichen luten zu dur zur gfenknuß komen
2045 1940 3001 2033 und ime angehalen zesagen, das e zmr un
2054 2005 3025 2110 recht gethan. Da e letstlichen uff vilmiltig
2063 2054 3038 2150 anbringen, vnd damit er ledig werde, bewilliges
2063 2123 2910 2217 alles das, was ime syie frund- vnd ander
2048 2170 3003 2272 ehren luth hysen könnind zu thun. Nach deme
2053 2235 2925 2325 mus usgelassen und befragt worden, obe
2054 2297 2117 2346 g
2251 2310 2934 2384 von Blanchods schwoster ghört
2039 2350 2961 2422 das vn gredt Ir bruder wlle Ira 6odn 700lb
2047 2377 2991 2484 stälen, oder obe imme blanchod unrecht thoge
2049 2459 2992 2545 habe so inen alle sach erzelt, deswegen sy dami
2058 2513 2947 2598 mit mer zuschaffen haben und e dese
2063 2543 2610 2633 nit bekandtlich syn welleine.
