3024 4032
778 205 870 276 121
802 392 882 475 E
785 1060 896 1176 122
1040 216 1665 347 Anna Burger Heyn
1094 299 1501 390 sthuchenn husfrome
947 371 1768 480 Ist vonn Argwöniger und verdachter
986 423 1772 527 Sepwi wegenn, nachdem sy vilmaltig
982 489 1774 572 durch gnugsamme khundtschhafft angäbn
983 539 1780 641 eine, ouch mit allen 4 speynen, vnd inn
977 596 1768 684 dee Wannen penlich Exammiert
967 641 1782 741 keyne sach halb abe im wenagisten
989 692 1768 780 aredt, uff die grentz gfürt unnd
977 741 1777 833 mit dem eyd von mynen g s stett
955 802 1789 892 laund unnd gepieten verwisen worden
971 850 1621 944 Actum 18 appust 16 f1 Jars.
1113 1007 1152 1083 5
1122 1035 1629 1134 Cristma de sonst
1121 1107 1482 1182 maßigenen gupt
897 1196 1819 1314 Uff obgemeltem tag ist sy der gfangenschafft
992 1280 1822 1367 ledig gelaßenn, vnnd mit dem Eid von de
985 1334 1842 1425 statt unnd uß der kilchhöri ehracheen
984 1389 1354 1478 gewisen wodenn
1967 2270 2068 2345 Nota
2140 104 3032 281 Dabiial Rubi Plans Hüserer.
2199 294 2587 379 instag 15 aug st dmm 168
2042 281 3001 439 uff Mittwuchennden 19. augstmonats diß
2052 325 3068 477 ab unnd hinfließennden 160 jars inn biswäsen
2050 408 3042 539 annhören unnd gegenwirtigkeyt, der Edlen vesten
2047 440 3019 588 fromenn fürnemmen, fürsichtigen ersammen rysen
2052 495 2993 637 herrenn, Peter froüdenrpchs und spinon von
2017 569 2996 693 Komestals deß kleynen ghats, ieonymus
2030 605 3057 745 Mannels unnd Hans Rudolff Hubers de bergeren
2024 672 3000 784 Aielans von Mülmens Groß weybels sampt
2062 723 2977 860 etlichen weyblen myne gnädigen herrenn
2051 785 2970 913 unnd obrenn dise copplichen statt Barn
2075 839 3004 971 abennd gegennwirtige Bäbrich Rubi und
2066 893 3030 1041 Clans Hüser vonn frütigenn pürtig nach
2066 956 3027 1095 golgende durch sy begangene hoche schwäre und
2074 1029 3021 1157 grüwliche misshandlungen zu Marzil be
2067 1129 2556 1225 kenndt, unnd verrachenn
2043 1183 3011 1303 mitt namen und des erstene habind sy sich vor
2073 1246 2967 1346 etwas abgelüffnen monaten mit seynem
2073 1300 2995 1402 Schwartz peter genampt und deß schnyder
2077 1345 3021 1451 Petrolins sun am gwadt als ouch etlichem
2092 1410 2989 1514 annderenn dero Touff vnnd zunamen aber
2074 1467 3000 1572 imme unbekandt, vepandt unnd vepflichtett
2075 1528 2988 1619 nach kriegsdiennst zuzüchenn undewegen
2086 1574 3024 1650 aber kräme unnd gwarbslüth anzugryffen,
2066 1631 3021 1731 umbzubringen, zu mürden und zustälen, damit
2077 1695 2713 1795 sy ire sehrung haben mögind etc.
2077 1788 3009 1886 Denne als sy sich als gemeldet mit einanderen
2097 1845 3072 1915 verpflicht unnd gan zweysinlen inn das obrsiberhal
2087 1900 3015 1987 konden, habind sy sich zum hochgricht vrfüget
2085 1948 3038 2034 Da sye er Rübi uff eyn darbystehenden ehanm
2088 1992 3007 2081 büschen gestigenn und die hingerchtete großen
2092 2035 2978 2132 ab dem hochgricht gelediget, jede eyn finge
2099 2092 2997 2178 abgetreyt, in dem ouch den rechten thumein
2107 2129 2970 2239 genomene unnd selbigen Hans Brunnenwald
2102 2206 2319 2290 zugestelt.
2081 2236 3030 2332 welche sy albweyt zum spilen oder keyglenbruchen
2101 2303 3030 2399 wellenn, dann sy vestendiget wordenn, sölliche
2108 2347 2736 2433 darzu nutz unnd dienstlich spënde
