3024 4032
756 502 914 564 nach dem s
767 533 932 595 schon verletzt
771 576 898 631 gewesen
754 784 861 851 Nota
941 191 1848 312 Verners habind sy mitt hilff obgemelter irer
981 269 1814 364 gesehlenn, inn abgefloßnem memonatt
980 327 1803 423 vnn junge thochter Verena Mosein gupt,
970 376 1797 472 von Wyßennburg pürtig) bydem hochenn
983 434 1815 530 täg unne zwysimlen gelegen, angetroffen
978 479 1827 583 welche so gegangenn, vnnd mit Fradreis
986 557 1845 635 hanndtlichen mitwillen verbracht, darnach
983 601 1839 691 ouch zäüwlich unnd montschliche natm zu
974 640 1817 746 wide ermürdt, umb ir läßben gebracht und
974 709 1602 787 Inn das waße hinab geworffen
980 760 1824 856 Sy habennd orh hienebenn sampt unnd sonders
985 817 1815 905 bekenndt, wann eyne yß mitwillen mit
987 868 1783 967 beündter thöchte veübt Habind darzwüsch
979 930 1469 1019 die anndeen, sa gehept
962 1037 1824 1144 wyter, so habind sy byd als ouch ire mitt
992 1115 1830 1204 hafftenn uff eyn zyth by dem hochentag ire
971 1176 1842 1247 kmüteh probiert, welches von banndtman
988 1219 1841 1309 Pete wül genampt gwar worden. deß
987 1276 1811 1357 wegenn e sich dann uß forcht, inn dee
1007 1322 1818 1413 tnden veborgenen doringen e untzit uff
989 1372 1868 1469 die ynrysende nacht verborgenlich enthalten
970 1433 1865 1513 Nach dem e abe verhoffet sy hinwag gangen
997 1484 1890 1563 unnd desenthalb siehelich leymwerdts wollen
991 1524 1832 1619 ouch treffenlich geylet, syend sy imme nach
991 1582 1868 1673 geloffenn mitt stynen zu ime geworffen.
991 1648 1852 1728 Alles uff das end hin, ime umbzubringen
989 1682 1869 1781 unnd zumurdenn. Ermelte wül aber sëder
997 1725 1872 1838 maßen geflochenn, das sy ime nit nachkomm.
998 1784 1826 1881 ein mögentn, dann e inen, inn syn has
1004 1849 1223 1933 entrunnen.
995 1919 1836 2037 Item so habind sy sampt zw gsellen byge
994 1990 1860 2083 dachtem hochenn späg en wybsperson an
1002 2026 1889 2144 gegriffene. Wann aber angentz (mit benerente
1401 2075 1832 2137 s�llende nachingeloffen.
1012 2096 1845 2183 znmeldenn) etliche hund komen, so ouch ver
1001 2132 1879 2242 meyndt luth vorhanden syn wurdend, habind
993 2205 1845 2299 so bemelte frouwenn verlaßenn, deßwegen
994 2247 1835 2351 sy dann mit dem läben danön kommen.
2982 69 3053 157 8
2032 73 2947 250 Weders habind sy nit alleyn am landespäg
2044 126 2970 292 etlichenn emrpaßterenden lüthenn, sonder auch
2046 184 2979 348 am wort sby zweysunlen eynem jungen man und
2037 223 3029 405 j Franntz Lüdwigenn von Ehrlach herenn zu Spietz
2046 294 2982 438 sampt syner husfrouwen, nechtliche wyh din
2036 325 3010 489 Rustwald gewartet und entlichen deß vor
2048 365 2998 543 habenns gsyn. Wann die oder anndere komenn
2046 384 3039 579 wärind, sy zu erwurdenn, wie sy dan dem juncke
2042 461 3013 624 die thürlin ann den traßen, mit helffen veren
2051 503 3045 665 bundenn, damit e desto minder entrunnen möchte
2034 607 3048 784 Item so syennd sy vorhabens gewesen, dem wirt
2061 661 3059 816 Ann des blütschl sn silbergschwr uß yynem gänt-
2062 731 3025 863 erli zunemmen unnd gstälen, welches sy aber
2053 806 2643 929 nit zuwägenn bringen mögen.
2058 896 3027 1051 Denes hat gesagte alübi für syn yger prosonnen
2050 966 3061 1116 übphiobgeschribne bekanndtnußen veräthenn,
2046 1013 3034 1150 Nach dem syn vatte inn syne unzytigen jugend
2043 1080 2956 1210 fmne durch den tod hingenommen, die muter
2073 1127 3049 1258 ich andefahrt veehelichet, sye e dem steffvatter
2042 1179 3051 1323 unwerdt uß dem hus gestoßen und zum schnyder
2061 1245 3027 1366 handtwerch vedinget worden, alse abe syn
2072 1298 3057 1399 nainlich alter erlanget angehept den spingen
2076 1339 3079 1466 etwas assige seys enzneken und mit lrdeliche
2068 1438 2394 1524 oury verbruehen
2048 1491 3054 1618 Item o habe e synem stieffvatte vnde zweyen
2086 1560 2994 1646 nalenn dry alpkäs zwey Huskäsli, etwas
2074 1620 2998 1707 annckens yngelten und pfannen entrag
2084 1645 3058 1753 dasselbig inn schumache Schmidts hus verkoufft
2066 1726 3047 1799 unnd das eloßt gält inn eynem schlaftrunck
2096 1775 3040 1869 it dahin beüffte purs vebrucht und vethan.
2071 1851 3051 1969 Item wyter synem stieffvatter ußsynen hosen,
2080 1930 3029 2028 so am ofensteügli gehanget 3 ode 24 batzen
2086 1986 2276 2076 entzickt
2112 2047 2970 2175 deßglychenn syn noch anntragende wamsel
2090 2133 3007 2228 syne schwöste Stieffsen, war ouch die kas, so
2090 2188 2892 2276 shinder ime funden worden, entfrömbdet
