3024 4032
960 208 1787 337 Letstlichenn habind sy zu Lanngenegg
993 263 1801 399 uß eynem spycher, denn sy ufgebrochenn
1001 340 1798 470 etwas galts so inn ynem Lumper
1000 405 1395 513 gsen entfrombdet
1017 574 1768 701 uff solliche syn deß gesagten Hanns
1013 674 1784 793 Geoegenn, hoche unnd schware begangens
1025 747 1811 859 unshanndlingen, habennd hochgenangt
1017 805 1792 923 anhen g Herrenn und oberd schuthys
995 883 1789 995 Bhat vnnd baige diser lopplichn
1037 956 1824 1082 statt Bärnen uff Iren eyd zu Recht
1046 1003 1549 1145 ekenndt unnd gesprochen
1015 1144 1832 1267 Das man ime dem nachrichter bewelchen
1038 1231 1836 1320 De inne obenns uff gewonnliche richt
1056 1288 1815 1415 statt schlppffen pir glide
1044 1374 1784 1491 zr 10s  gn das prad flechten
1068 1449 1797 1543 abedig in das fehr effen
1044 1517 1838 1623 vnnd also Jurt mit den Rad
1070 1601 1823 1703 vnd Achee von lab zu thal
1073 1672 1827 1775 nach bey vilche rechen nch
1138 1737 1242 1843 solle
1011 1952 1809 2071 Disere urcheyl uff Zinstag 3
1074 2038 1826 2153 augisti 1602 ann ime estattel
1386 2108 1516 2174 word
2737 61 2806 142 59
1936 88 2661 303 dsar uller neliuck.
1891 237 2786 435 uo samstag den letsten somemonats hin.
1894 282 2820 519 fließenndts 1602 tars inn bewasen anhören
1912 358 2830 558 und gegenewontigköt, de kromen fürnemen
1889 427 2862 631 Eszestaufen sösene herrenn Jacob Dilliers
1908 488 2800 688 des hatz Niclanni Spättings der
1906 541 2875 769 Bugrenn Nielaus vm Mülinen groß
1878 642 2809 851 Wybels stngt etlichen wyblann, meine g
1903 801 2295 902 nnd obreun.
1878 857 2792 1046 Dat Bral Muller vsm Rurg fryberg
1919 945 2817 1117 zwriets zu Manzeli bekenndt und ver
1896 1111 2046 1203 fächenn.
1896 1158 2781 1333 Erstlicheme dase ongefahrlich vor zeey
2468 1257 2602 1308 ans
1908 1266 2794 1404 jahrenn zu ort schwabenn Buschenn
1892 1333 2855 1469 Uß eynem kißli, so dem de stubenn gstannden
1938 1424 2854 1534 wenntzig kromden, inn groben, vnnd and¬
1929 1485 2875 1610 den sorten muntz gestolen unnd genommen
1940 1593 2031 1696 habe
1948 1682 2868 1812 Weres habe er mitt hilff syne gsellen
2006 1766 2812 1889 schnuswln mit ynem spetzigen sy sein
1935 1800 2003 1877 zu
1945 1841 2775 1941 von Kalle vfbroch vnnd darun 10 t
1973 1873 2865 2032 s inn großen unnd kleynen sorten müntz
1946 1961 2851 2094 gsön enntfagen unnd danon fürsyne
1946 2031 2880 2165 theylen fünff kronen empfangenen.
