3024 4032
846 130 936 251 75
1181 175 1832 360 Jacob Fellei von Suleh
976 291 1800 453 uff vorgemelten tag unnd jahr, inn
1002 384 1808 526 Erwasenn S. Bartholome Knechts des
974 452 1832 586 Bats unnd mielans von Mulmens Großwey
995 519 1824 648 als ist Jacob Feller, der alhar gebrachte
1004 583 1824 705 gefangene jüngling, inn de mannenke
996 679 1818 771 ob er byhanndenn gehapten bericht examn
1167 739 1508 840 De zeygt an
973 734 1165 833 worden
977 869 1816 982 Erstlich das vo ynem küffer zu kilch
1013 940 1829 1043 dorff uß eynem petersack g batt, so im
1014 1007 1822 1115 inem Lumpen gsen, gestolen, vnnd selbige
1008 1088 1752 1200 unnder enn schwellenn verborgenn.
980 1248 1826 1371 Wyters inn deß weybels zu Kilchdorff
1016 1331 1570 1449 habe er uß ynem schaft
1582 1352 1836 1466 yryein flysh
1026 1412 1822 1534 genommenn, selbigs kochet vnnd groß
1012 1552 1801 1648 Hanns Riemen us rynem kratten
1043 1608 1832 1708 en halben francken vrunthrunpet, de
1048 1683 1838 1771 Ime aber estitmeit worden. dan
1051 1741 1844 1835 er densteebigen uff ey nschäfftli gelegt.
946 1866 1841 1983 Veoners gemebt riemen gn Roßysen
1059 1937 1259 2040 eittag.
910 1985 1834 2101 Hola vnnd by zweyen malen vnnde synem beth,
1070 2057 1835 2168 dahin er sich verschlagn geschlagen gelegen
1034 2185 1789 2294 Item petr springenn vn Hembli gestolen
1058 2238 1845 2374 unnd das Hansen Boßen umb 4bz ufft
2721 41 2859 148 5.
1859 105 2733 336 Dem uß H Jacob Brlaundts selig hus
1888 185 2801 376 von Aoppstückei flysch entfrömbdet, das in
1871 259 2864 462 Bbelbarblens zus Kochet unnd hannach geeß
1866 362 2750 544 zu dem imn h. Hallers des predwaal zu
1870 417 2784 622 ichdorff zus yyn stul sch wynin fleysch
1879 504 2762 713 us gnem schafft genommene unnd selbigs
1889 675 2018 764 großen
1932 829 2774 986 V 2 julii 16fr lt dise helle
1902 897 2802 1046 mit dem eyd von myne gsh stetten land
1909 1001 2426 1109 unnd geparten verwisen worden
2040 1160 2615 1296 Ehsbeth Herrman
2601 1312 2832 1409 Herrman
1921 1373 2855 1522 uff gemeltem tag ist Elsbeth Waltha
1887 1449 2834 1564 von wanng, so verdacht gewesen, das es
1880 1537 2769 1675 an synes kindtstod, scheld trage mit
1932 1603 2806 1702 zurr glupt für der Burgern zel vnd vß
1927 1674 2492 1794 de statte vwisen worden
2076 1898 2633 2040 Dans Blattman.
1939 2143 2885 2298 23. julii 1692 jars ist Hanns Platman
1901 2220 2874 2348 vonn Agern by jug, wein seltamer usgegossnen
1927 2308 2887 2420 fantästigen reden unnd anderer begangnen
1931 2349 2868 2469 nißhandlingen, mit dem syd us in gerh
1940 2402 2855 2524 unnd ober stetten land und gepielen ver
2186 2461 2533 2568 wisei woldn
