3024 4032
884 81 1737 225 Die vbrige Zoth aber habe er ha
941 178 1817 287 mit arbegten, hi vnnd wider dienennde v
959 213 1140 289 chlißenn
919 276 1781 455 Das er anderschwo eyn syth lang syn
940 379 1797 509 ufeinhalt ghept unnd nit inn offt und
949 449 1793 570 hochgenampte ir g statt gewonet
959 501 1827 653 Srd die vrsach, das syn Mute Ime
954 575 1811 707 gheyßenn, etwan sannderschwo vn herre ode
927 635 1796 791 meyste zu such unnd demselbigen zuarbeyten.
927 701 1788 843 Ien annsech zy sonnst wenig sptlichen
962 770 1819 912 guts vnmoge, deo er billich gevolget
938 873 1808 1002 Das er eynem oder dem auderen etia
996 963 1825 1076 veruntruwet, werde sich mit da Warheit
995 1025 1371 1107 nemewricht erfinden
968 1098 1777 1222 sovil syn mutter betreffe gegen
990 1174 1789 1278 deo e mut worten vnnd wercken unge¬
986 1222 1822 1336 parlichr masen procediert, vnd vberfahren
1005 1286 1831 1401 si solle. Wie dan etliche khundtschafft
1010 1346 1583 1455 desfwegen verhort worden
1031 1433 1805 1531 eigt d ann. Habe ann sy thättliche
1017 1484 1848 1586 hannd nit gelegt, vil wenige gra gefluchet
1005 1544 1839 1648 dann sich daßelbig durch wahaffte lüth
1007 1617 1848 1717 gentzlich nit efinden werde, doch sye nit
1147 1674 1211 1724 dan
1030 1679 1845 1776 munde das syn mutter sich ehliche
1023 1726 1824 1836 mah mit wyn ubwworden, de gstalt
1032 1794 1824 1885 ns morndes nach verthonrung nit wüßen
1047 1830 1851 1951 mogen, was sy vor und ehe sy widerumb
1029 1912 1839 2004 muchte worden gethan. Wie e dan uß
1049 1967 1839 2086 anstifftung etliche forr benachpert einen
1037 2040 1859 2141 sy afftmalen gebettenn unnd jemandt von
1045 2111 1839 2211 soll iehe Ire angenomen trunkenhest,
1060 2171 1829 2264 vnd darus volgenden schënders, vnnd
1066 2222 1817 2337 hmächens bid ebe luthen abzustan
1070 2288 1840 2413 Wolches er etliche mal gethan, daß
1059 2358 1830 2455 vn dann morndes ubel gruwen gewesen
1046 2409 1827 2522 sonst anndere gstalt, habe e gegen Jod
1073 2461 1479 2556 ne malen gehanndlet
1703 2514 1835 2611 Alle
1898 24 2838 230 Alleen wann er sy gebettenn vembten fluchens
1913 90 2859 284 unnd schwerens sich zunberheben. Habe sy ann
1916 140 2849 327 seheungenn scheytirs daruv velecht etliche küch
1919 202 2862 389 schließenn mochtennd, als hätte er etwas unn
1913 265 2853 433 billichs mit gra getribenn, das ich sich aber
1926 314 2838 494 nit de warheyi meinanmohr efunden werde.
1873 429 2796 604 eentlichem ist fne beründtem spoieße
1920 477 2814 639 durch obgemelte meyne herrenn fürgehalten
1911 533 2850 695 worden, warumb er sich iffen jetzige sür
1917 623 2871 788 gfanngenschafft, mit unselan fry von ich
1944 678 2847 843 glych so woln als er chnn baunden sg
1925 732 2830 913 gewese pfehrlich vebunden, unangesecher
1931 805 2895 948 alerehe der libnation, dan de ehe verpflicht,
1919 900 2737 1027 ug nachfragen sollenn. Vermeldet
1919 963 2792 1101 ie war das e fra die ehe zugesagt. Ja
1934 1026 2823 1160 mit denen gedangenn unnd für wortem
1928 1094 2865 1213 wann sa nit mit rüten usgestrichen werden
1903 1162 2809 1288 Darzu abe habe gedachte dain Inne
1945 1220 2889 1337 mit klagen worden gebrach unnd fürgäben
1918 1279 2863 1405 Wanns gelibenert, wolte sy ehrlich vnnd
1947 1355 2880 1472 redlich mit ynem hushalten, degstalt unnd
1952 1427 2829 1533 masen, Er sy sich durch in glimpfflich
1933 1480 2885 1600 furgaben bewegen laßen, Ira die Ehe
1949 1548 2885 1666 zuwrsprech,. Das par aber dißmals
1940 1609 2708 1729 von grsind syn es hertzens lad sye.
1924 1710 2532 1838 Ist lihe ufzogen word
