3024 4032
956 120 1789 263 und vbrig ist nouch sy fragt worden
987 188 1813 344 waruüb e sich verschiner damstags
980 255 1809 417 du Ehegeber (mit renentz vor vg
984 330 1781 464 zumelden zmm ehegraben verschloffen.
980 392 1446 468 Trygt daube an
972 453 1801 567 Nach dem syn muter unnd anndre
977 523 1807 639 inne gewornet, er solle sich ußgrem
983 605 1840 729 dan man werde jme fächen und gefenten
1000 656 1817 779 lich ynnzuchen laßen. Habe er sich uns
995 741 1820 837 nacht hinwag machen wellen, deohalbe
995 783 1828 912 sich Lrny zum oberen thor verfügt. Wan
994 855 1814 1001 aber das ihm noch beschloßen gsyn.
981 924 1824 1062 Sye ehiab Inn das funster daß
1002 1002 1826 1125 ganng, durch eyn loch dtaryy gesten
1018 1055 1837 1181 alda vnntzu uff den abend warten
1009 1144 1811 1259 vnnd alden sne glegerheyt noch
1019 1214 1824 1307 hinweg fluchen wollen: darum
1020 1289 1843 1403 e ergrifften unnd ine gfangenschaft
1017 1348 1459 1456 geleg worden.
1019 1408 1853 1550 do nnst ist er inn keynen wäg and
1032 1495 1842 1598 das e vniehe gesellshafft ghegt
1043 1567 1827 1681 noch verner die bstal begangn
1081 1661 1775 1777 Bitet trungenlich umb gnad
1001 1760 1833 1876 Ist 2 lar 2 mit dem kleys und zum
1038 1848 1836 1951 3 mal mit den zweyen kleynsten steynd
1236 1906 1295 1942 den
1033 1901 1856 2005 zum 4. mi der 3 seyn angehendet, de
1053 1972 1782 2075 ni voll kommenlich ufzogen worden.
922 2113 1849 2210 Apota er hat uff 25 junii anzeygt. Nach den
1043 2190 1850 2280 er der Jenegn dogen, so yynsey von Graten
1061 2244 1859 2337 ed gsyn unnd er weiken versetze. Haben
1061 2308 1854 2397 dar zwnschen was andern ußs mg h. di
1070 2364 1850 2461 locyschafft genomen und an deß and
1067 2402 1866 2519 todt gehenke Vntzu a den  he
1067 2454 1328 2529 losen mochte
1042 2542 1776 2646 Ist mit der 3. strynern ufzogen worden
1064 2606 1804 2700 Magd 2 xeemterr und lebisthach
1075 2661 1813 2756 der 4 so geg Ceulner ist zuns
1091 2703 1851 2818 sach zu den anders angzeibet, ab
1077 2765 1153 2833 il
1157 2766 1551 2879 ufzogen worden
1851 240 1913 340 170
2682 -15 2764 93 46
1988 131 2526 297 geei Wecten.
1884 192 2785 461 en gende
1886 274 2838 518 vn worb, inm byspn D. Martius des Rhalt
1894 343 2769 566 Hans Stieblins de Berger und Nulaus
1880 402 2767 621 von Mülinens großweybels, inn de
1882 481 2778 674 Namenbeli exammnneit unnd imme füngehalten
1894 551 2775 727 worden, wie das ing h unnd oberen durch
1891 590 2799 793 zugenomened und in g synethalb verschicken,
1895 679 2778 875 schifftliche beicht gnugsammlichen verstendiget
1882 728 2839 938 wargstalt unnd maßen er syn jetzige frome
1895 819 2791 979 trartiee, also das sy ehe sterben, dan mit
1894 920 2294 1058 under zuschalten welle
1886 938 2835 1119 Item nebend diseem ouch ernstflißig jemandt
1893 1044 2839 1183 worden anzuseyten unnd im grund der warzegt
2041 1145 2067 1182 d.
1913 1102 2828 1266 sich zu erletren, wie und was korin sich zuge
1912 1188 2863 1314 trag das vor etlichen vnd zwenzig Jare
1913 1257 2825 1382 sn zu frome selig die beth finden sye.
1899 1326 2778 1431 Da man von keigten, dan Ime selbs die
1923 1382 2852 1491 scheldt unnd verubte that zu retehnd könne.
1918 1467 2526 1575 Daruber Zeigl er ann
1902 1546 2789 1672 sul yn jetzige husfrouwen anrer
1910 1622 2865 1740 vnd betreffe, Sye sy mit ime gar vnge¬
1912 1695 2862 1793 deltig und unlydig unnd e dan ouch gach
1899 1773 2832 1852 Die unsach abe darumb sy mehr entheybs
1919 1828 2808 1923 des uneynen werdend, sye dise, das
1914 1886 2803 1969 se sich mit wyn beschwfare und vilmal
1913 1945 2810 2048 dien etlich anlas gaben, als ware sy
1920 2000 2880 2113 i mit reuerentz zusagen gmeyer de
1919 2065 2884 2184 wer sich dan daselbig, inn de wocherl
1932 2133 2483 2235 klehi erfnnden worden.
