3024 4032
919 170 1789 323 Balß darnach zu frechtenn, sy audt wyl
971 276 1748 420 abermaldem uf ynem pycher, den sy
970 355 1812 501 geöffnet, vil khryder unnd anübers mehre
974 442 1266 516 enntfrömbdet
971 583 1799 709 Verners habind sy aber zwüschen Dürennod
1008 670 1801 789 and fiechtenn, in synem großen holtz
974 745 1774 867 vn Mannsperson anngriffenn, selbigen
983 823 1806 944 fewlich ermundet, das gelt, so er sy sich
1002 897 1799 1016 gehegt genommen, unnd Inne hanach Inn
982 968 1523 1084 yn gestipp geschlapfft.
940 1123 1782 1243 Bald darnach habind sy zwrischen thun
1020 1207 1796 1317 vnnd Kisenn, eynen Man angetroffen
1001 1277 1817 1366 unnd diewyl weltsch Abraham stadts
1010 1353 1765 1441 Inn synem Ermel verborgenlich eyn
1016 1409 1815 1529 holchen getragen, ouch derglychen thann
1022 1473 1823 1565 als welte er mit den Luch fründtlich
1036 1536 1830 1651 weysen, habe er denselben herfür gezogen
1022 1617 1811 1719 breiten man zuglych, wie ouch aunder
1041 1677 1821 1780 mehr damil emürdet, was sy by imme
1019 1755 1808 1838 fundenn gewoebet unnd harnach inne im
1039 1819 1802 1948 sy gstrupp geworffen unnd ligen laßen.
1004 1977 1812 2067 Wyte habind sy obennthalb anngnoue
1057 2049 1811 2138 abermalen nit wyth von dem wafe
1028 2108 1840 2211 Elfis, eynen Man, (wie ouch anndere hie
1701 2187 1842 2305 Angriff
2760 50 2851 106 52.
1878 102 2856 322 zugaffenn, den zu thod erschlagenn unnd die wyl
1895 173 2746 360 un besaget, war sy ienenn das waße
1875 224 2834 419 wüffend, ebald gfunden werde, se 1r jun
1882 335 2430 497 gteg agew
1870 409 2854 643 Item so habe er mit hilff Hensli uß dem sanenland
1899 483 2828 654 so ey große starcke person) unnd claus en u s
1891 537 2783 718 dem Zünch prett als ouch anderen, derung unnd
1902 611 2866 781 sy imm nafft gehyßen, zu Benngennbach helffen
1904 677 2841 839 yn dpyche öffnen, das galt darus eintfrömbden
1902 705 2859 913 welches sy und Baseepiet, inn vn Bchürli ver
1898 792 2805 956 borgen Harnach zu Bäbnomen mit inen nrnnken
1898 890 2831 1024 des habennd sich verwagen zu worden, das sy aber
1904 942 2763 1068 Allewyl er by Inen gewesen, mit vetrach
1904 1005 2818 1146 die tugend mehremheylis Inn Leunderen vmb schweyfen
1889 1198 2844 1324 vogte habe er zu Lempenmatt, mit hilff etlicher
1921 1274 2778 1382 zue gsellenn (mit ynem pebe genampt, so een
1932 1333 2859 1445 taickr poß und ynem so Hans Heyß Hoes weltsch
1916 1394 2781 1500 dem de gait anfache wachsen) daby weltsch
1919 1463 2811 1546 Abraham vnnd Bendicht Bol gewesen gs Deher
1916 1517 2867 1598 geoffnet, danns wastels genommen den hunden
1925 1562 2841 1667 fürgeworffen, das sy nit bollind, harnach
1918 1631 2848 1748 uß demselbigen flysch kleide und anders
1939 1717 2291 1806 ehr entfrömbdet
1899 1804 2821 1930 Deme habind sy zu Schwanden unnd Hopfferen
1918 1880 2824 1991 kelle unnd beyehe ufgebrochen, wie dannen
1930 1950 2745 2050 daselbig beündicht got anzegt habe.
1863 2051 2830 2160 ta Eyne Vilisonbe gupt sye vilmalen zu
1916 2120 2804 2224 luteren und im Luerempret obgemelte
2530 2178 2799 2260 ug Clen
1942 2186 2532 2294 pete unnd Hans abe zu Muns
1925 2233 2831 2366 vnnd tiltenfingen zu betretten, vnd anzukommen.
1923 2314 2865 2412 hat ouch angaben enen kessen Heyni genampt samgt
1938 2384 2849 2469 synem brude Wilhelm den s. kätzi namsen, welchen
1943 2423 2852 2508 de kolle, so zu dolothei grechtn worden wach angäbe
1948 2492 2319 2581 sye zu Rowbach purtig
1948 2509 2853 2621 vone hat e angaben ynen, dan sy nemsed, danil
1953 2593 2463 2703 vateling sie yn böser bub
