3024 4032
816 43 946 131 156
853 729 961 795 157.
843 781 967 865 6.
1548 115 1611 195 1
1109 133 1707 272 Christen Gysso.
915 235 1812 426 Uff 11 maii 1602 ist Christer wyß
942 341 1791 473 vonn deß drucken begangnen fäles wegen
962 406 1800 534 mit dem erd van myne g s und oberen
947 471 1758 621 stetten baunden unnd gepielen swisen
1007 537 1206 599 vordenen.
1179 683 1658 885 Annaselos
942 999 1840 1144 Frytage 22 Man 160 7 Jahrs in
1000 1072 1829 1189 Bosen de fromen derren mathys
1001 1152 1830 1272 Hafnes deß Rhats Peter Hagelsteynns
999 1212 1852 1339 der Bgnenn und Kielans von Melmen
988 1278 1375 1386 Großweybels etc.
1013 1369 1829 1502 Ist Anna Klösn so uerschine tagenn von
998 1454 1840 1578 Arberg gefenncklich alhar geschickt, gan
1014 1516 1801 1639 Mtarzeli gfürt, daselbst uber etliche
1010 1593 1869 1706 articne mit anntwort zebegegnen uemad
1018 1666 1822 1767 unnd ehrstlich ira fürgehalten worden.
1023 1748 1830 1858 So sy nitt uff yn zych bendicht frolichs
1018 1817 1824 1928 frotren gholffen en stifel anlegen, da
1042 1885 1839 1973 sn harnach erlämet. Leigt ann
1037 1954 1816 2032 ylwan, das sy ira ghoffen, sye aber
1031 2000 1817 2100 am lontag ii schuldig, dan sysonst e3
1052 2055 1863 2168 übeyrselig krank wyb (so deß scharen
1036 2119 1849 2229 mangelbahn gsy syn und was sy gethan
1031 2168 1690 2300 sie von die unstssegen beschechen
2790 21 2878 94 38
1902 80 2860 268 Item befragt, warumb sy znacht nit alleyn in
1929 142 2915 302 dem tzug, sonder anndesschwo (wie ouch uff eyn zyt
1930 191 2853 354 un Tegennstorff) sich sotoungestend unnd tobend
1922 250 2880 413 erzeyge, vnnd was sy darzu eewege. Vnmeldel
1915 303 2900 474 sy habe sich selbs ann das laan gewennet
1917 365 2847 526 unnd wann sy das übergaunge, habe sy imm
1936 430 2874 585 Hompt keyn Ruw, also das sy offtmalenn
1932 479 2885 625 nit wüße, was sy mache, Danns er diser
1932 564 2491 691 sich halb keyn anndre ursaß
1916 656 2811 821 Item warumb sy Vnschwer Jahrs gen abtritt
1924 754 2558 870 gethan unnd gwichen. anntwort
1911 806 2853 943 Nach dem Bacbli Erutz von Capprlenn verschines
1951 865 2916 958 601 jars alhie gfenklich unzogen, habe man
1940 924 2919 1010 tra gseydt, dieselbe habe spa angaben, deswegen
1936 974 2883 1078 y uß farcht gewichtc. Zu dem prspa vor
1948 1024 2736 1153 andern sich zuüsrrenn, vemandt worden
1931 1159 2904 1293 Item sonnst ouch verächenn nnd bekenndt. Ob gleich
1934 1250 2912 1334 wol Hanns Beyins dien unnd Bladen frolichs
1943 1317 2804 1399 thochter sich mitt eynanderen ehelich verbund
1929 1339 2897 1465 habe sya doch vor unnd nach bezüchung deselbigen
1946 1426 2889 1508 ehe sich mit bemelten gygin und frolich,
1929 1496 2889 1587 Als gesagte beyden parthyenn elteren unnd
1942 1540 2844 1663 veren, inn unkünschert pppiger hury
1937 1614 2485 1717 vorgangen unnd vertrefft
1919 1677 2874 1782 Dazu abe syn gemelte egi unnd frölich (wan
1948 1756 2866 1841 ir man fyntze zum wyn gangen nit vilmältign
1952 1796 2883 1897 Aunh altenn vermogenn. Crschächen von 20 jaren.
1913 1889 2883 2020 Item so habe sa ouch mit irenn beyden knechten
1934 1975 2882 2089 welchs by Itra gedienet, vor etwas Jaren
1941 2049 2512 2151 Reuerenier zureden gehuret
1933 2111 2798 2215 Songst aanderer sach halb ist sy nützu
1961 2181 2243 2285 ekanndtlich
2111 2258 2891 2406 lär, darnach mit dem Kleynst
1908 2277 2096 2395 Det1.
2443 2366 2560 2426 vord
1958 2358 2199 2463 yn ufzo
2179 2374 2263 2459 4
1954 2491 2717 2594 uff obgeschibnenn tag ist diser Amattlos
1962 2566 2574 2666 Vs vnnd ledig geloßn worden
