3024 4032
889 1487 987 1587 125
1006 48 1916 248 vermeldet e ime sye danan anders miti
1001 119 1893 310 Inn wüßenn. dan ds eo ghört Nach dem
999 184 1890 349 Abrohem Wynistorff (mit reneent zu
993 240 1914 394 sagend ein goßgestorbenn, welches aber
1006 308 1898 475 so inn synem costenn abwag thun müßen
1005 351 1877 495 sye daszwüschen domalen eynem andwen
1000 410 1900 561 en Ku vedorbenn. daruf gemeltes
1005 479 1917 649 degnistorff Ioen Tpeyen, da der eyn dincklman
997 534 1914 700 unnd der ander Jaggen Leheman heyßen perdig
998 604 1899 744 den Corppel von gedachte kuden hu
990 658 1876 815 Bin sn thus unnd inn syn höfli zu hach
1771 710 1846 755 333.
993 737 1898 894 welches sy gethan, deßwegen eond sy das
997 773 1855 929 zu Solothurn zu gast ghan
994 854 1844 999 Dem habind sy ime s glychsfals zu
1004 935 1842 1057 widerdrießs es todten altes inn
1003 997 1869 1120 garten getworffn, vnnd das alles
997 1044 1826 1154 darumb, das so der h von Iren
991 1102 1903 1236 boscheyten wegen am ehegricht gestrafft
995 1154 1889 1283 E vndmulle abe habe damit nitzit
997 1222 1849 1337 zuschaffen gehept, werde sich ach nit
1001 1288 1156 1343 fenden
1169 1482 1715 1610 Dnre hanwartt der
1193 1563 1651 1665 hand von Coppingen
973 1619 1911 1739 Ist jars unnd tags inn bywäsen obgeschribn
1015 1704 1894 1802 ne myne herren glychpfahls zu Merzeli
1006 1750 1904 1832 anzuzeygen vermandt worden. Warumb er
1028 1811 1894 1911 othan glupten, die wirtshüse zu myden.
1010 1869 1916 1976 obetretten, Item wievil entschlachnuß
1018 1910 1229 1994 e gethan
1039 1968 1891 2076 De gibt zu bschyd. Es habind ime gute
995 2037 1860 2121 gsellen darzu gebracht, vnd vermeynt eyn
1015 2076 1876 2183 trnuek zu thun, solte ime nit soml schadenn
1017 2131 1771 2238 ss imme lagd, welle es nit mehr thun.
1004 2204 1875 2329 De enntschlachnussen halb zeige Jo ar. Als
1019 2261 1875 2405 eo uff yyn zyl zu Georgn Kadeli gseydt
1005 2310 1891 2457 er vo yn felen hudle, sa daselbig
1022 2345 1865 2500 gespruchet und imme angemtkt worden.
1040 2410 1878 2547 solls bekenne, das so mit von ime wieß
1027 2455 1852 2605 dan alle liebs und guts, das haber
1014 2503 1586 2617 so rüchliehe wys gethan.
2018 48 2979 248 Denne als e dem frywiebel zu Coppingenn
2015 102 2956 285 yn mal fürgehalten. Er gseche zune genug
1997 114 2990 331 unnd durs affolte nit. Habe er ouch zem ob.
2015 182 3016 368 geschriben famm mit imme bornehen müsenne.
2012 226 3016 407 sonnst syr konnt für grichht tagel noch citiert
2009 280 3022 456 worden. Bättend beyd trungenlich umb gnad,
1986 368 2992 564 jede ist lar darnach mit dem kleynd stegen
2238 448 2718 575 ufzogene wordenn.
2042 642 2923 808 ise zwein obgenampte wirdmuller, vnnd
2006 715 2953 870 Hanwardt sind uff yn geschworen umphed, das
2023 765 2934 897 wann sy hinfüro mehr im enchem faler be¬
2037 832 3008 954 griffenn wedind, myn ich ab inen nach doem
2036 878 2928 1007 vedienen als ehrlosen lüchen richten las
2026 922 2979 1061 mogind  usgelaßen wordenn, söllend orch vor
2041 979 3001 1103 de christenlichenn gmeind gottes ein widrruff
2025 1032 2976 1163 thun und sich zon mißhandlung bekennen
1990 1216 2083 1285 126
2144 1150 2702 1310 Weigrets Jacoon.
1938 1427 2994 1570 Wig septemb 160 jars ist Margreth
2041 1497 3036 1601 jacror, welche h venner Welladings knecht
2038 1561 3036 1648 yn unehlich kind gäben, selbigs aber yynem
2044 1636 2976 1710 airen zuegnenn wellen, mit dem Erd
2059 1675 2995 1772 von myne gth unnd obereim stetten landen
2015 1712 2758 1820 vnnd gepieten, vewisen worden
1946 1969 2057 2022 127.
2185 1929 2738 2058 Anthort Gandar.
2050 2180 3029 2320 uff 5 decembris 1601 jahrs ist Annthoni Gann
2060 2241 2965 2358 dard vonn Buchbeg frysingegepiblt, mit dem
2045 2296 2992 2410 syd von myner gnädigen herenn und ober stetten
2035 2341 2695 2456 laundei unnd gerieten, verwise worden
2369 2511 2486 2586 Ruderus
1955 2513 2962 2654 Nota Dominus Jacobus quousam Eecessia in Schupffen
1940 2594 2977 2683 28 minchter ist das imme eyn kind worden und er das nit
2041 2642 2914 2723 gewellenn, sondes verlougnet und veners ptsers
2050 2676 3005 2770 also stillgestelt, das er wede zum schul noch kelehdienst
2050 2725 2950 2809 nit mehr gebrucht, den tyd inn das land, jedoch
2050 2758 2985 2854 den end uß der statt und Kilchspal Schupffen haben soll
2054 2798 2972 2905 ud er darzo als yin gast wordlen, abe dann im hus
2045 2841 2440 2903 häblich sitzen solle. Eit
2051 2866 2934 2953 dmm shatzedel1 der decemb 1601 lug
2978 -2 3026 66 15
