3024 4032
907 36 1901 251 Der Heren halb dero ervedacht wad von et
974 145 1880 299 angäben eoordenn. Vn erbet er beschehe hme
972 215 1876 358 unrecht. Dan uff yne hoth habe sich begaben
973 255 1890 433 das er hs Berchtolden tangfert, a sye uf
975 334 1870 477 dem kehr ein frome so damach mit dem fuhr
984 399 1882 569 ingericht die pfläsende. Die habe auch
970 463 1887 602 nebend demselbigenn uß den barben ari ge
980 531 1864 690 zogenn, darer Ira gewedt vnd als sy
984 598 1862 749 dauon nit aberstan noch haen wellen
972 660 1866 802 habe er sy mit eynem stecken gschlagen.
992 746 1855 873 von welcheen so harnach us nydr ins
967 808 1903 935 unnd freundtschafft angaben worden. er aber
978 879 1862 1031 sye diße annlag unnd verdachten hexen
1004 940 1666 1069 nemllen annhengig gewäsen
1021 1247 1111 1323 133.
1207 1229 1689 1343 Clache Grraid
1252 1314 1652 1412 eß deherschafft Thonan
1018 1364 1903 1506 Dise ist uff 22 decembris 160 jar
990 1439 1885 1562 Inn syn heyinel gewisenn und gmandt
1024 1519 1870 1641 worden durch ehrliche handerbeyt zu
1021 1585 1219 1674 erwehren.
1216 1832 1761 1932 Hans Schenct von
954 1893 1065 1964 134.
1329 1910 1561 2015 Göttennbach
1021 2014 1891 2128 uff obgenelten tag. Ist dise glychspals
1027 2095 1887 2199 legen unnd sich mit arbgt fürzubrangen
1027 2145 1386 2257 gewesen worden.
2928 52 2992 134 20
2140 68 2701 232 Francore Mlaucho
1923 207 3010 386 65 Uff 29 decembris abgeflosnen 160 Jars
2037 278 3037 428 ind Hanns Fesnacht unnd fauwio Elanchor
2028 338 3005 522 beyd vonn dsch so alhie znn gfangenschafft
2040 407 3038 568 enthalten werdend, uff beüelch hochgeachtete
2040 484 3046 621 myner g herrenn unnd obwein ihnn gegenwirtig.
2031 554 3022 683 keyt der frommen f l d h Cunradt vogts
2036 613 3052 772 deß hats Undrentz Holtzers der Bargern
2039 709 3050 845 unnd Nielans Vomosselmens Großappybels
2016 770 3031 909 Inn der annsel confesatieel und sonderlich
2029 852 3028 982 daselbst annzognem shanhod fürgehaltenn
2037 931 3017 1046 unnd anzubeigenn, vemandt wordenn,
1995 1001 2984 1101 wWar ieme doch demsachet, berürdtem
2024 1050 3027 1178 Basracht thun thun gfangenstchafft
2003 1114 3001 1253 zuueschaffenn und worumb er ime ge
1999 1203 3028 1317 athroüwwt, wann e nit bekenne ode sage
2010 1288 3024 1393 das e imme blauchod etlicher reden halb,
2023 1373 3031 1475 unrecht gethan er gerichtet worden müße
2003 1425 3016 1550 welches vil wytlouffige  obernam¬
2042 1492 3037 1626 ete myne herrenn, dargethan, dan zurepe
2026 1570 2873 1677 stirenn vonnöth Ward daruf
2029 1620 3002 1723 über fasnachts hirnoi gethane bekandt.
2042 1682 2989 1805 nuß vilgedachte Clauchod Annred
2016 1755 2929 1863 Das e ja inne fasnacht von etlichem
2041 1828 2700 1935 anclegtenn wegen zu hun
2026 1892 3033 2023 nach dem es find uff anhalten ergünstig
2045 1945 3031 2104 et woden) gefencklich vnnzuch heyßen
2033 2018 3047 2152 unnd nach dem er wideumb eß de gfangen
2047 2073 3039 2232 schafft kommen. Habe er zu has nach gesprochen.
2014 2142 3024 2286 wann er nit bekenne, das e Ime vnecht
2049 2222 3013 2344 gethan, müße e nit alledingen ledig.
2044 2268 3026 2398 sonders widerumb yungelegen werden
2718 2418 2928 2499 das e
