3024 4032
1012 181 1785 293 eßglychenn syn noch antragende wamsel
961 257 1741 318 Wanschwöste Stieffsin, wie ouch die kas
1016 298 1803 386 huße imr funden worden, entfrombdet
950 377 1824 485 Item Christenn schmid uffem stalden habe
990 450 1833 538 er druhembli vn wehr, so mpt etwas aß ege
986 496 1866 588 sops gestolen, und als se dessen wargewonet
983 541 1827 650 die hembli und wehr ime wider zugestelt
986 600 1788 703 die sops verstoßen und darnach vebrucht
983 710 1834 794 Verers deß sinder imme gefundenen finges halb
985 770 1842 868 habe es sich mit dem selbigen als begebenn
975 823 1813 916 Diewyl se bekenndte diebstälen hefftig ver
971 875 1852 973 lümbdet, habe e und Hüser sich mit ynandeen
973 929 1842 1022 vnglichen iun krieg und nach denf zuzuehenn,
968 987 1854 1081 unnd als so gan weysmnlen inn das obersibenn.
983 1051 1846 1128 thall komen undeannderem gredt, wie sy et
982 1097 1828 1180 liehe maln ghört, imm fahl yner von hinge-
999 1159 1840 1230 richteten pesonen, etwan glide ode strang
972 1202 1869 1297 überkomme, sölle das zum spilen oder kyyglen,
988 1259 1822 1355 nütz und dernstlich syy und daruf sich by
997 1309 1857 1415 de nacht usgelaßen zum hochgricht verfügt.
958 1369 1830 1463 Dasyee guben uff eyn darby stehenden thann
975 1428 1834 1514 Busheim gestigen unnd die domalein
1013 1483 1837 1566 ingeichtet person, ab dem hochgricht ge
1001 1530 1880 1620 lediget, jeder yn finger abgetrayt zu dem
1001 1584 1821 1680 onch von des rechten hand den thumen
994 1635 1848 1733 genommen unnd selbigen Hans Brunsen
1002 1696 1384 1791 Wald zugestelt.
958 1762 1842 1885 Item so habe v ouch in bywäsen, mit hilff
985 1847 1853 1948 unnd zu thun schwartz petes Hans Brunen
1001 1895 1884 1995 Waldts und Hlans Huserrs inn jüngst
1001 1953 1890 2056 abgefloßnen meymonat vnn junge thochter
1002 2007 1896 2115 Vena Moseüe genampt von Wyßenberg pürtig
989 2071 1882 2140 by dem hochenstag nungetroffen, ira unehr
1006 2125 1892 2222 Liche sachen zugemutet, vnd als sy inen iren
1019 2177 1848 2263 handtlichen eintwillen mit ira suun-
986 2225 1881 2326 bringenn nit gestatten weller, Habind sy uf
1004 2272 1886 2391 syn geschlagen. Deßwegen sy angentz ind Rübi
1015 2350 1872 2431 an die beyn gehalten und hilff begärt, das
1004 2404 1814 2498 sy aber nit so vil geschiimpt, dan das sy
1006 2444 1893 2542 selbige vmürdt, schwartz dia den ersten stich
998 2513 1902 2598 gäben, daruf sy gesagte thochte in das waße
1009 2575 1854 2651 geworffen. by soll ichem begangenem mord
1016 2615 1646 2706 aber syr Jacob Meyne nit gesyn.
1673 2682 1782 2777 Item
2022 87 3003 264 Hteins habind, la unnd syne cansotenn ch unzöbch ire
2041 185 3006 301 knüttel by dem hocheem stag probiert, deßen Peter
1993 207 3049 344 wül gwan wordenen. Nachdem e abe uffde nacht für
2037 278 3022 401 unnd lemzüchen welbenn. aber und enstig ge
1992 306 2979 477 ylet, syend sy ime nachgeloffen, mit steynen zu imme
2062 359 3011 504 eworffen, alles uff das end hin inne umbzubringen
2041 415 3010 548 unnd zuemürden. Er abe sor demaßen geflochen
2048 464 2998 610 das sy imme nit nachkommen mögen, dan e inen dnn spn
2052 571 2292 643 zue entramen
2037 571 3012 702 Venes habind sy nit allein am landestag etlichen
2034 620 2974 744 Empasmennden leten, sondes auch ampert by
2065 661 2945 814 wysunlen eynem jungen man unnd f Franntz
2037 716 3007 856 und wigen von Ehrlach h zu Spietz sampt
2054 766 3014 931 yne husfroumen, nechtlichen wil imm fust
2032 815 3018 971 Wald gewartet unnd entlichen vorhabens gsyn,
2024 871 3057 1029 wann s ode andere kommen wänndn zu emürden,
2205 934 2240 970 e
2037 915 3013 1065 wie sy dann gesagtem junekeren die thürli an
2066 984 3027 1119 dem straßen mit hulfen vebunden, damite
2053 1064 2679 1193 desto minder entrinnen möchte
2028 1135 3019 1262 Wytes hat er ouch bekenndt, das e vnd syne mit ge¬
2083 1220 3000 1323 ellenn by dem hochennstäg yn wybpperson
2077 1250 2955 1349 angriffen. Wann aber angentz etliche hund
2062 1320 3008 1411 kommen, habenden sy vermyndt lüch vorhanden spend
2046 1372 2990 1487 Deßwegen sy das bemelt fraumen verlaßenn.
2081 1443 2511 1539 bend sy dauon geflochen
2058 1518 3037 1620 Item so habind sy ouch dem wit ann de glutsth
2067 1572 3012 1671 uß eynem gänteli syn selbergschia nemmen unnd
2084 1649 3041 1732 tälen wellene, das sy abernit zuwagen brangen
2086 1717 2224 1782 mogen.
