<?xml version="1.0" encoding="UTF-8" standalone="yes"?>
<PcGts xmlns="http://schema.primaresearch.org/PAGE/gts/pagecontent/2013-07-15" xmlns:xsi="http://www.w3.org/2001/XMLSchema-instance" xsi:schemaLocation="http://schema.primaresearch.org/PAGE/gts/pagecontent/2013-07-15 http://schema.primaresearch.org/PAGE/gts/pagecontent/2013-07-15/pagecontent.xsd">
    <Metadata>
        <Creator>prov=University of Rostock/Institute of Mathematics/CITlab|PLANET AI GmbH/Gundram Leifert/gundram.leifert@planet-ai.de:name=German_Kurrent_XVI-XVIII_M1(htr_id=19584)::::v=2.6.6
prov=University of Rostock/Institute of Mathematics/CITlab|PLANET AI GmbH/Tobias Gruening/tobias.gruening@planet-ai.de:name=de.uros.citlab.module.baseline2polygon.B2PSeamMultiOriented:v=2.6.6
prov=University of Rostock/Institute of Mathematics/CITlab|PLANET AI GmbH/Tobias Gruening/tobias.gruening@planet-ai.de:name=/net_tf/LA73_249_0mod360.pb:de.uros.citlab.segmentation.CITlab_LA_ML:v=2.6.6
Transkribus</Creator>
        <Created>2020-10-05T15:03:51.476+02:00</Created>
        <LastChange>2022-09-09T15:59:37.944+02:00</LastChange>
        <TranskribusMetadata docId="1334831" pageId="52360965" pageNr="27" tsid="114642742" status="IN_PROGRESS" userId="9570" imgUrl="https://files.transkribus.eu/Get?id=FPXKTAWQLSZDOLJQIOSTXCOE&amp;fileType=view" xmlUrl="https://files.transkribus.eu/Get?id=LLLPSFUUAHFZVDGNHDKEUWRU" imageId="16066732"/>
    </Metadata>
    <Page imageFilename="Turmbuch_StAB B IX 476_00027-20200925_082646.jpg" imageWidth="5472" imageHeight="7296">
        <ReadingOrder>
            <OrderedGroup id="ro_1687513721417" caption="Regions reading order">
                <RegionRefIndexed index="0" regionRef="r1"/>
                <RegionRefIndexed index="1" regionRef="r2"/>
                <RegionRefIndexed index="2" regionRef="r3"/>
                <RegionRefIndexed index="3" regionRef="r4"/>
            </OrderedGroup>
        </ReadingOrder>
        <TextRegion orientation="0.0" id="r1" custom="readingOrder {index:0;}">
            <Coords points="684,1429 684,1588 844,1588 844,1429"/>
            <TextLine id="r1l1" custom="readingOrder {index:0;}">
                <Coords points="675,1560 721,1552 731,1559 744,1547 791,1559 807,1541 853,1531 850,1453 827,1448 808,1458 763,1446 754,1456 746,1451 688,1497 673,1498"/>
                <Baseline points="684,1538 710,1535 737,1533 764,1530 790,1529 817,1530 844,1534"/>
                <TextEquiv>
                    <Unicode>52</Unicode>
                </TextEquiv>
            </TextLine>
            <TextEquiv>
                <Unicode>52</Unicode>
            </TextEquiv>
        </TextRegion>
        <TextRegion orientation="0.0" id="r2" custom="readingOrder {index:1;}">
            <Coords points="1074,1539 1074,5332 2568,5332 2568,1539"/>
            <TextLine id="r2l1" custom="readingOrder {index:0;} person {offset:23; length:8;}">
                <Coords points="1142,1692 1288,1638 1647,1655 1705,1618 1834,1654 1995,1580 2481,1616 2475,1538 2107,1440 1839,1456 1697,1557 1334,1483 1133,1555"/>
                <Baseline points="1150,1662 1216,1656 1282,1651 1348,1645 1414,1637 1480,1631 1546,1623 1612,1618 1678,1610 1744,1604 1810,1600 1876,1593 1942,1590 2008,1586 2074,1583 2140,1581 2206,1580 2272,1582 2338,1583 2404,1586 2470,1592"/>
                <TextEquiv>
                    <Unicode>Vnd obgleichwol sy die Arburger</Unicode>
                </TextEquiv>
            </TextLine>
            <TextLine id="r2l2" custom="readingOrder {index:1;}">
                <Coords points="1126,1781 1236,1758 1295,1806 1629,1712 1744,1752 1808,1707 2434,1705 2481,1688 2476,1615 2333,1644 2235,1585 1641,1659 1539,1627 1122,1733"/>
                <Baseline points="1134,1760 1200,1753 1267,1746 1334,1740 1401,1734 1468,1726 1534,1720 1601,1713 1668,1706 1735,1701 1802,1696 1868,1691 1935,1686 2002,1682 2069,1680 2136,1676 2202,1675 2269,1674 2336,1674 2403,1674 2470,1676"/>
                <TextEquiv>
                    <Unicode>samptlich kein Vrsach gehabt, sich wider</Unicode>
                </TextEquiv>
            </TextLine>
            <TextLine id="r2l3" custom="readingOrder {index:2;}">
                <Coords points="1190,1879 1244,1847 1370,1889 1435,1824 1636,1805 1751,1857 1878,1790 1938,1839 1999,1784 2055,1819 2174,1778 2525,1805 2520,1711 2330,1745 2198,1690 2118,1745 1593,1715 1286,1807 1184,1764"/>
                <Baseline points="1198,1850 1263,1841 1329,1833 1395,1826 1461,1819 1527,1811 1592,1804 1658,1799 1724,1793 1790,1789 1856,1784 1921,1781 1987,1777 2053,1776 2119,1774 2185,1774 2250,1774 2316,1774 2382,1777 2448,1780 2514,1784"/>
                <TextEquiv>
                    <Unicode>Ire g. oberkeit vf zulähnen, bittenmahl</Unicode>
                </TextEquiv>
            </TextLine>
            <TextLine id="r2l4" custom="readingOrder {index:3;}">
                <Coords points="1136,1953 1852,1885 1980,1907 2026,1865 2120,1918 2336,1862 2314,1775 2185,1825 2002,1782 1939,1840 1751,1856 1683,1814 1565,1865 1428,1836 1344,1889 1130,1863"/>
                <Baseline points="1146,1946 1205,1937 1264,1929 1323,1922 1382,1915 1441,1908 1500,1902 1559,1899 1618,1894 1677,1890 1736,1885 1795,1882 1854,1879 1913,1875 1972,1872 2031,1870 2090,1868 2149,1864 2208,1862 2267,1858 2326,1856"/>
                <TextEquiv>
                    <Unicode>sy von dero, alles, was sey begert,</Unicode>
                </TextEquiv>
            </TextLine>
            <TextLine id="r2l5" custom="readingOrder {index:4;}">
                <Coords points="1133,2033 1337,2003 1415,2051 1652,1978 1892,2031 2137,1946 2281,1983 2428,1957 2424,1901 2328,1872 2112,1923 2023,1888 1847,1927 1790,1889 1737,1927 1616,1901 1416,1966 1335,1930 1130,1976"/>
                <Baseline points="1142,2012 1205,2010 1269,2008 1333,2004 1397,1999 1461,1995 1524,1991 1588,1985 1652,1981 1716,1974 1780,1971 1843,1966 1907,1960 1971,1957 2035,1953 2099,1950 2162,1948 2226,1946 2290,1944 2354,1944 2418,1946"/>
                <TextEquiv>
                    <Unicode>erlangt, habe Er sich doch in</Unicode>
                </TextEquiv>
            </TextLine>
            <TextLine id="r2l6" custom="readingOrder {index:5;}">
                <Coords points="1166,2141 1859,2058 2086,2090 2280,2021 2484,2041 2481,2001 2217,1964 1894,2029 1637,1980 1420,2052 1336,2003 1159,2045"/>
                <Baseline points="1174,2108 1239,2104 1304,2098 1369,2093 1434,2088 1499,2082 1564,2076 1629,2070 1694,2066 1759,2060 1824,2055 1889,2050 1954,2046 2019,2042 2084,2038 2149,2036 2214,2034 2279,2033 2344,2032 2409,2033 2474,2034"/>
                <TextEquiv>
                    <Unicode>disem rebelionwesen verhalten, wie</Unicode>
                </TextEquiv>
            </TextLine>
            <TextLine id="r2l7" custom="readingOrder {index:6;}">
                <Coords points="1188,2208 1318,2193 1412,2239 1635,2152 1786,2214 1860,2166 1974,2199 2201,2118 2294,2185 2396,2124 2391,2046 2281,2020 2138,2090 1858,2060 1666,2114 1502,2088 1415,2140 1242,2115 1185,2158"/>
                <Baseline points="1198,2198 1257,2193 1316,2185 1376,2180 1435,2174 1495,2169 1554,2163 1613,2158 1673,2153 1732,2147 1792,2142 1851,2139 1910,2135 1970,2131 2029,2129 2089,2126 2148,2124 2207,2124 2267,2122 2326,2122 2386,2124"/>
                <TextEquiv>
                    <Unicode>übrige seine nachburen, vnd sye</Unicode>
                </TextEquiv>
            </TextLine>
            <TextLine id="r2l8" custom="readingOrder {index:7;}">
                <Coords points="1198,2310 1269,2352 1601,2253 1692,2294 2122,2224 2453,2252 2448,2160 2288,2182 2215,2121 2149,2182 2091,2145 2021,2197 1585,2185 1396,2243 1318,2194 1194,2237"/>
                <Baseline points="1206,2290 1267,2284 1329,2278 1391,2271 1453,2265 1515,2260 1576,2254 1638,2248 1700,2243 1762,2239 1824,2236 1885,2233 1947,2230 2009,2227 2071,2226 2133,2224 2194,2222 2256,2222 2318,2222 2380,2224 2442,2226"/>
                <TextEquiv>
                    <Unicode>by Inen einer gsein, wie der ander</Unicode>
                </TextEquiv>
            </TextLine>
            <TextLine id="r2l9" custom="readingOrder {index:8;}">
                <Coords points="1127,2489 1322,2413 1424,2452 1748,2402 1800,2444 2012,2361 2525,2393 2522,2329 2340,2259 2223,2315 2028,2283 1947,2322 1870,2277 1657,2343 1580,2295 1285,2357 1199,2303 1121,2357"/>
                <Baseline points="1134,2432 1203,2428 1272,2423 1341,2418 1410,2412 1479,2408 1548,2403 1617,2397 1686,2394 1755,2389 1824,2384 1893,2381 1962,2378 2031,2374 2100,2372 2169,2370 2238,2370 2307,2370 2376,2372 2445,2374 2514,2376"/>
                <TextEquiv>
                    <Unicode>Darzu sy dan verursachet die relation</Unicode>
                </TextEquiv>
            </TextLine>
            <TextLine id="r2l10" custom="readingOrder {index:9;}">
                <Coords points="1167,2556 1508,2496 1641,2538 1759,2481 2493,2488 2515,2429 2393,2387 2203,2428 2013,2363 1800,2445 1546,2419 1414,2467 1321,2414 1261,2473 1162,2458"/>
                <Baseline points="1174,2526 1240,2520 1307,2514 1373,2510 1440,2504 1507,2498 1573,2494 1640,2488 1706,2484 1773,2478 1840,2474 1906,2470 1973,2467 2039,2464 2106,2462 2172,2460 2239,2460 2306,2460 2372,2460 2439,2462 2506,2466"/>
                <TextEquiv>
                    <Unicode>deß vndervogts vnd Seckelmeisters</Unicode>
                </TextEquiv>
            </TextLine>
            <TextLine id="r2l11" custom="readingOrder {index:10;} place {offset:3; length:6;}">
                <Coords points="1195,2659 1433,2592 1703,2580 1774,2619 1978,2563 2496,2553 2398,2467 2212,2520 1945,2486 1190,2551"/>
                <Baseline points="1202,2602 1266,2598 1330,2595 1394,2591 1458,2586 1523,2582 1587,2578 1651,2574 1715,2570 1779,2566 1844,2563 1908,2559 1972,2557 2036,2553 2100,2552 2165,2550 2229,2548 2293,2548 2357,2548 2421,2548 2486,2550"/>
                <TextEquiv>
                    <Unicode>zu Arburg, welche als ußgeschoßne</Unicode>
                </TextEquiv>
            </TextLine>
            <TextLine id="r2l12" custom="readingOrder {index:11;} organization {offset:7; length:14;} organization {offset:22; length:7; continued:true;}">
                <Coords points="1206,2702 1570,2669 1641,2722 1752,2662 1905,2719 2087,2634 2372,2681 2473,2656 2363,2566 2082,2598 2017,2566 1773,2620 1704,2583 1616,2631 1480,2594 1204,2660"/>
                <Baseline points="1214,2690 1276,2687 1338,2682 1401,2678 1463,2675 1526,2672 1588,2667 1650,2664 1713,2660 1775,2656 1838,2654 1900,2650 1962,2648 2025,2646 2087,2644 2150,2642 2212,2641 2274,2640 2337,2640 2399,2641 2462,2642"/>
                <TextEquiv>
                    <Unicode>an die Gumißwaldische Landts¬</Unicode>
                </TextEquiv>
            </TextLine>
            <TextLine id="r2l13" custom="readingOrder {index:12;} organization {offset:0; length:6; continued:true;}">
                <Coords points="1193,2851 1353,2779 1628,2820 1704,2762 2035,2767 2113,2749 2109,2671 1898,2720 1828,2679 1717,2680 1570,2740 1460,2688 1297,2750 1186,2722"/>
                <Baseline points="1198,2784 1243,2782 1288,2780 1333,2777 1378,2775 1424,2772 1469,2772 1514,2770 1559,2768 1604,2767 1650,2764 1695,2763 1740,2762 1785,2758 1830,2756 1876,2754 1921,2750 1966,2748 2011,2743 2056,2738 2102,2732"/>
                <TextEquiv>
                    <Unicode>gemind geschickt worden</Unicode>
                </TextEquiv>
            </TextLine>
            <TextLine id="r2l14" custom="readingOrder {index:13;}">
                <Coords points="1195,3093 1324,3028 1548,3062 1629,3021 1719,3077 1825,3006 2039,3051 2088,3013 2373,3013 2371,2951 2299,2922 2157,2932 1980,2858 1687,2951 1457,2895 1301,2975 1192,2977"/>
                <Baseline points="1202,3026 1260,3024 1318,3022 1376,3020 1434,3019 1492,3016 1550,3014 1608,3013 1666,3012 1724,3010 1782,3008 1840,3006 1898,3004 1956,3004 2014,3002 2072,3000 2130,3000 2188,2998 2246,2996 2304,2996 2362,2996"/>
                <TextEquiv>
                    <Unicode>Die Vrsach aber seines Stritts</Unicode>
                </TextEquiv>
            </TextLine>
            <TextLine id="r2l15" custom="readingOrder {index:14;}">
                <Coords points="1186,3166 1530,3114 1662,3158 1756,3099 1873,3138 2075,3083 2149,3130 2254,3081 2326,3127 2427,3089 2482,3120 2509,3017 2329,3044 2251,2996 2049,3057 1961,3008 1502,3075 1327,3028 1183,3093"/>
                <Baseline points="1194,3124 1259,3120 1324,3116 1390,3112 1455,3109 1521,3106 1586,3103 1651,3099 1717,3096 1782,3094 1848,3092 1913,3090 1978,3088 2044,3086 2109,3084 2175,3084 2240,3082 2305,3082 2371,3082 2436,3082 2502,3084"/>
                <TextEquiv>
                    <Unicode>seye gewesen, daß er beförchtet,</Unicode>
                </TextEquiv>
            </TextLine>
            <TextLine id="r2l16" custom="readingOrder {index:15;}">
                <Coords points="1187,3284 1289,3217 1369,3246 1623,3198 1747,3241 1853,3182 2058,3213 2260,3180 2348,3233 2469,3205 2466,3097 2392,3136 2083,3106 1773,3148 1730,3111 1664,3157 1617,3118 1184,3166"/>
                <Baseline points="1194,3218 1257,3214 1320,3210 1383,3206 1446,3202 1510,3198 1573,3196 1636,3192 1699,3190 1762,3188 1826,3186 1889,3184 1952,3182 2015,3180 2078,3180 2142,3180 2205,3180 2268,3180 2331,3182 2394,3182 2458,3184"/>
                <TextEquiv>
                    <Unicode>Der Herr obervogt werde vil uß</Unicode>
                </TextEquiv>
            </TextLine>
            <TextLine id="r2l17" custom="readingOrder {index:16;}">
                <Coords points="1205,3322 1424,3310 1503,3365 1709,3281 1841,3317 1992,3271 2095,3325 2205,3271 2298,3337 2369,3296 2367,3244 2253,3206 2067,3238 2016,3201 1954,3238 1881,3202 1745,3245 1682,3207 1435,3256 1332,3223 1204,3276"/>
                <Baseline points="1214,3312 1271,3307 1328,3303 1385,3298 1442,3294 1500,3290 1557,3287 1614,3284 1671,3280 1728,3278 1786,3276 1843,3274 1900,3272 1957,3272 2014,3270 2072,3270 2129,3270 2186,3270 2243,3270 2300,3271 2358,3272"/>
                <TextEquiv>
                    <Unicode>rach wegen deß mit im gehabten</Unicode>
                </TextEquiv>
            </TextLine>
            <TextLine id="r2l18" custom="readingOrder {index:17;}">
                <Coords points="1197,3430 1400,3445 1599,3394 1750,3443 2005,3389 2097,3431 2174,3384 2169,3300 2069,3330 2003,3276 1779,3306 1727,3346 1598,3329 1479,3370 1386,3326 1300,3375 1194,3367"/>
                <Baseline points="1206,3414 1253,3412 1301,3411 1349,3408 1397,3405 1445,3402 1493,3399 1541,3396 1589,3392 1637,3388 1685,3385 1732,3383 1780,3379 1828,3377 1876,3374 1924,3372 1972,3372 2020,3372 2068,3372 2116,3373 2164,3376"/>
                <TextEquiv>
                    <Unicode>Tölhandels, ab Ime Klagen.</Unicode>
                </TextEquiv>
            </TextLine>
            <TextLine id="r2l19" custom="readingOrder {index:18;}">
                <Coords points="1149,3710 1427,3681 1740,3751 1871,3689 1941,3723 2492,3697 2490,3603 2446,3586 2195,3628 2036,3569 1927,3600 1798,3563 1642,3641 1516,3595 1300,3633 1147,3572"/>
                <Baseline points="1158,3686 1224,3686 1290,3684 1356,3684 1422,3684 1489,3682 1555,3682 1621,3680 1687,3678 1753,3678 1820,3676 1886,3674 1952,3674 2018,3672 2084,3672 2151,3670 2217,3670 2283,3670 2349,3668 2415,3668 2482,3670"/>
                <TextEquiv>
                    <Unicode>Vber diß verhafften, sich deß leidig</Unicode>
                </TextEquiv>
            </TextLine>
            <TextLine id="r2l20" custom="readingOrder {index:19;}">
                <Coords points="2424,3752 2445,3756 2451,3750 2459,3749 2467,3754 2476,3751 2492,3754 2496,3706 2484,3707 2468,3690 2445,3709 2428,3706"/>
                <Baseline points="2436,3730 2484,3734"/>
                <TextEquiv>
                    <Unicode>.</Unicode>
                </TextEquiv>
            </TextLine>
            <TextLine id="r2l21" custom="readingOrder {index:20;}">
                <Coords points="1186,3830 1604,3800 1719,3845 1827,3801 2232,3780 2303,3842 2356,3827 2354,3737 2044,3711 1862,3746 1796,3712 1709,3762 1453,3696 1408,3732 1183,3727"/>
                <Baseline points="1194,3804 1251,3804 1309,3802 1366,3802 1424,3800 1482,3798 1539,3796 1597,3795 1654,3794 1712,3791 1770,3790 1827,3788 1885,3786 1942,3784 2000,3782 2058,3781 2115,3780 2173,3778 2230,3778 2288,3776 2346,3776"/>
                <TextEquiv>
                    <Unicode>rebellion unwesens nit wenig</Unicode>
                </TextEquiv>
            </TextLine>
            <TextLine id="r2l22" custom="readingOrder {index:21;} person {offset:22; length:10;}">
                <Coords points="1169,3906 1474,3963 1705,3902 1816,3952 1947,3889 2493,3902 2492,3851 2166,3790 1727,3852 1168,3849"/>
                <Baseline points="1178,3904 1243,3905 1308,3906 1373,3905 1438,3904 1504,3902 1569,3902 1634,3900 1699,3898 1764,3896 1830,3894 1895,3891 1960,3890 2025,3888 2090,3886 2156,3884 2221,3884 2286,3884 2351,3883 2416,3884 2482,3884"/>
                <TextEquiv>
                    <Unicode>theillhafft gemachten Ulli nonen,</Unicode>
                </TextEquiv>
            </TextLine>
            <TextLine id="r2l23" custom="readingOrder {index:22;}">
                <Coords points="1121,4073 1301,4016 1764,4012 1914,4063 2221,3992 2445,4061 2479,3965 2279,3962 2146,3888 2075,3937 1938,3901 1800,3968 1577,3937 1520,3974 1343,3913 1120,3938"/>
                <Baseline points="1130,4004 1197,4004 1264,4004 1331,4004 1398,4004 1465,4004 1532,4004 1599,4004 1666,4004 1733,4002 1800,4002 1867,4002 1934,4001 2001,4000 2068,4000 2135,3998 2202,3998 2269,3998 2336,3996 2403,3996 2470,3994"/>
                <TextEquiv>
                    <Unicode>bluhts verbrechen, habend mein</Unicode>
                </TextEquiv>
            </TextLine>
            <TextLine id="r2l24" custom="readingOrder {index:23;}">
                <Coords points="1122,4156 1505,4114 1649,4149 1743,4109 1862,4159 2216,4119 2281,4167 2462,4116 2462,3995 2356,4073 2183,4013 1958,4071 1764,4015 1707,4061 1622,4016 1511,4062 1420,4020 1123,4071"/>
                <Baseline points="1132,4108 1198,4110 1264,4110 1330,4110 1396,4112 1462,4112 1528,4112 1594,4112 1660,4114 1726,4114 1792,4114 1858,4114 1924,4114 1990,4114 2056,4114 2122,4113 2188,4112 2254,4112 2320,4112 2386,4112 2452,4110"/>
                <TextEquiv>
                    <Unicode>gnädig herren räth und Burger</Unicode>
                </TextEquiv>
            </TextLine>
            <TextLine id="r2l25" custom="readingOrder {index:24;}">
                <Coords points="1890,4247 2038,4209 2119,4245 2180,4220 2274,4254 2339,4213 2444,4268 2509,4233 2508,4169 2468,4170 2423,4130 2368,4153 2325,4144 2262,4183 2199,4143 2151,4161 2104,4138 2026,4169 1976,4124 1889,4130"/>
                <Baseline points="1900,4216 1929,4216 1959,4216 1989,4216 2019,4216 2049,4216 2079,4216 2109,4214 2139,4214 2169,4214 2199,4214 2228,4214 2258,4214 2288,4214 2318,4214 2348,4214 2378,4213 2408,4212 2438,4212 2468,4212 2498,4212"/>
                <TextEquiv>
                    <Unicode>daß derselbige</Unicode>
                </TextEquiv>
            </TextLine>
            <TextLine id="r2l26" custom="readingOrder {index:25;}">
                <Coords points="1064,4267 1110,4237 1146,4256 1206,4242 1237,4259 1277,4241 1371,4234 1386,4218 1432,4235 1432,4179 1416,4181 1376,4147 1343,4176 1309,4169 1277,4139 1230,4151 1183,4134 1149,4168 1137,4158 1063,4188"/>
                <Baseline points="1074,4230 1100,4228 1127,4227 1154,4226 1181,4224 1207,4224 1234,4222 1261,4222 1288,4222 1314,4222 1341,4223 1368,4224 1395,4224 1422,4226"/>
                <TextEquiv>
                    <Unicode>erkent:</Unicode>
                </TextEquiv>
            </TextLine>
            <TextLine id="r2l27" custom="readingOrder {index:26;}">
                <Coords points="1077,4410 1401,4341 1511,4415 1808,4331 1911,4383 2235,4338 2314,4379 2436,4328 2436,4251 2278,4285 2024,4223 1694,4295 1075,4260"/>
                <Baseline points="1086,4346 1153,4344 1220,4342 1287,4342 1354,4342 1421,4340 1488,4340 1555,4342 1622,4342 1689,4342 1756,4342 1823,4342 1890,4342 1957,4340 2024,4340 2091,4338 2158,4337 2225,4334 2292,4330 2359,4326 2426,4322"/>
                <TextEquiv>
                    <Unicode>ehr und wehrlooß sein ein vrphed</Unicode>
                </TextEquiv>
            </TextLine>
            <TextLine id="r2l28" custom="readingOrder {index:27;}">
                <Coords points="1093,4471 1277,4499 1963,4435 2138,4479 2389,4442 2388,4333 2308,4382 2238,4335 2169,4386 2017,4348 1896,4382 1809,4330 1530,4415 1306,4352 1092,4423"/>
                <Baseline points="1102,4446 1165,4444 1229,4444 1293,4442 1357,4442 1421,4442 1485,4442 1549,4442 1613,4442 1677,4442 1741,4442 1804,4442 1868,4440 1932,4440 1996,4438 2060,4436 2124,4434 2188,4432 2252,4427 2316,4424 2380,4420"/>
                <TextEquiv>
                    <Unicode>über sich nemmen, dem fulen bund</Unicode>
                </TextEquiv>
            </TextLine>
            <TextLine id="r2l29" custom="readingOrder {index:28;}">
                <Coords points="1104,4556 1217,4601 1322,4540 1438,4602 1526,4534 1687,4527 1755,4568 2180,4588 2243,4530 2383,4540 2415,4443 2121,4493 1955,4433 1856,4498 1729,4449 1631,4498 1103,4485"/>
                <Baseline points="1112,4532 1176,4532 1241,4534 1306,4534 1370,4534 1435,4534 1500,4536 1564,4536 1629,4536 1694,4536 1759,4534 1823,4534 1888,4534 1953,4532 2017,4530 2082,4529 2147,4527 2211,4524 2276,4521 2341,4518 2406,4514"/>
                <TextEquiv>
                    <Unicode>abschweren, den costen abtragen und</Unicode>
                </TextEquiv>
            </TextLine>
            <TextLine id="r2l30" custom="readingOrder {index:29;}">
                <Coords points="1072,4688 1323,4636 1458,4710 1594,4664 2082,4708 2209,4625 2359,4707 2443,4672 2443,4549 2182,4593 2040,4555 1963,4603 1688,4527 1438,4604 1160,4598 1071,4550"/>
                <Baseline points="1082,4628 1149,4630 1217,4632 1284,4634 1352,4634 1420,4636 1487,4638 1555,4638 1622,4640 1690,4640 1758,4640 1825,4640 1893,4640 1960,4638 2028,4637 2095,4636 2163,4634 2231,4632 2298,4628 2366,4624 2434,4620"/>
                <TextEquiv>
                    <Unicode>zu einer gen straff zu handen in geben.</Unicode>
                </TextEquiv>
            </TextLine>
            <TextLine id="r2l31" custom="readingOrder {index:30;}">
                <Coords points="1084,4781 1249,4754 1452,4822 1519,4788 1603,4816 1676,4775 1724,4812 1907,4756 1987,4788 2200,4756 2200,4694 2129,4681 1822,4707 1585,4667 1466,4720 1329,4638 1272,4677 1084,4688"/>
                <Baseline points="1094,4754 1148,4752 1203,4752 1258,4750 1313,4750 1368,4750 1422,4750 1477,4750 1532,4750 1587,4750 1642,4750 1696,4750 1751,4750 1806,4750 1861,4748 1916,4748 1970,4747 2025,4746 2080,4744 2135,4740 2190,4738"/>
                <TextEquiv>
                    <Unicode>1000 lb den buß abstatten solle.</Unicode>
                </TextEquiv>
            </TextLine>
            <TextLine id="r2l32" custom="readingOrder {index:31;}">
                <Coords points="1116,4890 1456,4874 1645,4941 1764,4877 2185,4890 2184,4811 2061,4770 1965,4816 1900,4761 1808,4830 1667,4798 1424,4834 1275,4774 1116,4780"/>
                <Baseline points="1126,4870 1178,4870 1230,4871 1283,4872 1335,4872 1388,4872 1440,4872 1492,4872 1545,4872 1597,4872 1650,4870 1702,4870 1754,4870 1807,4870 1859,4870 1912,4868 1964,4868 2016,4868 2069,4867 2121,4866 2174,4866"/>
                <TextEquiv>
                    <Unicode>Actum 13. septembr 1653.</Unicode>
                </TextEquiv>
            </TextLine>
            <TextLine id="r2l33" custom="readingOrder {index:32;}">
                <Coords points="1104,5007 1955,5014 2045,5081 2205,5015 2439,5058 2578,4989 2578,4918 2518,4891 2399,4954 2178,4919 2092,4968 1950,4885 1717,4977 1104,4896"/>
                <Baseline points="1114,4992 1186,4995 1259,4997 1332,4999 1404,5000 1477,5002 1550,5005 1622,5006 1695,5008 1768,5008 1841,5010 1913,5010 1986,5010 2059,5010 2131,5009 2204,5008 2277,5006 2349,5004 2422,5000 2495,4997 2568,4992"/>
                <TextEquiv>
                    <Unicode>Eodem die hatt er das vrphed über sich</Unicode>
                </TextEquiv>
            </TextLine>
            <TextLine id="r2l34" custom="readingOrder {index:33;}">
                <Coords points="1090,5140 1192,5088 1610,5142 1661,5102 1806,5175 1918,5107 2229,5099 2423,5149 2492,5137 2493,5058 2319,5010 2045,5082 1952,5014 1813,5060 1737,5021 1634,5064 1533,5007 1394,5061 1285,5008 1091,5050"/>
                <Baseline points="1100,5086 1169,5088 1238,5089 1307,5090 1376,5092 1446,5094 1515,5096 1584,5098 1653,5100 1722,5102 1792,5104 1861,5104 1930,5106 1999,5106 2068,5106 2138,5106 2207,5104 2276,5103 2345,5101 2414,5097 2484,5094"/>
                <TextEquiv>
                    <Unicode>genommen vnd vnderschriben, dem fulen</Unicode>
                </TextEquiv>
            </TextLine>
            <TextLine id="r2l35" custom="readingOrder {index:34;}">
                <Coords points="1084,5200 1317,5260 1405,5202 1503,5259 1587,5216 1703,5278 1820,5205 1998,5216 2135,5286 2451,5226 2452,5164 2229,5112 2159,5157 1993,5172 1938,5132 1820,5178 1759,5127 1697,5159 1345,5110 1302,5146 1203,5094 1085,5146"/>
                <Baseline points="1094,5190 1161,5190 1228,5188 1296,5190 1363,5190 1431,5192 1498,5195 1565,5197 1633,5200 1700,5202 1768,5206 1835,5208 1902,5210 1970,5212 2037,5212 2105,5212 2172,5212 2239,5210 2307,5207 2374,5202 2442,5196"/>
                <TextEquiv>
                    <Unicode>bund eidtlich abgesagt und uff ein</Unicode>
                </TextEquiv>
            </TextLine>
            <TextLine id="r2l36" custom="readingOrder {index:35;}">
                <Coords points="1100,5298 1315,5310 1382,5368 1420,5346 1477,5371 1538,5319 1613,5316 1721,5356 1870,5329 1957,5361 1960,5265 1884,5266 1822,5205 1704,5278 1587,5217 1482,5262 1407,5209 1303,5260 1102,5240"/>
                <Baseline points="1110,5288 1152,5288 1194,5288 1236,5290 1278,5292 1320,5293 1362,5295 1404,5296 1446,5298 1488,5300 1530,5301 1572,5303 1614,5304 1656,5306 1698,5306 1740,5308 1782,5308 1824,5310 1866,5310 1908,5310 1950,5310"/>
                <TextEquiv>
                    <Unicode>woren gehuldiget.</Unicode>
                </TextEquiv>
            </TextLine>
            <TextEquiv>
                <Unicode>Vnd obgleichwol sy die Arburger
samptlich kein Vrsach gehabt, sich wider
Ire g. oberkeit vf zulähnen, bittenmahl
sy von dero, alles, was sey begert,
erlangt, habe Er sich doch in
disem rebelionwesen verhalten, wie
übrige seine nachburen, vnd sye
by Inen einer gsein, wie der ander
Darzu sy dan verursachet die relation
deß vndervogts vnd Seckelmeisters
zu Arburg, welche als ußgeschoßne
an die Gumißwaldische Landts¬
gemind geschickt worden
Die Vrsach aber seines Stritts
seye gewesen, daß er beförchtet,
Der Herr obervogt werde vil uß
rach wegen deß mit im gehabten
Tölhandels, ab Ime Klagen.
Vber diß verhafften, sich deß leidig
.
rebellion unwesens nit wenig
theillhafft gemachten Ulli nonen,
bluhts verbrechen, habend mein
gnädig herren räth und Burger
daß derselbige
erkent:
ehr und wehrlooß sein ein vrphed
über sich nemmen, dem fulen bund
abschweren, den costen abtragen und
zu einer gen straff zu handen in geben.
1000 lb den buß abstatten solle.
Actum 13. septembr 1653.
Eodem die hatt er das vrphed über sich
genommen vnd vnderschriben, dem fulen
bund eidtlich abgesagt und uff ein
woren gehuldiget.</Unicode>
            </TextEquiv>
        </TextRegion>
        <TextRegion orientation="0.0" id="r3" custom="readingOrder {index:2;}">
            <Coords points="3098,4426 3098,4580 3238,4580 3238,4426"/>
            <TextLine id="r3l1" custom="readingOrder {index:0;}">
                <Coords points="3089,4531 3137,4526 3178,4545 3201,4527 3220,4543 3247,4536 3245,4389 3224,4393 3192,4426 3142,4442 3088,4419"/>
                <Baseline points="3098,4530 3126,4528 3154,4528 3182,4530 3210,4528 3238,4526"/>
                <TextEquiv>
                    <Unicode>e</Unicode>
                </TextEquiv>
            </TextLine>
            <TextEquiv>
                <Unicode>e</Unicode>
            </TextEquiv>
        </TextRegion>
        <TextRegion orientation="0.0" id="r4" custom="readingOrder {index:3;}">
            <Coords points="3172,1453 3172,4546 4764,4546 4764,1453"/>
            <TextLine id="r4l1" custom="readingOrder {index:0;}">
                <Coords points="4545,1506 4575,1510 4611,1541 4633,1527 4658,1541 4674,1537 4685,1552 4701,1555 4717,1450 4684,1449 4655,1421 4634,1434 4621,1424 4607,1430 4593,1422 4558,1422"/>
                <Baseline points="4556,1498 4584,1499 4612,1500 4640,1507 4668,1512 4696,1518"/>
                <TextEquiv>
                    <Unicode>53.</Unicode>
                </TextEquiv>
            </TextLine>
            <TextLine id="r4l2" custom="readingOrder {index:1;} person {offset:0; length:12;}">
                <Coords points="3433,1656 3577,1661 3757,1587 3994,1637 4156,1598 4254,1638 4339,1599 4569,1631 4570,1570 4429,1503 4301,1568 4235,1530 4167,1557 4074,1494 3857,1561 3750,1468 3601,1511 3510,1463 3436,1479"/>
                <Baseline points="3444,1600 3499,1598 3555,1598 3611,1596 3667,1596 3723,1596 3778,1596 3834,1598 3890,1599 3946,1600 4002,1601 4057,1602 4113,1604 4169,1606 4225,1608 4281,1610 4336,1612 4392,1613 4448,1616 4504,1616 4560,1618"/>
                <TextEquiv>
                    <Unicode>Jacob Lacher der forier</Unicode>
                </TextEquiv>
            </TextLine>
            <TextLine id="r4l3" custom="readingOrder {index:2;} place {offset:3; length:6;}">
                <Coords points="3636,1743 3745,1687 3925,1766 4081,1771 4227,1708 4576,1739 4579,1633 4487,1650 4357,1601 4078,1669 4020,1625 3902,1654 3769,1597 3640,1616"/>
                <Baseline points="3648,1678 3694,1680 3740,1685 3786,1686 3832,1689 3878,1691 3924,1694 3970,1694 4016,1696 4062,1696 4108,1698 4154,1698 4200,1700 4246,1701 4292,1702 4338,1704 4384,1705 4430,1707 4476,1708 4522,1710 4568,1714"/>
                <TextEquiv>
                    <Unicode>zu Arburg hatt bekent,</Unicode>
                </TextEquiv>
            </TextLine>
            <TextLine id="r4l4" custom="readingOrder {index:3;}">
                <Coords points="3212,1915 3472,1872 3590,1934 3742,1884 4351,1937 4430,1892 4514,1945 4615,1895 4685,1921 4686,1857 4061,1777 3590,1805 3525,1746 3355,1849 3213,1817"/>
                <Baseline points="3222,1874 3294,1874 3367,1876 3440,1876 3512,1876 3585,1877 3658,1878 3730,1878 3803,1880 3876,1880 3949,1882 4021,1883 4094,1884 4167,1886 4239,1886 4312,1888 4385,1890 4457,1890 4530,1892 4603,1894 4676,1894"/>
                <TextEquiv>
                    <Unicode>daß er zwar dem herren obervogt ange</Unicode>
                </TextEquiv>
            </TextLine>
            <TextLine id="r4l5" custom="readingOrder {index:4;}">
                <Coords points="3299,2015 3709,1956 3825,2040 3962,1992 4180,2043 4375,1986 4523,2032 4642,1985 4643,1908 4537,1949 4415,1900 4335,1947 4286,1906 3967,1933 3888,1897 3815,1937 3711,1897 3624,1942 3500,1883 3300,1909"/>
                <Baseline points="3308,1972 3374,1971 3440,1970 3506,1970 3572,1970 3639,1970 3705,1972 3771,1972 3837,1974 3903,1976 3970,1978 4036,1980 4102,1981 4168,1982 4234,1984 4301,1984 4367,1984 4433,1984 4499,1982 4565,1980 4632,1978"/>
                <TextEquiv>
                    <Unicode>kundt, kein profiant mehr ins schloß.</Unicode>
                </TextEquiv>
            </TextLine>
            <TextLine id="r4l6" custom="readingOrder {index:5;}">
                <Coords points="3264,2095 3604,2115 3810,2059 3929,2115 4277,2072 4361,2126 4713,2067 4714,1975 4540,2039 3962,1993 3695,2035 3469,1985 3265,2026"/>
                <Baseline points="3274,2064 3345,2062 3417,2060 3488,2060 3560,2060 3631,2060 3703,2060 3774,2060 3846,2062 3917,2062 3989,2064 4060,2066 4132,2066 4203,2068 4275,2068 4346,2070 4418,2070 4489,2069 4561,2068 4632,2067 4704,2064"/>
                <TextEquiv>
                    <Unicode>Noch die fraw mit den kinderen, ohne daß</Unicode>
                </TextEquiv>
            </TextLine>
            <TextLine id="r4l7" custom="readingOrder {index:6;}">
                <Coords points="3297,2197 3687,2159 4021,2214 4483,2162 4544,2222 4675,2217 4710,2121 4547,2078 4362,2124 4101,2094 4022,2139 3884,2096 3298,2095"/>
                <Baseline points="3308,2152 3377,2152 3447,2152 3516,2153 3586,2154 3656,2154 3725,2154 3795,2154 3864,2156 3934,2156 4004,2156 4073,2156 4143,2156 4212,2158 4282,2158 4352,2158 4421,2160 4491,2160 4560,2162 4630,2162 4700,2164"/>
                <TextEquiv>
                    <Unicode>die gantze quamuison abzieche, vßzulaßen,</Unicode>
                </TextEquiv>
            </TextLine>
            <TextLine id="r4l8" custom="readingOrder {index:7;}">
                <Coords points="3305,2288 3528,2260 3688,2318 3763,2272 4224,2301 4416,2255 4519,2329 4754,2324 4754,2216 4543,2221 4484,2161 4239,2220 3688,2158 3605,2204 3306,2180"/>
                <Baseline points="3316,2254 3387,2254 3458,2254 3530,2254 3601,2254 3673,2254 3744,2254 3815,2254 3887,2254 3958,2254 4030,2254 4101,2254 4172,2254 4244,2254 4315,2256 4387,2256 4458,2256 4529,2258 4601,2258 4672,2260 4744,2262"/>
                <TextEquiv>
                    <Unicode>Diß aber seye imme von der gantzen Compagni</Unicode>
                </TextEquiv>
            </TextLine>
            <TextLine id="r4l9" custom="readingOrder {index:8;}">
                <Coords points="3302,2414 3498,2417 3592,2346 3632,2386 3728,2346 3847,2386 3913,2352 4205,2367 4205,2304 4134,2279 4057,2308 3934,2265 3701,2306 3596,2283 3525,2314 3448,2271 3302,2291"/>
                <Baseline points="3312,2346 3356,2344 3400,2342 3444,2340 3488,2340 3533,2338 3577,2338 3621,2338 3665,2336 3709,2336 3754,2336 3798,2336 3842,2338 3886,2338 3930,2338 3975,2340 4019,2340 4063,2340 4107,2342 4151,2342 4196,2344"/>
                <TextEquiv>
                    <Unicode>zu thun befolchen worden.</Unicode>
                </TextEquiv>
            </TextLine>
            <TextLine id="r4l10" custom="readingOrder {index:9;}">
                <Coords points="3167,2585 3406,2556 3597,2607 3655,2559 4039,2605 4168,2561 4675,2605 4722,2541 3978,2458 3914,2496 3780,2427 3169,2447"/>
                <Baseline points="3176,2560 3252,2558 3329,2556 3406,2554 3483,2554 3560,2552 3636,2552 3713,2552 3790,2554 3867,2554 3944,2556 4020,2558 4097,2560 4174,2562 4251,2564 4328,2566 4404,2568 4481,2570 4558,2574 4635,2576 4712,2578"/>
                <TextEquiv>
                    <Unicode>Denne habe Er offtmahl die wacht vor dem</Unicode>
                </TextEquiv>
            </TextLine>
            <TextLine id="r4l11" custom="readingOrder {index:10;}">
                <Coords points="3162,2666 3287,2731 3660,2654 3752,2706 3948,2702 4000,2650 4173,2708 4231,2650 4492,2659 4575,2730 4698,2673 4646,2584 3825,2614 3679,2556 3612,2610 3162,2609"/>
                <Baseline points="3172,2658 3247,2656 3323,2656 3399,2654 3475,2652 3551,2652 3626,2650 3702,2650 3778,2648 3854,2648 3930,2648 4005,2648 4081,2648 4157,2648 4233,2648 4309,2650 4384,2650 4460,2652 4536,2655 4612,2657 4688,2660"/>
                <TextEquiv>
                    <Unicode>Schloß gehalten, dieselbige als ein Rott¬</Unicode>
                </TextEquiv>
            </TextLine>
            <TextLine id="r4l12" custom="readingOrder {index:11;}">
                <Coords points="3306,2763 3535,2781 3619,2733 3660,2769 4065,2751 4379,2793 4553,2740 4553,2694 4357,2659 4295,2696 4228,2654 4172,2708 4001,2650 3944,2708 3763,2716 3680,2657 3606,2702 3507,2668 3306,2715"/>
                <Baseline points="3316,2746 3377,2748 3438,2748 3500,2748 3561,2748 3623,2748 3684,2748 3745,2748 3807,2748 3868,2746 3930,2746 3991,2746 4052,2745 4114,2744 4175,2744 4237,2744 4298,2742 4359,2742 4421,2742 4482,2742 4544,2742"/>
                <TextEquiv>
                    <Unicode>meister Commandirt, vfgeführt,</Unicode>
                </TextEquiv>
            </TextLine>
            <TextLine id="r4l13" custom="readingOrder {index:12;}">
                <Coords points="3299,2869 3412,2872 3459,2914 3533,2871 3706,2895 3735,2869 3801,2915 3875,2872 3906,2895 4039,2894 4038,2809 3944,2785 3907,2808 3840,2790 3727,2810 3620,2734 3554,2794 3451,2745 3400,2784 3298,2781"/>
                <Baseline points="3308,2844 3344,2846 3380,2846 3416,2846 3452,2846 3488,2846 3524,2846 3560,2844 3596,2844 3632,2843 3668,2842 3704,2842 3740,2840 3776,2840 3812,2840 3848,2840 3884,2840 3920,2840 3956,2842 3992,2844 4028,2846"/>
                <TextEquiv>
                    <Unicode>vnd rondlin gangen.</Unicode>
                </TextEquiv>
            </TextLine>
            <TextLine id="r4l14" custom="readingOrder {index:13;}">
                <Coords points="3283,3034 3331,2998 3632,3032 3700,2978 4126,3053 4334,2991 4693,3014 4693,2934 4535,2897 4299,2961 3871,2876 3502,2942 3411,2873 3283,2875"/>
                <Baseline points="3292,2990 3361,2988 3431,2988 3500,2988 3570,2988 3640,2988 3709,2988 3779,2988 3848,2988 3918,2988 3988,2988 4057,2988 4127,2988 4196,2988 4266,2988 4336,2988 4405,2988 4475,2988 4544,2988 4614,2988 4684,2986"/>
                <TextEquiv>
                    <Unicode>Item nit gestattet, daß Irgent etwas</Unicode>
                </TextEquiv>
            </TextLine>
            <TextLine id="r4l15" custom="readingOrder {index:14;}">
                <Coords points="3297,3129 3435,3086 3508,3129 3814,3131 3904,3083 4640,3093 4639,3020 4583,2997 4132,3050 3903,3002 3296,3017"/>
                <Baseline points="3306,3088 3372,3084 3438,3080 3504,3078 3570,3077 3637,3076 3703,3074 3769,3074 3835,3074 3901,3076 3968,3076 4034,3076 4100,3076 4166,3076 4232,3076 4299,3076 4365,3076 4431,3074 4497,3073 4563,3070 4630,3068"/>
                <TextEquiv>
                    <Unicode>Ins Schloß gelaßen werde, diß seye</Unicode>
                </TextEquiv>
            </TextLine>
            <TextLine id="r4l16" custom="readingOrder {index:15;}">
                <Coords points="3322,3191 3618,3223 3941,3167 4008,3227 4079,3185 4443,3175 4514,3223 4565,3175 4715,3192 4715,3131 4614,3100 4310,3142 4104,3087 3958,3129 3868,3092 3820,3131 3322,3104"/>
                <Baseline points="3332,3178 3400,3174 3469,3172 3538,3170 3606,3168 3675,3168 3744,3166 3812,3168 3881,3168 3950,3168 4019,3170 4087,3170 4156,3171 4225,3172 4293,3172 4362,3172 4431,3172 4499,3172 4568,3170 4637,3170 4706,3166"/>
                <TextEquiv>
                    <Unicode>aber beschechen, uß befelch der Grichts¬</Unicode>
                </TextEquiv>
            </TextLine>
            <TextLine id="r4l17" custom="readingOrder {index:16;} place {offset:15; length:6;}">
                <Coords points="3305,3337 3484,3336 3593,3274 3791,3308 3881,3261 4110,3341 4221,3273 4221,3206 4121,3187 4008,3228 3946,3182 3852,3215 3823,3189 3754,3237 3683,3203 3645,3234 3495,3192 3304,3210"/>
                <Baseline points="3314,3276 3358,3274 3403,3272 3448,3271 3493,3270 3538,3268 3583,3267 3628,3266 3673,3266 3718,3266 3763,3264 3807,3264 3852,3264 3897,3264 3942,3266 3987,3266 4032,3266 4077,3268 4122,3270 4167,3270 4212,3272"/>
                <TextEquiv>
                    <Unicode>geschwornen Zū Arbūrg.</Unicode>
                </TextEquiv>
            </TextLine>
            <TextLine id="r4l18" custom="readingOrder {index:17;}">
                <Coords points="3191,3540 3206,3542 3218,3533 3224,3536 3232,3528 3239,3534 3258,3537 3272,3524 3295,3527 3298,3476 3282,3477 3279,3473 3259,3480 3236,3478 3221,3470 3207,3477 3204,3473 3194,3473"/>
                <Baseline points="3202,3520 3230,3520 3258,3521 3286,3524"/>
                <TextEquiv>
                    <Unicode>12</Unicode>
                </TextEquiv>
            </TextLine>
            <TextLine id="r4l19" custom="readingOrder {index:18;} person {offset:24; length:9;}">
                <Coords points="3309,3532 3689,3576 3870,3534 3969,3582 4185,3531 4516,3592 4653,3549 4655,3457 4505,3422 4310,3510 4108,3415 3918,3487 3758,3404 3555,3478 3398,3482 3310,3427"/>
                <Baseline points="3318,3524 3384,3528 3450,3530 3516,3532 3583,3534 3649,3536 3715,3538 3782,3539 3848,3540 3914,3540 3981,3542 4047,3542 4113,3542 4179,3544 4246,3544 4312,3544 4378,3544 4445,3544 4511,3546 4577,3546 4644,3546"/>
                <TextEquiv>
                    <Unicode>Verners sye er auch für Araw Zogl,</Unicode>
                </TextEquiv>
            </TextLine>
            <TextLine id="r4l20" custom="readingOrder {index:19;}">
                <Coords points="3296,3644 3607,3695 3784,3650 3860,3708 3918,3657 4066,3702 4297,3639 4468,3661 4468,3590 4391,3571 4320,3611 4247,3578 4095,3611 3865,3533 3746,3594 3638,3542 3467,3535 3404,3579 3296,3544"/>
                <Baseline points="3306,3640 3363,3639 3421,3638 3478,3638 3536,3638 3594,3638 3651,3638 3709,3639 3766,3640 3824,3640 3882,3642 3939,3642 3997,3642 4054,3644 4112,3644 4170,3644 4227,3644 4285,3644 4342,3642 4400,3640 4458,3640"/>
                <TextEquiv>
                    <Unicode>Vnd uß habermahligen habenden</Unicode>
                </TextEquiv>
            </TextLine>
            <TextLine id="r4l21" custom="readingOrder {index:20;}">
                <Coords points="3332,3808 3743,3761 3834,3806 4086,3747 4164,3805 4298,3765 4420,3804 4528,3738 4774,3740 4773,3640 4614,3692 4500,3632 4407,3699 4266,3652 4067,3705 3922,3657 3861,3707 3774,3660 3546,3707 3330,3662"/>
                <Baseline points="3340,3742 3411,3744 3482,3745 3553,3746 3624,3746 3696,3746 3767,3746 3838,3744 3909,3744 3980,3742 4052,3740 4123,3738 4194,3738 4265,3736 4336,3734 4408,3734 4479,3732 4550,3732 4621,3732 4692,3732 4764,3734"/>
                <TextEquiv>
                    <Unicode>befelch daselbsten den pass geforderet.</Unicode>
                </TextEquiv>
            </TextLine>
            <TextLine id="r4l22" custom="readingOrder {index:21;}">
                <Coords points="3334,3931 3406,3957 3464,3924 3501,3947 3537,3938 3581,3949 3603,3932 3637,3950 3680,3929 3729,3944 3730,3876 3696,3868 3644,3902 3569,3899 3485,3853 3452,3860 3405,3831 3383,3842 3364,3826 3335,3829"/>
                <Baseline points="3344,3922 3369,3924 3394,3924 3419,3925 3444,3926 3469,3926 3494,3927 3519,3928 3544,3928 3569,3928 3594,3928 3619,3928 3644,3928 3669,3928 3694,3930 3720,3930"/>
                <TextEquiv>
                    <Unicode>e</Unicode>
                </TextEquiv>
            </TextLine>
            <TextLine id="r4l23" custom="readingOrder {index:22;}">
                <Coords points="3286,4097 3388,4041 3539,4103 3760,4047 3858,4117 4062,4048 4241,4044 4354,4102 4433,4042 4496,4098 4721,4043 4400,3902 4181,3988 3474,3926 3286,3958"/>
                <Baseline points="3296,4038 3366,4040 3437,4042 3508,4042 3579,4044 3650,4044 3720,4044 3791,4044 3862,4044 3933,4044 4004,4044 4074,4044 4145,4044 4216,4042 4287,4042 4358,4042 4428,4042 4499,4043 4570,4044 4641,4044 4712,4046"/>
                <TextEquiv>
                    <Unicode>Diser ist vff nechstbemeltem tag vor</Unicode>
                </TextEquiv>
            </TextLine>
            <TextLine id="r4l24" custom="readingOrder {index:23;} place {offset:9; length:4;}">
                <Coords points="3193,4186 3707,4153 3812,4206 4033,4140 4194,4194 4282,4148 4381,4202 4580,4161 4578,4070 4500,4099 4423,4049 4342,4102 4239,4043 3864,4119 3760,4048 3543,4111 3389,4041 3192,4143"/>
                <Baseline points="3202,4160 3270,4160 3338,4160 3407,4158 3475,4157 3544,4156 3612,4154 3680,4152 3749,4150 3817,4148 3886,4146 3954,4144 4022,4142 4091,4140 4159,4138 4228,4138 4296,4136 4364,4136 4433,4136 4501,4136 4570,4136"/>
                <TextEquiv>
                    <Unicode>Rath und Burg, ein halb jar ins</Unicode>
                </TextEquiv>
            </TextLine>
            <TextLine id="r4l25" custom="readingOrder {index:24;}">
                <Coords points="3217,4284 3371,4310 3424,4263 3541,4254 3609,4301 3729,4256 3864,4300 3950,4257 4202,4270 4226,4139 4102,4207 4024,4145 3967,4192 3892,4162 3813,4205 3467,4164 3383,4202 3313,4168 3216,4184"/>
                <Baseline points="3226,4262 3275,4260 3325,4258 3374,4257 3424,4256 3474,4256 3523,4256 3573,4256 3622,4254 3672,4254 3722,4254 3771,4254 3821,4254 3870,4254 3920,4254 3970,4254 4019,4252 4069,4251 4118,4250 4168,4247 4218,4244"/>
                <TextEquiv>
                    <Unicode>Schallenwerck erkent,</Unicode>
                </TextEquiv>
            </TextLine>
            <TextLine id="r4l26" custom="readingOrder {index:25;}">
                <Coords points="3570,4330 3581,4330 3583,4332 3587,4329 3595,4329 3600,4332 3610,4332 3610,4288 3600,4288 3597,4284 3593,4288 3583,4284 3579,4288 3570,4288"/>
                <Baseline points="3580,4330 3600,4330"/>
                <TextEquiv>
                    <Unicode>e</Unicode>
                </TextEquiv>
            </TextLine>
            <TextLine id="r4l27" custom="readingOrder {index:26;}">
                <Coords points="3366,4483 3587,4397 3707,4450 4095,4427 4155,4466 4265,4407 4374,4453 4435,4413 4485,4439 4595,4380 4594,4315 4404,4341 4235,4268 4041,4344 3834,4289 3728,4352 3363,4359"/>
                <Baseline points="3374,4418 3434,4408 3495,4401 3555,4394 3616,4390 3677,4386 3737,4384 3798,4382 3858,4382 3919,4380 3980,4380 4040,4382 4101,4382 4161,4382 4222,4382 4283,4380 4343,4380 4404,4378 4464,4376 4525,4371 4586,4366"/>
                <TextEquiv>
                    <Unicode>Hatt auch die wire huldigung</Unicode>
                </TextEquiv>
            </TextLine>
            <TextLine id="r4l28" custom="readingOrder {index:27;}">
                <Coords points="3413,4544 3458,4556 3487,4535 3592,4571 3642,4540 3687,4556 3741,4533 3783,4553 3823,4544 3815,4443 3784,4459 3756,4443 3708,4451 3618,4400 3587,4398 3536,4448 3478,4441 3408,4481"/>
                <Baseline points="3420,4524 3446,4516 3472,4509 3498,4503 3524,4498 3550,4493 3576,4491 3602,4489 3628,4488 3654,4486 3680,4486 3706,4486 3732,4487 3758,4488 3784,4490 3810,4490"/>
                <TextEquiv>
                    <Unicode>gethan.</Unicode>
                </TextEquiv>
            </TextLine>
            <TextEquiv>
                <Unicode>53.
Jacob Lacher der forier
zu Arburg hatt bekent,
daß er zwar dem herren obervogt ange
kundt, kein profiant mehr ins schloß.
Noch die fraw mit den kinderen, ohne daß
die gantze quamuison abzieche, vßzulaßen,
Diß aber seye imme von der gantzen Compagni
zu thun befolchen worden.
Denne habe Er offtmahl die wacht vor dem
Schloß gehalten, dieselbige als ein Rott¬
meister Commandirt, vfgeführt,
vnd rondlin gangen.
Item nit gestattet, daß Irgent etwas
Ins Schloß gelaßen werde, diß seye
aber beschechen, uß befelch der Grichts¬
geschwornen Zū Arbūrg.
12
Verners sye er auch für Araw Zogl,
Vnd uß habermahligen habenden
befelch daselbsten den pass geforderet.
e
Diser ist vff nechstbemeltem tag vor
Rath und Burg, ein halb jar ins
Schallenwerck erkent,
e
Hatt auch die wire huldigung
gethan.</Unicode>
            </TextEquiv>
        </TextRegion>
    </Page>
</PcGts>
