<?xml version="1.0" encoding="UTF-8" standalone="yes"?>
<PcGts xmlns="http://schema.primaresearch.org/PAGE/gts/pagecontent/2013-07-15" xmlns:xsi="http://www.w3.org/2001/XMLSchema-instance" xsi:schemaLocation="http://schema.primaresearch.org/PAGE/gts/pagecontent/2013-07-15 http://schema.primaresearch.org/PAGE/gts/pagecontent/2013-07-15/pagecontent.xsd">
    <Metadata>
        <Creator>prov=University of Rostock/Institute of Mathematics/CITlab|PLANET AI GmbH/Gundram Leifert/gundram.leifert@planet-ai.de:name=German_Kurrent_XVI-XVIII_M1(htr_id=19584)::::v=2.6.6
prov=University of Rostock/Institute of Mathematics/CITlab|PLANET AI GmbH/Tobias Gruening/tobias.gruening@planet-ai.de:name=de.uros.citlab.module.baseline2polygon.B2PSeamMultiOriented:v=2.6.6
prov=University of Rostock/Institute of Mathematics/CITlab|PLANET AI GmbH/Tobias Gruening/tobias.gruening@planet-ai.de:name=/net_tf/LA73_249_0mod360.pb:de.uros.citlab.segmentation.CITlab_LA_ML:v=2.6.6
Transkribus</Creator>
        <Created>2020-10-05T15:03:47.435+02:00</Created>
        <LastChange>2022-09-09T15:58:57.469+02:00</LastChange>
        <TranskribusMetadata docId="1334831" pageId="52360836" pageNr="5" tsid="114642606" status="IN_PROGRESS" userId="9570" imgUrl="https://files.transkribus.eu/Get?id=JQAVDLJHSPMDEHPOTSCYFVQZ&amp;fileType=view" xmlUrl="https://files.transkribus.eu/Get?id=TLWMGUWZIZHNMHEFWTLLVBRE" imageId="16066448">
            <Property key="mdSetName" value="myMdSet"/>
            <Property key="property2"/>
            <Property key="property1"/>
        </TranskribusMetadata>
    </Metadata>
    <Page imageFilename="Turmbuch_StAB B IX 476_00005-20200925_082318.jpg" imageWidth="5472" imageHeight="7296">
        <ReadingOrder>
            <OrderedGroup id="ro_1687513720296" caption="Regions reading order">
                <RegionRefIndexed index="0" regionRef="r1"/>
                <RegionRefIndexed index="1" regionRef="r2"/>
                <RegionRefIndexed index="2" regionRef="r3"/>
                <RegionRefIndexed index="3" regionRef="r4"/>
                <RegionRefIndexed index="4" regionRef="r5"/>
                <RegionRefIndexed index="5" regionRef="r6"/>
            </OrderedGroup>
        </ReadingOrder>
        <TextRegion orientation="0.0" id="r1" custom="readingOrder {index:0;}">
            <Coords points="896,1492 896,1650 988,1650 988,1492"/>
            <TextLine id="r1l1" custom="readingOrder {index:0;} unclear {offset:0; length:1; continued:true;}">
                <Coords points="886,1614 917,1616 928,1622 951,1607 956,1611 962,1608 976,1592 987,1600 1000,1599 994,1515 977,1518 965,1511 961,1515 941,1502 913,1502 897,1492 877,1496"/>
                <Baseline points="896,1600 926,1598 957,1597 988,1592"/>
                <TextEquiv>
                    <Unicode>8</Unicode>
                </TextEquiv>
            </TextLine>
            <TextEquiv>
                <Unicode>8</Unicode>
            </TextEquiv>
        </TextRegion>
        <TextRegion orientation="0.0" id="r2" custom="readingOrder {index:1;}">
            <Coords points="838,1564 838,5066 2742,5066 2742,1564"/>
            <TextLine id="r2l1" custom="readingOrder {index:0;} unclear {offset:0; length:30; continued:true;} place {offset:20; length:10;}">
                <Coords points="1414,1693 1540,1729 1604,1683 1718,1736 1895,1664 2226,1633 2546,1619 2609,1657 2676,1622 2670,1534 2356,1489 2031,1570 1789,1548 1736,1596 1583,1605 1499,1552 1409,1630"/>
                <Baseline points="1424,1686 1486,1684 1548,1682 1610,1677 1672,1674 1734,1669 1796,1664 1858,1658 1920,1653 1982,1647 2044,1643 2106,1637 2168,1631 2230,1627 2292,1621 2354,1617 2416,1614 2478,1612 2540,1610 2602,1608 2664,1608"/>
                <TextEquiv>
                    <Unicode>Schlux. Ich hab die Gmeindleng</Unicode>
                </TextEquiv>
            </TextLine>
            <TextLine id="r2l2" custom="readingOrder {index:1;} unclear {offset:0; length:26; continued:true;}">
                <Coords points="1482,1789 1930,1783 2074,1737 2169,1800 2253,1728 2678,1728 2672,1654 2442,1617 2356,1654 2226,1633 2180,1678 1977,1660 1908,1726 1638,1704 1479,1753"/>
                <Baseline points="1492,1784 1550,1778 1609,1774 1667,1770 1726,1764 1785,1759 1843,1754 1902,1749 1960,1744 2019,1740 2078,1733 2136,1730 2195,1725 2253,1720 2312,1716 2371,1713 2429,1710 2488,1708 2546,1706 2605,1704 2664,1704"/>
                <TextEquiv>
                    <Unicode>wir widerumb vff der Būren</Unicode>
                </TextEquiv>
            </TextLine>
            <TextLine id="r2l3" custom="readingOrder {index:2;} unclear {offset:0; length:31; continued:true;}">
                <Coords points="1455,1913 1554,1931 1663,1865 1836,1910 1958,1837 2074,1882 2187,1823 2565,1836 2635,1789 2704,1810 2700,1756 2313,1726 2170,1797 2107,1752 1892,1769 1798,1820 1722,1781 1447,1818"/>
                <Baseline points="1462,1880 1523,1876 1585,1872 1646,1868 1708,1863 1769,1857 1831,1851 1892,1846 1954,1839 2015,1834 2077,1828 2138,1822 2200,1816 2261,1813 2323,1807 2384,1803 2446,1799 2507,1796 2569,1794 2630,1792 2692,1792"/>
                <TextEquiv>
                    <Unicode>sythen bracht, er im drüber ge¬</Unicode>
                </TextEquiv>
            </TextLine>
            <TextLine id="r2l4" custom="readingOrder {index:3;} unclear {offset:0; length:25; continued:true;}">
                <Coords points="1394,2006 1726,1951 2358,1938 2437,1895 2485,1922 2655,1885 2654,1841 2521,1860 2442,1821 2312,1875 2125,1848 2067,1883 1962,1837 1844,1914 1608,1881 1541,1938 1387,1917"/>
                <Baseline points="1402,1976 1464,1972 1526,1968 1588,1964 1650,1958 1713,1954 1775,1948 1837,1944 1899,1939 1961,1934 2024,1929 2086,1923 2148,1918 2210,1914 2272,1908 2335,1903 2397,1898 2459,1893 2521,1890 2583,1885 2646,1882"/>
                <TextEquiv>
                    <Unicode>antwortet, was er diß ins</Unicode>
                </TextEquiv>
            </TextLine>
            <TextLine id="r2l5" custom="readingOrder {index:4;} unclear {offset:0; length:26; continued:true;}">
                <Coords points="1443,2057 1588,2050 1667,2091 1708,2057 1832,2099 1953,2035 2036,2072 2104,2027 2180,2049 2270,1990 2582,1990 2578,1930 2227,1971 2137,1929 2064,1987 1876,1948 1813,1999 1729,1951 1440,2016"/>
                <Baseline points="1454,2058 1509,2055 1565,2052 1621,2050 1677,2046 1733,2043 1788,2039 1844,2033 1900,2028 1956,2024 2012,2018 2067,2013 2123,2007 2179,2003 2235,1997 2291,1993 2346,1988 2402,1984 2458,1981 2514,1978 2570,1974"/>
                <TextEquiv>
                    <Unicode>werck gestelt, seye erlein</Unicode>
                </TextEquiv>
            </TextLine>
            <TextLine id="r2l6" custom="readingOrder {index:5;} unclear {offset:0; length:25; continued:true;}">
                <Coords points="1450,2184 1867,2123 2141,2172 2249,2099 2563,2086 2587,2001 2248,2010 2089,2077 1977,2039 1826,2101 1707,2061 1621,2115 1442,2103"/>
                <Baseline points="1458,2154 1514,2150 1570,2147 1626,2142 1682,2139 1739,2134 1795,2131 1851,2125 1907,2120 1963,2115 2020,2109 2076,2105 2132,2101 2188,2094 2244,2089 2301,2083 2357,2078 2413,2071 2469,2065 2525,2059 2582,2054"/>
                <TextEquiv>
                    <Unicode>munterer mann, sy wöllent</Unicode>
                </TextEquiv>
            </TextLine>
            <TextLine id="r2l7" custom="readingOrder {index:6;} unclear {offset:0; length:40; continued:true;}">
                <Coords points="1443,2255 1603,2283 2013,2226 2214,2268 2345,2199 2407,2244 2626,2196 2712,2232 2699,2077 2238,2110 2126,2176 2015,2139 1787,2197 1633,2146 1522,2212 1438,2193"/>
                <Baseline points="1454,2256 1516,2252 1578,2248 1640,2243 1702,2238 1764,2232 1826,2226 1888,2221 1950,2215 2012,2210 2075,2203 2137,2198 2199,2193 2261,2187 2323,2183 2385,2178 2447,2173 2509,2170 2571,2168 2633,2166 2696,2164"/>
                <TextEquiv>
                    <Unicode>wider keüwen und ein gebätte verrichten.</Unicode>
                </TextEquiv>
            </TextLine>
            <TextLine id="r2l8" custom="readingOrder {index:7;} unclear {offset:0; length:34; continued:true;} place {offset:20; length:10;}">
                <Coords points="1355,2529 1493,2472 1597,2519 1845,2459 1998,2488 2074,2443 2259,2432 2418,2485 2516,2421 2612,2473 2672,2422 2721,2441 2669,2364 2330,2361 2216,2306 2130,2358 2062,2331 1866,2391 1808,2353 1739,2410 1657,2362 1557,2441 1351,2434"/>
                <Baseline points="1364,2482 1431,2478 1498,2474 1565,2470 1633,2467 1700,2462 1767,2457 1835,2452 1902,2449 1969,2443 2037,2440 2104,2436 2171,2432 2238,2428 2306,2426 2373,2424 2440,2422 2508,2422 2575,2422 2642,2422 2710,2422"/>
                <TextEquiv>
                    <Unicode>Ime sye auch der zu Langenthal ge¬</Unicode>
                </TextEquiv>
            </TextLine>
            <TextLine id="r2l9" custom="readingOrder {index:8;} unclear {offset:0; length:30; continued:true;}">
                <Coords points="1419,2630 1516,2561 1739,2561 1838,2611 2052,2532 2165,2573 2296,2521 2367,2553 2598,2503 2595,2464 2483,2439 2341,2485 2259,2432 2044,2489 1845,2459 1691,2517 1493,2471 1412,2522"/>
                <Baseline points="1426,2578 1484,2572 1542,2568 1600,2563 1658,2560 1716,2555 1774,2550 1832,2546 1890,2541 1948,2537 2006,2533 2064,2529 2122,2525 2180,2522 2238,2519 2296,2516 2354,2512 2412,2510 2470,2508 2528,2506 2586,2504"/>
                <TextEquiv>
                    <Unicode>fahrte rathschlag, daß man der</Unicode>
                </TextEquiv>
            </TextLine>
            <TextLine id="r2l10" custom="readingOrder {index:9;} unclear {offset:0; length:33; continued:true;}">
                <Coords points="1432,2685 2400,2606 2595,2641 2666,2600 2652,2522 2573,2567 2415,2534 2309,2580 2130,2552 1850,2608 1660,2559 1602,2602 1515,2560 1428,2620"/>
                <Baseline points="1442,2668 1502,2662 1563,2658 1623,2653 1684,2649 1745,2644 1805,2640 1866,2635 1926,2630 1987,2627 2048,2622 2108,2619 2169,2614 2229,2610 2290,2607 2351,2604 2411,2600 2472,2597 2532,2594 2593,2592 2654,2590"/>
                <TextEquiv>
                    <Unicode>Oberkeit keine lebens mittel mehr</Unicode>
                </TextEquiv>
            </TextLine>
            <TextLine id="r2l11" custom="readingOrder {index:10;} unclear {offset:0; length:37; continued:true;}">
                <Coords points="1450,2791 1528,2745 1849,2722 1914,2755 2364,2681 2518,2726 2568,2682 2723,2701 2718,2615 2646,2654 2533,2604 2374,2661 2270,2622 2235,2654 1894,2639 1782,2691 1655,2655 1444,2687"/>
                <Baseline points="1458,2744 1520,2742 1583,2738 1645,2735 1708,2731 1771,2726 1833,2723 1896,2718 1958,2713 2021,2710 2084,2706 2146,2701 2209,2697 2271,2694 2334,2690 2397,2688 2459,2684 2522,2682 2584,2680 2647,2680 2710,2678"/>
                <TextEquiv>
                    <Unicode>zukommen laßen sölle, ob er gleichwol</Unicode>
                </TextEquiv>
            </TextLine>
            <TextLine id="r2l12" custom="readingOrder {index:11;} unclear {offset:0; length:29; continued:true;}">
                <Coords points="1417,2871 1500,2836 1558,2885 1630,2814 1695,2846 1987,2813 2072,2850 2338,2766 2414,2808 2633,2781 2629,2712 2549,2740 2360,2687 2258,2729 2144,2703 2057,2770 1972,2721 1802,2736 1733,2785 1648,2744 1411,2754"/>
                <Baseline points="1426,2838 1485,2834 1545,2828 1605,2824 1665,2820 1725,2816 1784,2813 1844,2810 1904,2808 1964,2806 2024,2802 2083,2800 2143,2798 2203,2794 2263,2793 2323,2789 2382,2785 2442,2781 2502,2777 2562,2773 2622,2768"/>
                <TextEquiv>
                    <Unicode>selbst nit darbei gsein. Item</Unicode>
                </TextEquiv>
            </TextLine>
            <TextLine id="r2l13" custom="readingOrder {index:12;} unclear {offset:0; length:40; continued:true;} person {offset:8; length:11;}">
                <Coords points="1381,2994 1513,2996 1645,2918 1993,2912 2146,2969 2279,2909 2495,2956 2566,2903 2750,2894 2745,2801 2381,2780 2329,2828 2232,2794 2082,2871 1632,2815 1557,2886 1478,2851 1377,2910"/>
                <Baseline points="1388,2940 1455,2935 1523,2930 1590,2925 1658,2921 1725,2917 1793,2913 1860,2909 1928,2906 1995,2902 2063,2898 2130,2895 2198,2892 2265,2888 2333,2886 2400,2884 2468,2881 2535,2878 2603,2878 2670,2875 2738,2874"/>
                <TextEquiv>
                    <Unicode>daß die Newenburger in herren zu ziechin</Unicode>
                </TextEquiv>
            </TextLine>
            <TextLine id="r2l14" custom="readingOrder {index:13;} unclear {offset:0; length:14; continued:true;}">
                <Coords points="1422,3042 1562,3069 1600,3050 1656,3095 1795,3045 1852,3077 1896,3046 1986,3031 2039,3048 2033,2921 1950,2912 1787,2974 1736,2953 1692,2989 1551,2966 1515,2996 1471,2974 1420,2998"/>
                <Baseline points="1432,3036 1461,3033 1491,3030 1521,3029 1550,3027 1580,3025 1610,3024 1639,3022 1669,3022 1699,3020 1729,3020 1758,3018 1788,3017 1818,3016 1847,3014 1877,3012 1907,3012 1936,3009 1966,3007 1996,3004 2026,3002"/>
                <TextEquiv>
                    <Unicode>in wüßen gsin.</Unicode>
                </TextEquiv>
            </TextLine>
            <TextLine id="r2l15" custom="readingOrder {index:14;} unclear {offset:0; length:31; continued:true;} person {offset:23; length:8; continued:true;}">
                <Coords points="1377,3241 1462,3191 1811,3230 1872,3178 1977,3212 2112,3164 2452,3169 2540,3216 2661,3152 2659,3093 2502,3057 2304,3091 2117,3052 2010,3142 1719,3105 1640,3145 1523,3060 1371,3058"/>
                <Baseline points="1386,3192 1449,3188 1512,3186 1575,3182 1638,3180 1702,3178 1765,3174 1828,3172 1891,3169 1954,3167 2018,3165 2081,3164 2144,3162 2207,3160 2270,3158 2334,3157 2397,3156 2460,3154 2523,3154 2586,3154 2650,3152"/>
                <TextEquiv>
                    <Unicode>hatt auch angeben, daß albrecht</Unicode>
                </TextEquiv>
            </TextLine>
            <TextLine id="r2l16" custom="readingOrder {index:15;} unclear {offset:0; length:28; continued:true;} person {offset:0; length:5; continued:true;} place {offset:18; length:9;}">
                <Coords points="1437,3333 1511,3284 1599,3338 1829,3270 1973,3268 2085,3320 2146,3268 2234,3299 2327,3247 2431,3315 2603,3275 2601,3218 2254,3164 2109,3170 2003,3237 1872,3197 1597,3239 1485,3189 1434,3210"/>
                <Baseline points="1446,3280 1503,3280 1560,3279 1617,3278 1675,3276 1732,3274 1789,3272 1847,3269 1904,3267 1961,3265 2019,3262 2076,3261 2133,3260 2190,3258 2248,3256 2305,3256 2362,3256 2420,3256 2477,3258 2534,3258 2592,3262"/>
                <TextEquiv>
                    <Unicode>Jaggi alt aman zu Leüpingen,</Unicode>
                </TextEquiv>
            </TextLine>
            <TextLine id="r2l17" custom="readingOrder {index:16;} unclear {offset:0; length:24; continued:true;} person {offset:0; length:11;} place {offset:16; length:4;}">
                <Coords points="1409,3427 1523,3363 1648,3354 1820,3364 1897,3409 1981,3350 2049,3383 2202,3358 2244,3394 2301,3353 2552,3351 2550,3271 2443,3314 2328,3246 2231,3305 2165,3271 2082,3317 1903,3286 1596,3335 1521,3292 1445,3335 1405,3315"/>
                <Baseline points="1418,3376 1474,3373 1530,3370 1586,3366 1642,3364 1699,3361 1755,3358 1811,3356 1867,3355 1923,3352 1980,3350 2036,3350 2092,3348 2148,3346 2204,3344 2261,3344 2317,3342 2373,3341 2429,3340 2485,3340 2542,3338"/>
                <TextEquiv>
                    <Unicode>Dirs milchi von Arch und</Unicode>
                </TextEquiv>
            </TextLine>
            <TextLine id="r2l18" custom="readingOrder {index:17;} unclear {offset:0; length:12; continued:true;}">
                <Coords points="827,3383 857,3395 935,3383 990,3421 1035,3416 1092,3443 1156,3419 1208,3427 1244,3406 1242,3255 1192,3250 1154,3278 1106,3266 1050,3306 985,3251 951,3277 894,3278 873,3296 825,3290"/>
                <Baseline points="838,3384 864,3382 890,3380 917,3378 943,3378 970,3376 996,3376 1022,3374 1049,3374 1075,3374 1102,3374 1128,3375 1154,3376 1181,3376 1207,3376 1234,3376"/>
                <TextEquiv>
                    <Unicode>non legentum</Unicode>
                </TextEquiv>
            </TextLine>
            <TextLine id="r2l19" custom="readingOrder {index:18;} unclear {offset:0; length:31; continued:true;} person {offset:0; length:11;} place {offset:16; length:7;}">
                <Coords points="1442,3478 1569,3459 1649,3509 1703,3453 2039,3479 2330,3437 2493,3491 2583,3426 2754,3450 2751,3353 2659,3377 2593,3326 2431,3346 2364,3402 1967,3358 1860,3415 1647,3353 1440,3406"/>
                <Baseline points="1452,3458 1516,3456 1581,3454 1645,3452 1710,3452 1774,3450 1839,3448 1903,3448 1968,3446 2032,3444 2097,3444 2161,3442 2226,3440 2290,3438 2355,3436 2419,3434 2484,3432 2548,3430 2613,3428 2677,3424 2742,3420"/>
                <TextEquiv>
                    <Unicode>Nigli Bandi von Oberwyl, so wol</Unicode>
                </TextEquiv>
            </TextLine>
            <TextLine id="r2l20" custom="readingOrder {index:19;} unclear {offset:0; length:28; continued:true;}">
                <Coords points="1412,3597 1824,3611 1876,3568 1940,3614 2113,3613 2289,3541 2541,3536 2540,3491 2362,3453 2259,3501 2176,3449 2071,3504 1999,3450 1860,3515 1705,3456 1650,3506 1568,3458 1410,3504"/>
                <Baseline points="1422,3562 1477,3559 1532,3555 1588,3553 1643,3550 1699,3548 1754,3546 1809,3544 1865,3543 1920,3542 1976,3540 2031,3540 2086,3538 2142,3537 2197,3536 2253,3534 2308,3534 2363,3532 2419,3530 2474,3528 2530,3524"/>
                <TextEquiv>
                    <Unicode>Redliführer syn gsin, als er</Unicode>
                </TextEquiv>
            </TextLine>
            <TextLine id="r2l21" custom="readingOrder {index:20;} unclear {offset:0; length:32; continued:true;}">
                <Coords points="1563,3797 1720,3725 1841,3732 1916,3791 2071,3751 2279,3782 2375,3737 2432,3779 2632,3702 2726,3774 2743,3631 2447,3645 2385,3588 2282,3631 2193,3585 2049,3659 1829,3663 1560,3607"/>
                <Baseline points="1574,3726 1632,3722 1690,3719 1748,3716 1806,3714 1864,3712 1922,3709 1980,3708 2038,3706 2096,3704 2154,3703 2212,3702 2270,3700 2328,3700 2386,3700 2444,3700 2502,3700 2560,3702 2618,3702 2676,3704 2734,3706"/>
                <TextEquiv>
                    <Unicode>Ist einmahl lähr ufzogen worden.</Unicode>
                </TextEquiv>
            </TextLine>
            <TextLine id="r2l22" custom="readingOrder {index:21;} unclear {offset:0; length:38; continued:true;}">
                <Coords points="1125,3994 1391,4062 1592,3996 1776,4060 1892,4007 2287,3988 2487,4054 2568,3984 2670,4009 2670,3906 2185,3848 1965,3912 1822,3858 1665,3905 1439,3850 1196,3910 1124,3877"/>
                <Baseline points="1136,3982 1212,3986 1288,3988 1364,3990 1440,3992 1517,3992 1593,3992 1669,3992 1745,3992 1821,3992 1898,3990 1974,3988 2050,3988 2126,3986 2202,3985 2279,3984 2355,3984 2431,3982 2507,3982 2583,3982 2660,3982"/>
                <TextEquiv>
                    <Unicode>Uff dise sein schupen bekante mißhande</Unicode>
                </TextEquiv>
            </TextLine>
            <TextLine id="r2l23" custom="readingOrder {index:22;} unclear {offset:0; length:39; continued:true;}">
                <Coords points="1147,4095 1977,4085 2111,4146 2329,4076 2595,4097 2594,4006 2487,4053 1983,3996 1819,4062 1602,3997 1395,4061 1146,4005"/>
                <Baseline points="1158,4082 1229,4083 1300,4084 1371,4086 1443,4086 1514,4086 1585,4086 1657,4086 1728,4086 1799,4085 1871,4084 1942,4082 2013,4082 2084,4080 2156,4080 2227,4078 2298,4078 2370,4076 2441,4076 2512,4076 2584,4076"/>
                <TextEquiv>
                    <Unicode>lungen, vnd seiner natürlichen oberkeit</Unicode>
                </TextEquiv>
            </TextLine>
            <TextLine id="r2l24" custom="readingOrder {index:23;} unclear {offset:0; length:6; continued:true;}">
                <Coords points="2289,4146 2324,4146 2338,4140 2353,4149 2369,4141 2386,4154 2395,4155 2416,4148 2408,4082 2395,4083 2385,4091 2361,4076 2354,4086 2329,4076 2320,4079 2311,4091 2295,4088 2283,4092"/>
                <Baseline points="2298,4134 2324,4128 2350,4126 2376,4125 2402,4118"/>
                <TextEquiv>
                    <Unicode>haben.</Unicode>
                </TextEquiv>
            </TextLine>
            <TextLine id="r2l25" custom="readingOrder {index:24;} unclear {offset:0; length:41; continued:true;}">
                <Coords points="1161,4211 2039,4187 2235,4234 2417,4175 2499,4244 2640,4243 2619,4068 2302,4147 1932,4095 1649,4140 1563,4097 1161,4118"/>
                <Baseline points="1172,4176 1244,4176 1317,4176 1390,4178 1463,4178 1536,4178 1608,4178 1681,4176 1754,4176 1827,4176 1900,4176 1972,4174 2045,4174 2118,4174 2191,4172 2264,4172 2336,4172 2409,4172 2482,4172 2555,4172 2628,4172"/>
                <TextEquiv>
                    <Unicode>uffs höchst gethane beleidigungen, mühen.</Unicode>
                </TextEquiv>
            </TextLine>
            <TextLine id="r2l26" custom="readingOrder {index:25;} unclear {offset:0; length:37; continued:true;}">
                <Coords points="1171,4316 1499,4287 1713,4352 1871,4295 1960,4347 2122,4293 2273,4336 2331,4290 2411,4340 2550,4296 2619,4350 2707,4296 2707,4207 2504,4253 2353,4195 2251,4254 2009,4189 1834,4248 1622,4199 1423,4251 1170,4208"/>
                <Baseline points="1182,4282 1257,4284 1333,4286 1409,4286 1484,4288 1560,4288 1636,4288 1711,4288 1787,4288 1863,4288 1939,4288 2014,4286 2090,4286 2166,4286 2241,4284 2317,4284 2393,4284 2468,4284 2544,4284 2620,4284 2696,4284"/>
                <TextEquiv>
                    <Unicode>Räth vnd Burger, bÿ Irem Eid zu recht</Unicode>
                </TextEquiv>
            </TextLine>
            <TextLine id="r2l27" custom="readingOrder {index:26;} unclear {offset:0; length:33; continued:true;}">
                <Coords points="1173,4405 1657,4457 1763,4398 1953,4467 2124,4405 2655,4439 2656,4365 2602,4336 2477,4370 2367,4304 2176,4369 2043,4327 1947,4358 1872,4293 1731,4361 1433,4295 1174,4329"/>
                <Baseline points="1184,4386 1257,4388 1330,4388 1403,4390 1476,4390 1549,4392 1622,4392 1695,4394 1768,4394 1841,4396 1914,4396 1987,4398 2060,4398 2133,4398 2206,4400 2279,4400 2352,4400 2425,4400 2498,4399 2571,4398 2644,4398"/>
                <TextEquiv>
                    <Unicode>erkent und gesprochen, daß er dem</Unicode>
                </TextEquiv>
            </TextLine>
            <TextLine id="r2l28" custom="readingOrder {index:27;} unclear {offset:0; length:39; continued:true;}">
                <Coords points="1185,4501 1553,4493 1691,4558 1966,4490 2365,4501 2439,4558 2538,4500 2651,4513 2651,4442 2500,4409 2426,4460 2193,4427 1942,4471 1743,4403 1557,4464 1493,4414 1186,4443"/>
                <Baseline points="1196,4482 1268,4485 1340,4486 1412,4488 1484,4490 1557,4490 1629,4492 1701,4492 1773,4493 1845,4494 1918,4494 1990,4494 2062,4494 2134,4494 2206,4494 2279,4494 2351,4494 2423,4493 2495,4492 2567,4492 2640,4490"/>
                <TextEquiv>
                    <Unicode>nachrichter anbefolchen werde, der Inne</Unicode>
                </TextEquiv>
            </TextLine>
            <TextLine id="r2l29" custom="readingOrder {index:28;} unclear {offset:0; length:41; continued:true;}">
                <Coords points="1173,4585 1322,4631 1370,4595 1942,4585 2022,4644 2098,4595 2307,4637 2496,4598 2496,4554 2287,4499 2172,4533 1962,4493 1893,4548 1701,4556 1534,4503 1173,4527"/>
                <Baseline points="1184,4574 1249,4577 1314,4579 1379,4580 1444,4580 1509,4582 1574,4582 1639,4582 1704,4581 1769,4580 1834,4580 1899,4580 1964,4580 2029,4580 2094,4580 2159,4581 2224,4582 2289,4584 2354,4586 2419,4589 2484,4592"/>
                <TextEquiv>
                    <Unicode>ober uß vff gewonliche Richtstatt führen,</Unicode>
                </TextEquiv>
            </TextLine>
            <TextLine id="r2l30" custom="readingOrder {index:29;} unclear {offset:0; length:41; continued:true;}">
                <Coords points="1149,4703 1316,4673 1475,4720 1668,4675 1935,4742 2021,4683 2291,4689 2417,4758 2543,4699 2545,4612 2387,4595 2313,4642 2152,4598 2021,4644 1830,4587 1321,4632 1151,4601"/>
                <Baseline points="1160,4670 1228,4668 1297,4667 1365,4666 1434,4666 1503,4666 1571,4666 1640,4668 1708,4669 1777,4670 1846,4672 1914,4674 1983,4675 2051,4676 2120,4678 2189,4680 2257,4680 2326,4682 2394,4682 2463,4682 2532,4682"/>
                <TextEquiv>
                    <Unicode>daselbsten imme mit dem schwärt das haupt</Unicode>
                </TextEquiv>
            </TextLine>
            <TextLine id="r2l31" custom="readingOrder {index:30;} unclear {offset:0; length:45; continued:true;}">
                <Coords points="1167,4764 1460,4824 1528,4771 1696,4804 1811,4755 1998,4838 2107,4788 2667,4801 2668,4723 2440,4686 1944,4738 1554,4674 1475,4720 1314,4670 1168,4695"/>
                <Baseline points="1178,4752 1251,4752 1325,4752 1399,4752 1473,4754 1547,4754 1621,4756 1695,4758 1769,4760 1843,4762 1917,4764 1990,4764 2064,4766 2138,4768 2212,4770 2286,4772 2360,4772 2434,4772 2508,4774 2582,4774 2656,4774"/>
                <TextEquiv>
                    <Unicode>abschlagen, und also nach diser loblich Statt</Unicode>
                </TextEquiv>
            </TextLine>
            <TextLine id="r2l32" custom="readingOrder {index:31;} unclear {offset:0; length:48; continued:true;}">
                <Coords points="1141,4868 1572,4939 1759,4870 1896,4927 2081,4868 2190,4933 2284,4875 2415,4939 2597,4891 2731,4926 2733,4840 2397,4782 1983,4834 1807,4758 1706,4827 1565,4772 1369,4824 1143,4771"/>
                <Baseline points="1152,4852 1230,4854 1308,4854 1387,4854 1465,4854 1544,4856 1622,4856 1700,4858 1779,4858 1857,4860 1936,4861 2014,4862 2092,4864 2171,4867 2249,4870 2328,4872 2406,4876 2484,4879 2563,4882 2641,4886 2720,4892"/>
                <TextEquiv>
                    <Unicode>Berg rechten vom leben zum tod hinrichten sölle.</Unicode>
                </TextEquiv>
            </TextLine>
            <TextLine id="r2l33" custom="readingOrder {index:32;} unclear {offset:0; length:39; continued:true;}">
                <Coords points="1031,5029 1252,5068 1440,5022 1555,5076 1711,4994 2183,5097 2384,5034 2723,5062 2726,4952 2583,4911 2378,4963 2092,4919 1923,4975 1722,4912 1621,4976 1517,4895 1388,4941 1035,4899"/>
                <Baseline points="1044,4988 1127,4992 1210,4996 1294,4998 1377,5002 1461,5004 1544,5006 1627,5009 1711,5012 1794,5014 1878,5016 1961,5019 2044,5020 2128,5022 2211,5026 2295,5028 2378,5031 2461,5034 2545,5037 2628,5041 2712,5044"/>
                <TextEquiv>
                    <Unicode>Welches beschech den 13. septembr 1653.</Unicode>
                </TextEquiv>
            </TextLine>
            <TextEquiv>
                <Unicode>Schlux. Ich hab die Gmeindleng
wir widerumb vff der Būren
sythen bracht, er im drüber ge¬
antwortet, was er diß ins
werck gestelt, seye erlein
munterer mann, sy wöllent
wider keüwen und ein gebätte verrichten.
Ime sye auch der zu Langenthal ge¬
fahrte rathschlag, daß man der
Oberkeit keine lebens mittel mehr
zukommen laßen sölle, ob er gleichwol
selbst nit darbei gsein. Item
daß die Newenburger in herren zu ziechin
in wüßen gsin.
hatt auch angeben, daß albrecht
Jaggi alt aman zu Leüpingen,
Dirs milchi von Arch und
non legentum
Nigli Bandi von Oberwyl, so wol
Redliführer syn gsin, als er
Ist einmahl lähr ufzogen worden.
Uff dise sein schupen bekante mißhande
lungen, vnd seiner natürlichen oberkeit
haben.
uffs höchst gethane beleidigungen, mühen.
Räth vnd Burger, bÿ Irem Eid zu recht
erkent und gesprochen, daß er dem
nachrichter anbefolchen werde, der Inne
ober uß vff gewonliche Richtstatt führen,
daselbsten imme mit dem schwärt das haupt
abschlagen, und also nach diser loblich Statt
Berg rechten vom leben zum tod hinrichten sölle.
Welches beschech den 13. septembr 1653.</Unicode>
            </TextEquiv>
        </TextRegion>
        <TextRegion orientation="0.0" id="r3" custom="readingOrder {index:2;}">
            <Coords points="3070,3134 3070,3292 3130,3292 3130,3134"/>
            <TextLine id="r3l1" custom="readingOrder {index:0;} unclear {offset:0; length:2; continued:true;}">
                <Coords points="3061,3263 3074,3264 3085,3260 3089,3264 3097,3258 3117,3256 3125,3250 3132,3254 3142,3252 3131,3164 3088,3168 3076,3183 3070,3181 3051,3186"/>
                <Baseline points="3070,3242 3100,3239 3130,3234"/>
                <TextEquiv>
                    <Unicode>2.</Unicode>
                </TextEquiv>
            </TextLine>
            <TextEquiv>
                <Unicode>2.</Unicode>
            </TextEquiv>
        </TextRegion>
        <TextRegion orientation="0.0" id="r4" custom="readingOrder {index:3;}">
            <Coords points="3088,5296 3088,5458 3160,5458 3160,5296"/>
            <TextLine id="r4l1" custom="readingOrder {index:0;} unclear {offset:0; length:2; continued:true;}">
                <Coords points="3080,5427 3093,5427 3105,5418 3116,5416 3139,5423 3162,5404 3173,5402 3159,5319 3132,5317 3115,5322 3103,5315 3094,5324 3080,5321 3075,5329 3064,5331"/>
                <Baseline points="3088,5408 3124,5401 3160,5396"/>
                <TextEquiv>
                    <Unicode>3.</Unicode>
                </TextEquiv>
            </TextLine>
            <TextEquiv>
                <Unicode>3.</Unicode>
            </TextEquiv>
        </TextRegion>
        <TextRegion orientation="0.0" id="r5" custom="readingOrder {index:4;}">
            <Coords points="3098,4290 3098,4444 3198,4444 3198,4290"/>
            <TextLine id="r5l1" custom="readingOrder {index:0;} unclear {offset:0; length:2; continued:true;}">
                <Coords points="3088,4418 3101,4417 3109,4408 3141,4411 3146,4407 3157,4417 3167,4412 3172,4416 3199,4398 3210,4398 3208,4337 3199,4337 3191,4344 3164,4330 3143,4340 3112,4315 3105,4315 3097,4324 3084,4325"/>
                <Baseline points="3098,4394 3123,4392 3148,4390 3173,4390 3198,4390"/>
                <TextEquiv>
                    <Unicode>2.</Unicode>
                </TextEquiv>
            </TextLine>
            <TextEquiv>
                <Unicode>2.</Unicode>
            </TextEquiv>
        </TextRegion>
        <TextRegion orientation="0.0" id="r6" custom="readingOrder {index:5;}">
            <Coords points="3170,1487 3170,6009 4938,6009 4938,1487"/>
            <TextLine id="r6l1" custom="readingOrder {index:0;} unclear {offset:0; length:2; continued:true;}">
                <Coords points="4699,1605 4718,1605 4742,1595 4762,1601 4826,1536 4841,1537 4839,1470 4815,1467 4790,1444 4773,1453 4755,1437 4751,1441 4712,1425 4707,1430 4692,1426"/>
                <Baseline points="4706,1534 4737,1536 4768,1535 4799,1533 4830,1530"/>
                <TextEquiv>
                    <Unicode>9.</Unicode>
                </TextEquiv>
            </TextLine>
            <TextLine id="r6l2" custom="readingOrder {index:1;} unclear {offset:0; length:37; continued:true;}">
                <Coords points="3413,1721 3599,1779 3664,1728 3841,1719 4114,1791 4297,1728 4769,1711 4769,1646 4676,1616 4544,1657 4388,1590 4317,1635 3805,1678 3561,1559 3414,1574"/>
                <Baseline points="3424,1716 3490,1714 3557,1714 3624,1714 3690,1714 3757,1714 3824,1714 3890,1716 3957,1716 4024,1718 4091,1718 4157,1720 4224,1720 4291,1720 4357,1720 4424,1720 4491,1718 4557,1717 4624,1714 4691,1710 4758,1706"/>
                <TextEquiv>
                    <Unicode>Nach den meine hochgeehrte Herren die</Unicode>
                </TextEquiv>
            </TextLine>
            <TextLine id="r6l3" custom="readingOrder {index:2;} unclear {offset:0; length:36; continued:true;}">
                <Coords points="3484,1832 4499,1807 4536,1839 4785,1799 4735,1719 4486,1755 4298,1728 4115,1790 3820,1722 3732,1777 3483,1733"/>
                <Baseline points="3494,1816 3558,1813 3622,1810 3686,1808 3750,1808 3814,1808 3878,1808 3942,1808 4006,1808 4070,1810 4134,1810 4198,1810 4262,1812 4326,1812 4390,1811 4454,1810 4518,1809 4582,1806 4646,1803 4710,1800 4774,1794"/>
                <TextEquiv>
                    <Unicode>erammatores nachgeschribne persohnen</Unicode>
                </TextEquiv>
            </TextLine>
            <TextLine id="r6l4" custom="readingOrder {index:3;} unclear {offset:0; length:39; continued:true;}">
                <Coords points="3467,1927 3718,1897 3878,1961 3945,1913 4548,1937 4755,1892 4879,1928 4897,1764 4764,1856 4681,1793 4418,1869 4130,1812 4001,1872 3823,1812 3709,1872 3603,1816 3467,1834"/>
                <Baseline points="3478,1908 3548,1906 3618,1904 3689,1902 3759,1900 3830,1900 3900,1898 3970,1898 4041,1898 4111,1898 4182,1898 4252,1898 4322,1898 4393,1898 4463,1898 4534,1898 4604,1898 4674,1896 4745,1894 4815,1894 4886,1892"/>
                <TextEquiv>
                    <Unicode>in der gfangensch und gewandten strecke</Unicode>
                </TextEquiv>
            </TextLine>
            <TextLine id="r6l5" custom="readingOrder {index:4;} unclear {offset:0; length:34; continued:true;}">
                <Coords points="3481,2017 3663,2046 3837,1993 4175,2034 4242,1992 4444,2052 4516,1995 4603,2034 4689,1983 4768,2029 4825,1995 4824,1920 4533,1947 4417,1906 4358,1959 4238,1899 4137,1955 3966,1921 3878,1962 3725,1902 3619,1969 3533,1906 3479,1929"/>
                <Baseline points="3492,2008 3558,2004 3624,2000 3690,1998 3756,1996 3822,1994 3888,1992 3954,1992 4020,1990 4086,1990 4153,1990 4219,1990 4285,1988 4351,1988 4417,1988 4483,1986 4549,1984 4615,1981 4681,1980 4747,1975 4814,1970"/>
                <TextEquiv>
                    <Unicode>thurn, So wol ernstwortig alß auch</Unicode>
                </TextEquiv>
            </TextLine>
            <TextLine id="r6l6" custom="readingOrder {index:5;} unclear {offset:0; length:36; continued:true;}">
                <Coords points="3469,2113 3814,2093 3948,2160 4098,2094 4345,2122 4772,2072 4918,2145 4931,1945 4855,1936 4766,2029 4499,2054 4370,2000 3926,2063 3826,2009 3467,2029"/>
                <Baseline points="3480,2104 3552,2100 3624,2097 3696,2094 3768,2092 3840,2089 3912,2088 3984,2086 4056,2084 4128,2084 4201,2082 4273,2082 4345,2082 4417,2080 4489,2080 4561,2078 4633,2076 4705,2076 4777,2073 4849,2070 4922,2068"/>
                <TextEquiv>
                    <Unicode>by betroüwung der mardter examiniert</Unicode>
                </TextEquiv>
            </TextLine>
            <TextLine id="r6l7" custom="readingOrder {index:6;} unclear {offset:0; length:34; continued:true;}">
                <Coords points="3435,2220 3791,2189 3910,2273 4110,2269 4260,2193 4378,2227 4797,2200 4848,2188 4847,2127 4733,2145 4550,2086 4259,2145 4170,2089 3942,2160 3813,2094 3665,2153 3433,2120"/>
                <Baseline points="3446,2212 3515,2205 3585,2198 3654,2194 3724,2190 3794,2188 3863,2184 3933,2184 4002,2182 4072,2182 4142,2182 4211,2182 4281,2182 4350,2182 4420,2182 4490,2181 4559,2180 4629,2178 4698,2176 4768,2172 4838,2168"/>
                <TextEquiv>
                    <Unicode>habend sy angeben und bekendt, wie</Unicode>
                </TextEquiv>
            </TextLine>
            <TextLine id="r6l8" custom="readingOrder {index:7;} unclear {offset:0; length:7; continued:true;}">
                <Coords points="3410,2345 3453,2339 3473,2322 3489,2329 3511,2309 3601,2364 3655,2315 3683,2317 3707,2299 3752,2306 3744,2204 3702,2197 3672,2229 3637,2223 3613,2241 3575,2231 3559,2248 3530,2234 3502,2241 3468,2222 3401,2253"/>
                <Baseline points="3418,2318 3445,2316 3472,2313 3499,2309 3526,2306 3553,2303 3580,2299 3607,2297 3634,2295 3661,2292 3688,2291 3715,2290 3742,2290"/>
                <TextEquiv>
                    <Unicode>wolget:</Unicode>
                </TextEquiv>
            </TextLine>
            <TextLine id="r6l9" custom="readingOrder {index:8;} unclear {offset:0; length:11; continued:true;} person {offset:0; length:11;}">
                <Coords points="3618,2603 3713,2642 3852,2596 3899,2633 3997,2580 4027,2610 4258,2601 4314,2645 4381,2639 4382,2539 4343,2522 4263,2545 4151,2442 4032,2470 3968,2452 3833,2542 3772,2541 3663,2478 3619,2486"/>
                <Baseline points="3630,2594 3667,2594 3704,2594 3741,2594 3778,2594 3815,2594 3852,2595 3889,2596 3926,2597 3963,2598 4000,2600 4037,2600 4074,2602 4111,2602 4148,2602 4185,2602 4222,2600 4259,2599 4296,2598 4333,2594 4370,2590"/>
                <TextEquiv>
                    <Unicode>Hanß Spring</Unicode>
                </TextEquiv>
            </TextLine>
            <TextLine id="r6l10" custom="readingOrder {index:9;} unclear {offset:0; length:24; continued:true;} place {offset:14; length:9;}">
                <Coords points="3359,2730 3700,2678 3783,2748 3921,2725 3976,2757 4115,2677 4220,2752 4470,2683 4524,2726 4602,2697 4601,2615 4514,2568 4416,2574 4335,2648 4259,2602 4047,2594 3966,2647 3870,2607 3706,2648 3641,2616 3358,2642"/>
                <Baseline points="3370,2688 3431,2688 3492,2688 3553,2688 3614,2688 3675,2688 3736,2688 3797,2688 3858,2686 3919,2686 3980,2686 4041,2684 4102,2684 4163,2683 4224,2682 4285,2680 4346,2680 4407,2678 4468,2675 4529,2674 4590,2670"/>
                <TextEquiv>
                    <Unicode>Der weybel zu Schapffen.</Unicode>
                </TextEquiv>
            </TextLine>
            <TextLine id="r6l11" custom="readingOrder {index:10;} unclear {offset:0; length:43; continued:true;} person {offset:8; length:6;} place {offset:23; length:5;}">
                <Coords points="3158,3040 3994,2991 4840,3027 4909,3001 4908,2849 4541,2924 4474,2884 4403,2949 4059,2870 3858,2959 3722,2902 3406,2903 3290,2985 3158,2949"/>
                <Baseline points="3170,3022 3256,3014 3342,3008 3429,3002 3515,2998 3602,2993 3688,2990 3774,2988 3861,2988 3947,2987 4034,2987 4120,2988 4206,2988 4293,2990 4379,2992 4466,2994 4552,2996 4638,2999 4725,3002 4811,3004 4898,3008"/>
                <TextEquiv>
                    <Unicode>Alß deß Meyers sohn zu Mekil ihren uf einen</Unicode>
                </TextEquiv>
            </TextLine>
            <TextLine id="r6l12" custom="readingOrder {index:11;} unclear {offset:0; length:39; continued:true;}">
                <Coords points="3446,3096 4224,3099 4289,3147 4397,3079 4676,3154 4762,3094 4903,3110 4871,3008 4653,3011 4594,3059 4512,3008 4170,3054 4063,3007 4008,3059 3447,3014"/>
                <Baseline points="3456,3082 3527,3082 3599,3082 3671,3082 3743,3082 3815,3082 3886,3082 3958,3082 4030,3082 4102,3082 4174,3082 4245,3082 4317,3082 4389,3084 4461,3084 4533,3085 4604,3086 4676,3088 4748,3090 4820,3092 4892,3096"/>
                <TextEquiv>
                    <Unicode>roß, dafür geridten anzeigende, daß vil</Unicode>
                </TextEquiv>
            </TextLine>
            <TextLine id="r6l13" custom="readingOrder {index:12;} unclear {offset:0; length:35; continued:true;}">
                <Coords points="3452,3226 4063,3173 4126,3216 4441,3182 4701,3233 4776,3189 4859,3219 4923,3130 4763,3094 4677,3153 4398,3079 4283,3146 3756,3090 3451,3146"/>
                <Baseline points="3462,3194 3534,3190 3607,3188 3679,3186 3752,3184 3824,3183 3897,3182 3969,3182 4042,3180 4114,3180 4187,3180 4259,3180 4332,3180 4404,3180 4477,3180 4549,3182 4622,3182 4694,3182 4767,3182 4839,3182 4912,3184"/>
                <TextEquiv>
                    <Unicode>frömbdes volck by der günnenen Brau</Unicode>
                </TextEquiv>
            </TextLine>
            <TextLine id="r6l14" custom="readingOrder {index:13;} unclear {offset:0; length:38; continued:true;}">
                <Coords points="3460,3321 3632,3287 3733,3359 3816,3294 3966,3333 4088,3276 4930,3323 4928,3181 4568,3251 4442,3181 3937,3234 3882,3198 3745,3258 3459,3228"/>
                <Baseline points="3470,3300 3542,3296 3614,3293 3687,3290 3759,3286 3832,3285 3904,3283 3976,3282 4049,3281 4121,3280 4194,3280 4266,3280 4338,3280 4411,3280 4483,3280 4556,3280 4628,3280 4700,3280 4773,3280 4845,3280 4918,3280"/>
                <TextEquiv>
                    <Unicode>und nach darzu vielen luteringisch von</Unicode>
                </TextEquiv>
            </TextLine>
            <TextLine id="r6l15" custom="readingOrder {index:14;} unclear {offset:0; length:33; continued:true;}">
                <Coords points="3436,3429 3734,3399 3802,3448 3920,3389 4132,3418 4348,3373 4452,3423 4536,3371 4878,3406 4877,3346 4752,3281 4524,3328 4020,3286 3733,3361 3527,3310 3435,3366"/>
                <Baseline points="3446,3406 3517,3402 3588,3398 3659,3394 3730,3390 3801,3387 3872,3384 3943,3382 4014,3382 4085,3380 4156,3378 4227,3378 4298,3378 4369,3377 4440,3376 4511,3376 4582,3376 4653,3376 4724,3376 4795,3376 4866,3374"/>
                <TextEquiv>
                    <Unicode>viel nachen kommen und syn bruder</Unicode>
                </TextEquiv>
            </TextLine>
            <TextLine id="r6l16" custom="readingOrder {index:15;} unclear {offset:0; length:5; continued:true;}">
                <Coords points="4479,3455 4511,3445 4526,3451 4549,3437 4585,3461 4598,3450 4617,3456 4632,3446 4645,3446 4642,3379 4618,3382 4607,3374 4599,3383 4573,3386 4556,3383 4540,3370 4504,3392 4500,3387 4476,3393"/>
                <Baseline points="4488,3440 4517,3437 4546,3434 4575,3434 4604,3432 4634,3434"/>
                <TextEquiv>
                    <Unicode>Solle</Unicode>
                </TextEquiv>
            </TextLine>
            <TextLine id="r6l17" custom="readingOrder {index:16;} unclear {offset:0; length:41; continued:true;} person {offset:4; length:5;} place {offset:18; length:4;}">
                <Coords points="3452,3529 3923,3503 4028,3566 4135,3499 4547,3485 4620,3540 4724,3486 4942,3549 4906,3344 4616,3455 4259,3447 4178,3388 4112,3450 3938,3403 3764,3463 3450,3428"/>
                <Baseline points="3462,3512 3535,3509 3608,3506 3682,3502 3755,3498 3829,3496 3902,3494 3975,3492 4049,3490 4122,3489 4196,3488 4269,3486 4342,3486 4416,3485 4489,3484 4563,3484 4636,3484 4709,3483 4783,3482 4856,3482 4930,3482"/>
                <TextEquiv>
                    <Unicode>der Meyer, so von Bern kommen bestättiget</Unicode>
                </TextEquiv>
            </TextLine>
            <TextLine id="r6l18" custom="readingOrder {index:17;} unclear {offset:0; length:33; continued:true;}">
                <Coords points="3455,3634 3562,3665 3911,3606 3994,3663 4118,3602 4351,3587 4544,3596 4623,3651 4861,3577 4860,3499 4794,3544 4713,3506 4614,3538 4544,3486 4422,3549 4142,3506 4029,3565 3915,3506 3789,3554 3682,3504 3616,3566 3507,3510 3453,3535"/>
                <Baseline points="3466,3622 3535,3616 3604,3609 3673,3605 3742,3601 3812,3598 3881,3596 3950,3594 4019,3593 4088,3592 4158,3592 4227,3592 4296,3592 4365,3592 4434,3590 4504,3590 4573,3590 4642,3588 4711,3588 4780,3586 4850,3582"/>
                <TextEquiv>
                    <Unicode>seye darüber gestürmbt worden und</Unicode>
                </TextEquiv>
            </TextLine>
            <TextLine id="r6l19" custom="readingOrder {index:18;} unclear {offset:0; length:37; continued:true;}">
                <Coords points="3482,3734 3549,3767 3613,3716 3875,3716 3923,3752 3978,3699 4431,3749 4728,3701 4890,3772 4887,3625 4831,3649 4770,3603 4643,3651 4461,3591 3993,3662 3875,3621 3809,3668 3480,3632"/>
                <Baseline points="3492,3728 3561,3721 3630,3717 3699,3712 3769,3710 3838,3708 3907,3706 3977,3704 4046,3702 4115,3702 4185,3702 4254,3702 4323,3701 4392,3700 4462,3700 4531,3700 4600,3700 4670,3698 4739,3696 4808,3694 4878,3692"/>
                <TextEquiv>
                    <Unicode>ein theil deß volcks in Thier gardten</Unicode>
                </TextEquiv>
            </TextLine>
            <TextLine id="r6l20" custom="readingOrder {index:19;} unclear {offset:0; length:32; continued:true;}">
                <Coords points="3489,3867 3676,3828 3753,3874 3810,3823 3996,3802 4883,3828 4908,3782 4597,3702 4324,3769 4238,3717 4127,3775 4061,3723 3967,3764 3875,3720 3777,3781 3626,3721 3487,3776"/>
                <Baseline points="3500,3834 3569,3830 3639,3826 3709,3823 3779,3820 3849,3818 3919,3814 3989,3812 4059,3810 4129,3808 4199,3806 4268,3805 4338,3804 4408,3802 4478,3802 4548,3802 4618,3802 4688,3802 4758,3802 4828,3802 4898,3804"/>
                <TextEquiv>
                    <Unicode>gezogen, die er alda commandiert</Unicode>
                </TextEquiv>
            </TextLine>
            <TextLine id="r6l21" custom="readingOrder {index:20;} unclear {offset:0; length:30; continued:true;}">
                <Coords points="3488,3960 4084,3933 4167,4008 4400,4006 4514,3947 4875,3974 4911,3841 4558,3810 4349,3853 4238,3811 4133,3872 4016,3806 3880,3866 3753,3876 3672,3827 3487,3863"/>
                <Baseline points="3498,3942 3568,3938 3638,3936 3708,3933 3778,3930 3849,3928 3919,3926 3989,3924 4059,3922 4129,3920 4200,3920 4270,3918 4340,3918 4410,3918 4480,3920 4551,3920 4621,3921 4691,3924 4761,3926 4831,3928 4902,3932"/>
                <TextEquiv>
                    <Unicode>und volgendts auch abgedancket</Unicode>
                </TextEquiv>
            </TextLine>
            <TextLine id="r6l22" custom="readingOrder {index:21;} unclear {offset:0; length:32; continued:true;}">
                <Coords points="3335,4261 3613,4191 3871,4250 3976,4196 4873,4201 4872,4142 4694,4070 3621,4144 3529,4067 3333,4138"/>
                <Baseline points="3346,4218 3421,4212 3497,4207 3573,4202 3649,4198 3725,4196 3800,4194 3876,4192 3952,4192 4028,4192 4104,4192 4179,4192 4255,4192 4331,4192 4407,4190 4483,4190 4558,4188 4634,4188 4710,4185 4786,4182 4862,4178"/>
                <TextEquiv>
                    <Unicode>Wiewol mihr Beiner früschig ihne</Unicode>
                </TextEquiv>
            </TextLine>
            <TextLine id="r6l23" custom="readingOrder {index:22;} unclear {offset:0; length:34; continued:true;}">
                <Coords points="3447,4327 3797,4295 3880,4347 4158,4291 4368,4351 4577,4293 4660,4360 4755,4290 4880,4313 4879,4196 4588,4189 4489,4257 4421,4201 4311,4254 4062,4203 3803,4261 3682,4199 3447,4260"/>
                <Baseline points="3458,4296 3528,4295 3599,4294 3669,4294 3740,4293 3811,4292 3881,4292 3952,4292 4022,4292 4093,4292 4164,4292 4234,4292 4305,4292 4375,4292 4446,4292 4517,4290 4587,4290 4658,4288 4728,4288 4799,4286 4870,4284"/>
                <TextEquiv>
                    <Unicode>Im Thiergardten angezeigt, daß die</Unicode>
                </TextEquiv>
            </TextLine>
            <TextLine id="r6l24" custom="readingOrder {index:23;} unclear {offset:0; length:32; continued:true;}">
                <Coords points="3460,4424 3862,4405 3927,4459 4011,4409 4331,4401 4491,4442 4910,4397 4910,4353 4799,4289 4659,4359 4577,4294 4361,4354 4287,4296 4108,4335 4002,4297 3881,4349 3798,4293 3656,4370 3585,4311 3459,4316"/>
                <Baseline points="3470,4402 3541,4400 3613,4400 3684,4398 3756,4398 3827,4398 3899,4398 3970,4398 4042,4398 4113,4398 4185,4398 4256,4398 4328,4398 4399,4398 4471,4398 4542,4398 4614,4396 4685,4396 4757,4394 4828,4392 4900,4390"/>
                <TextEquiv>
                    <Unicode>uf gehaltnen völcker nit frömbde</Unicode>
                </TextEquiv>
            </TextLine>
            <TextLine id="r6l25" custom="readingOrder {index:24;} unclear {offset:0; length:32; continued:true;}">
                <Coords points="3457,4552 3763,4510 3896,4562 4126,4509 4235,4559 4375,4509 4478,4574 4546,4508 4904,4483 4903,4412 4602,4404 4471,4464 4334,4408 4281,4444 4066,4410 3931,4462 3839,4412 3773,4476 3608,4405 3455,4435"/>
                <Baseline points="3466,4510 3537,4510 3608,4508 3680,4508 3751,4508 3823,4508 3894,4508 3965,4508 4037,4508 4108,4506 4180,4506 4251,4506 4322,4505 4394,4504 4465,4502 4537,4500 4608,4496 4679,4494 4751,4489 4822,4485 4894,4480"/>
                <TextEquiv>
                    <Unicode>sonder ir g. Underthanen seyendt</Unicode>
                </TextEquiv>
            </TextLine>
            <TextLine id="r6l26" custom="readingOrder {index:25;} unclear {offset:0; length:2; continued:true;}">
                <Coords points="4727,4555 4751,4556 4768,4564 4799,4555 4835,4555 4869,4526 4880,4527 4882,4494 4860,4493 4849,4503 4838,4503 4826,4491 4808,4497 4798,4490 4778,4497 4761,4492 4730,4499"/>
                <Baseline points="4738,4548 4764,4544 4790,4547 4816,4549 4842,4552 4868,4550"/>
                <TextEquiv>
                    <Unicode>dn</Unicode>
                </TextEquiv>
            </TextLine>
            <TextLine id="r6l27" custom="readingOrder {index:26;} unclear {offset:0; length:36; continued:true;}">
                <Coords points="3466,4629 3812,4622 3953,4687 4155,4614 4921,4650 4919,4551 4721,4569 4610,4499 4481,4571 4156,4511 3895,4562 3762,4510 3465,4554"/>
                <Baseline points="3476,4618 3547,4618 3619,4617 3691,4616 3762,4616 3834,4615 3906,4614 3977,4614 4049,4614 4121,4612 4193,4612 4264,4610 4336,4610 4408,4608 4479,4606 4551,4606 4623,4604 4694,4602 4766,4600 4838,4596 4910,4594"/>
                <TextEquiv>
                    <Unicode>er jedoch dieselbigen vor deß langen</Unicode>
                </TextEquiv>
            </TextLine>
            <TextLine id="r6l28" custom="readingOrder {index:27;} unclear {offset:0; length:28; continued:true;} person {offset:0; length:7;}">
                <Coords points="3509,4750 3632,4784 3809,4723 4011,4784 4150,4716 4643,4749 4801,4733 4799,4627 4704,4609 4597,4682 4491,4684 4382,4626 4232,4696 4049,4640 3972,4696 3811,4621 3734,4677 3634,4609 3585,4647 3506,4624"/>
                <Baseline points="3518,4728 3581,4728 3645,4726 3708,4726 3772,4724 3836,4724 3899,4724 3963,4722 4026,4722 4090,4720 4154,4720 4217,4719 4281,4718 4344,4716 4408,4715 4472,4714 4535,4712 4599,4710 4662,4708 4726,4705 4790,4702"/>
                <TextEquiv>
                    <Unicode>Bergers befelch, mit deme er</Unicode>
                </TextEquiv>
            </TextLine>
            <TextLine id="r6l29" custom="readingOrder {index:28;} unclear {offset:0; length:32; continued:true;}">
                <Coords points="3488,4901 3599,4844 3756,4911 3824,4847 3951,4829 4148,4815 4341,4897 4420,4833 4581,4868 4675,4826 4739,4866 4844,4826 4843,4761 4627,4792 4436,4730 4180,4772 4080,4738 4011,4785 3926,4732 3685,4793 3486,4761"/>
                <Baseline points="3498,4844 3564,4840 3631,4836 3698,4834 3765,4832 3832,4830 3898,4830 3965,4830 4032,4830 4099,4830 4166,4830 4232,4832 4299,4832 4366,4832 4433,4830 4500,4830 4566,4828 4633,4826 4700,4821 4767,4817 4834,4810"/>
                <TextEquiv>
                    <Unicode>correspondiert deßselbigen nachs</Unicode>
                </TextEquiv>
            </TextLine>
            <TextLine id="r6l30" custom="readingOrder {index:29;} unclear {offset:0; length:1; continued:true;}">
                <Coords points="4043,4909 4053,4908 4058,4910 4072,4895 4082,4894 4076,4838 4061,4840 4052,4832 4034,4834"/>
                <Baseline points="4050,4880 4070,4878"/>
                <TextEquiv>
                    <Unicode>.</Unicode>
                </TextEquiv>
            </TextLine>
            <TextLine id="r6l31" custom="readingOrder {index:30;} unclear {offset:0; length:35; continued:true;}">
                <Coords points="3513,4960 3806,5011 3861,4961 4043,5005 4214,4953 4296,5000 4503,4931 4657,5003 4909,4942 4908,4817 4723,4899 4452,4830 4349,4902 4262,4853 3923,4900 3860,4848 3751,4910 3638,4846 3513,4910"/>
                <Baseline points="3524,4944 3592,4941 3661,4939 3730,4938 3798,4936 3867,4936 3936,4936 4004,4936 4073,4936 4142,4936 4211,4936 4279,4936 4348,4936 4417,4936 4485,4936 4554,4934 4623,4934 4691,4931 4760,4928 4829,4924 4898,4920"/>
                <TextEquiv>
                    <Unicode>nit abziechen wollen, sonderen erst</Unicode>
                </TextEquiv>
            </TextLine>
            <TextLine id="r6l32" custom="readingOrder {index:31;} unclear {offset:0; length:17; continued:true;}">
                <Coords points="3447,5107 3730,5115 3775,5087 4007,5121 4095,5092 4234,5113 4214,4952 4045,5003 3862,4961 3809,5011 3608,4952 3444,5010"/>
                <Baseline points="3456,5072 3494,5068 3532,5066 3570,5064 3609,5062 3647,5058 3685,5058 3724,5056 3762,5054 3800,5053 3839,5052 3877,5050 3915,5048 3953,5048 3992,5048 4030,5046 4068,5046 4107,5046 4145,5046 4183,5046 4222,5044"/>
                <TextEquiv>
                    <Unicode>Des tags darnach.</Unicode>
                </TextEquiv>
            </TextLine>
            <TextLine id="r6l33" custom="readingOrder {index:32;} unclear {offset:0; length:39; continued:true;}">
                <Coords points="3453,5351 4087,5285 4240,5352 4310,5288 4784,5334 4861,5278 4932,5301 4930,5175 4676,5208 4530,5137 4111,5166 3935,5234 3450,5202"/>
                <Baseline points="3462,5314 3535,5308 3608,5304 3681,5299 3754,5296 3827,5294 3900,5292 3973,5290 4046,5290 4119,5288 4192,5288 4265,5288 4338,5288 4411,5288 4484,5288 4557,5286 4630,5286 4703,5284 4776,5281 4849,5279 4922,5274"/>
                <TextEquiv>
                    <Unicode>Item habe er auch den Bezug deß nichtig</Unicode>
                </TextEquiv>
            </TextLine>
            <TextLine id="r6l34" custom="readingOrder {index:33;} unclear {offset:0; length:35; continued:true;} person {offset:29; length:6;}">
                <Coords points="3482,5476 3598,5413 3868,5404 4003,5455 4086,5393 4223,5438 4302,5391 4827,5390 4949,5447 4946,5293 4888,5281 4653,5348 4384,5295 4239,5358 4086,5285 3869,5339 3480,5338"/>
                <Baseline points="3492,5410 3564,5406 3636,5404 3708,5402 3781,5400 3853,5398 3925,5396 3998,5396 4070,5394 4142,5392 4215,5392 4287,5392 4359,5390 4431,5389 4504,5388 4576,5387 4648,5386 4721,5384 4793,5382 4865,5380 4938,5378"/>
                <TextEquiv>
                    <Unicode>fundts in bysyn synes Bruder Meyers</Unicode>
                </TextEquiv>
            </TextLine>
            <TextLine id="r6l35" custom="readingOrder {index:34;} unclear {offset:0; length:30; continued:true;}">
                <Coords points="3459,5594 3587,5527 3724,5556 4131,5498 4381,5537 4488,5499 4761,5543 4894,5485 4892,5442 4685,5387 4577,5440 4485,5399 4398,5463 4147,5401 3972,5462 3858,5405 3741,5477 3541,5434 3456,5477"/>
                <Baseline points="3468,5530 3538,5525 3609,5520 3680,5516 3750,5514 3821,5512 3892,5510 3962,5508 4033,5506 4104,5504 4175,5503 4245,5501 4316,5500 4387,5498 4457,5496 4528,5494 4599,5492 4669,5490 4740,5487 4811,5484 4882,5480"/>
                <TextEquiv>
                    <Unicode>In der gmeindt namen, darzu er</Unicode>
                </TextEquiv>
            </TextLine>
            <TextLine id="r6l36" custom="readingOrder {index:35;} unclear {offset:0; length:40; continued:true;}">
                <Coords points="3453,5693 4162,5612 4253,5674 4493,5610 4642,5670 4758,5585 4946,5648 4942,5531 4382,5541 4281,5499 4138,5565 3951,5588 3783,5542 3450,5604"/>
                <Baseline points="3462,5664 3535,5654 3609,5647 3682,5638 3756,5632 3830,5628 3903,5624 3977,5620 4050,5616 4124,5615 4198,5612 4271,5612 4345,5610 4418,5609 4492,5608 4566,5606 4639,5605 4713,5603 4786,5601 4860,5598 4934,5594"/>
                <TextEquiv>
                    <Unicode>doch nit bemelchnet ysen, underschriben.</Unicode>
                </TextEquiv>
            </TextLine>
            <TextLine id="r6l37" custom="readingOrder {index:36;} unclear {offset:0; length:41; continued:true;} place {offset:15; length:12;}">
                <Coords points="3497,5778 4340,5719 4496,5765 4587,5718 4684,5767 4728,5724 4792,5780 4915,5758 4909,5615 4791,5587 4639,5671 4531,5613 4261,5681 4172,5611 4059,5655 3898,5629 3758,5701 3663,5653 3493,5673"/>
                <Baseline points="3508,5764 3577,5757 3647,5749 3717,5744 3786,5740 3856,5736 3926,5733 3995,5730 4065,5728 4135,5726 4205,5724 4274,5722 4344,5720 4414,5718 4483,5716 4553,5714 4623,5712 4692,5708 4762,5706 4832,5701 4902,5698"/>
                <TextEquiv>
                    <Unicode>Was er aber im Thiergardten under sonsten</Unicode>
                </TextEquiv>
            </TextLine>
            <TextLine id="r6l38" custom="readingOrder {index:37;} unclear {offset:0; length:31; continued:true;}">
                <Coords points="3502,5921 3611,5938 3725,5866 3953,5896 4023,5854 4120,5900 4292,5832 4374,5878 4548,5841 4641,5893 4776,5816 4917,5823 4915,5778 4801,5785 4740,5733 4568,5795 4286,5724 4233,5761 3798,5748 3630,5816 3496,5778"/>
                <Baseline points="3510,5870 3579,5867 3649,5864 3719,5860 3789,5857 3859,5854 3928,5852 3998,5848 4068,5844 4138,5841 4208,5838 4277,5835 4347,5832 4417,5830 4487,5827 4557,5824 4626,5822 4696,5820 4766,5818 4836,5816 4906,5814"/>
                <TextEquiv>
                    <Unicode>verhandlet, seye imme benolchen</Unicode>
                </TextEquiv>
            </TextLine>
            <TextLine id="r6l39" custom="readingOrder {index:38;} unclear {offset:0; length:7; continued:true;}">
                <Coords points="3502,6020 3541,6021 3594,6059 3668,5998 3718,6016 3803,5970 3845,5999 3958,5948 3995,5949 3993,5880 3811,5938 3686,5877 3610,5939 3499,5919"/>
                <Baseline points="3512,5988 3538,5988 3564,5988 3591,5987 3617,5985 3643,5983 3670,5981 3696,5979 3722,5978 3749,5977 3775,5975 3801,5974 3828,5974 3854,5972 3880,5974 3907,5975 3933,5976 3959,5979 3986,5982"/>
                <TextEquiv>
                    <Unicode>worden.</Unicode>
                </TextEquiv>
            </TextLine>
            <TextEquiv>
                <Unicode>9.
Nach den meine hochgeehrte Herren die
erammatores nachgeschribne persohnen
in der gfangensch und gewandten strecke
thurn, So wol ernstwortig alß auch
by betroüwung der mardter examiniert
habend sy angeben und bekendt, wie
wolget:
Hanß Spring
Der weybel zu Schapffen.
Alß deß Meyers sohn zu Mekil ihren uf einen
roß, dafür geridten anzeigende, daß vil
frömbdes volck by der günnenen Brau
und nach darzu vielen luteringisch von
viel nachen kommen und syn bruder
Solle
der Meyer, so von Bern kommen bestättiget
seye darüber gestürmbt worden und
ein theil deß volcks in Thier gardten
gezogen, die er alda commandiert
und volgendts auch abgedancket
Wiewol mihr Beiner früschig ihne
Im Thiergardten angezeigt, daß die
uf gehaltnen völcker nit frömbde
sonder ir g. Underthanen seyendt
dn
er jedoch dieselbigen vor deß langen
Bergers befelch, mit deme er
correspondiert deßselbigen nachs
.
nit abziechen wollen, sonderen erst
Des tags darnach.
Item habe er auch den Bezug deß nichtig
fundts in bysyn synes Bruder Meyers
In der gmeindt namen, darzu er
doch nit bemelchnet ysen, underschriben.
Was er aber im Thiergardten under sonsten
verhandlet, seye imme benolchen
worden.</Unicode>
            </TextEquiv>
        </TextRegion>
    </Page>
</PcGts>
