5472 7296
671 1359 882 1470 102
635 3733 1036 3889 derselbigen
899 1459 1044 1816 .
1002 3316 1066 3402 1
1220 1471 2172 1714 Herena Aber solt
1237 1644 1896 1785 von Langnomme
1003 1853 2452 2083 Nachdem disere Berena Oberholden
1054 1998 2441 2156 ich er g bevelch, durch dero beide diener
1011 2092 2435 2266 den Er Großweybel von Wattenwyl vnd hrn
1041 2174 2381 2354 Grichtschryber Engel, im Oberen Spittal
1067 2269 2394 2461 allwo sy mit zweyen Söhnen Kindts gelegen,
1007 2372 2447 2561 ernstwortig examiniert und befragt worden.
1076 2487 2408 2661 mit, welchen sy sich vergangen haben, und
1084 2588 2368 2755 wer diser ihrer kinderen vatter zu
1076 2685 2373 2872 machte, all sich vermeldet, daß
1085 2784 2517 3008 in dem letst vorgangnen Burschen rebention
1073 2909 2420 3152 wesen, alß die er gen zu hilff gezognen
1037 3017 2418 3225 trybergischen 5. compagnien, zum gehen
1053 3128 2414 3333 Steffisburg, vnd anderst wo kommen,
1060 3240 2380 3445 habt einer, den man einen obristen
1067 3369 2425 3534 haubtman genamset, in eines tag wuers
1064 3470 2476 3650 hus by der buderen genant beschlaffen, der selbige
1076 3584 2448 3764 habte einen halben bart, sich de und hinter
1100 3693 2416 3878 umb ettwas seye diser ehrer kinderen
1075 3789 2410 3991 Vatter, Sonsten habe sy sich weder
1850 3918 1909 4013 1
1074 3916 2449 4111 vor noch nach selbiger gist mit keinem
1103 4035 2444 4227 anderen fleischlichen vorgangen. Alß mit
1058 4162 2408 4341 hrn sammel gerber vor ettlichen jahre
1084 4277 2387 4457 in seiner Matten Vndtnus, von deme
1059 4369 2352 4583 sy eins töchter, so by den 3. jahren
1088 4504 2388 4708 alt und an jetzo sich bey Ihre alhier
1081 4632 2400 4805 im Mittal ufhalte, erzuget, welches
1031 4737 2400 4949 zu Rechigen getaufft und imme Gerber
1015 4885 1781 5072 zugeeignet worden.
2872 2043 2968 2189 9
4368 1380 4588 1541 103
3187 1430 4339 1696 Johannes Eggenfuß
3433 1574 3935 1748 Burger alhie.
3808 1680 3899 1777 e
3025 1722 4544 1928 Ist us verdacht, ob solte er dem aman zu hoffen
3061 1845 4554 2019 by 24 oder 25 lb gelts genommen haben, ofentlich
3072 1945 4585 2111 yngesetzt und den 28. januarii 1684 durch nichten.
4155 2037 4218 2116 da
4254 2051 4293 2122 8
3072 2043 4467 2204 Carolum von Bonstetten deß Heini hinder er
3083 2133 4496 2306 Großweybel von Wattenwyl by der Streli
3129 2240 4428 2414 exummiert worden. Der hatt bekendt.
3093 2343 4602 2573 daß er heüt 1 tag an einem sambstag den Amman
3107 2498 4579 2670 sehr trunken an der trutzgaßen vor herren vormans
3108 2601 4580 2770 sel hus angetroffen, welcher nichtig besudlet
3124 2695 4576 2870 am baden uf den Bauren gstotzet und von sich
3108 2798 4519 2952 selbsten nit ufstehen können. Da habe er
3111 2895 4560 3090 und nach ein soldat (deßen nammen imme un-
3132 3005 4545 3206 wüßendt, Inne uf ein ehrende geselschafft
3079 3120 4516 3332 zum Asperten geschnert, Vnderwegs aber zur
3079 3250 4624 3439 Aman den seckel us dem busen genommen, welcher
3114 3361 4541 3554 noch daheimb in seiner Schwester hus vnderen
3096 3473 4600 3657 beth sambt noch ettwas gelts, darin vorhanden.
3099 3579 4628 3764 und so ettwas manglen thete, werde sein schwester
3122 3702 4244 3893 oder die synigen solches ersetzen.
3472 3796 3657 3940 A. h.
3103 3828 4619 4070 Alß er umb pieter der wacht gewesen, habe
3109 3976 4540 4172 er by 18 wachten ungefarlich gehabt, und
3111 4065 4635 4272 von eillichen den lohn bezogen, die wachter aber
3116 4182 4626 4408 nit versetzen, sonder anderen gebotten, alß daß
3119 4300 4565 4508 die kehre desto ehr an andere kommen, offt
3106 4399 4621 4585 habe er auch wachten zu verrichten angenomen und
3078 4498 4660 4712 das gelt darfür empfangen, aber nit verrichtet
3106 4651 4376 4813 sonder auch anderen anstätt gebotten.
3051 4766 4660 4996 Alß man das gelt an obig angebnen orth gesucht
3089 4885 4660 5068 Ist daßelbig in einem läderin seckel, vnnd
3103 4991 4656 5174 benantlich 2 zwifach und ein einfache span¬
3102 5099 4672 5318 dublonen funden und herren groß weybel zu behalten
3087 5249 3727 5437 vbergeben worden.
3087 5387 4532 5577 Ist den 1. februarii 1617 aß ir gut.
3114 5522 4507 5683 befelch, vff dero gnad hin, Eidtlich von
3095 5634 4334 5800 Statt vnd Land verwisen worden.
