5472 7296
618 1352 876 1495 144
1025 1447 2285 1663 Den 3. junii 1654 ist Christen.
981 1576 2386 1755 Ainggeli ußem Buggsperg, wegen eineß
999 1675 2396 1854 begangken ledigen fählers, vnd zweyer
985 1775 2316 1957 Erbrachen, von Ir gen Statt vnd Landt
994 1891 2264 2083 Eidtlicher verwisen worden etc.
988 2509 2370 2726 Margareth Guttigloser, Hansere
1028 2670 2461 2816 Pittigkofers eines alhie gewohnten
1013 2761 2316 2906 Sterchauwers (dochter, so nicht
1031 2847 2393 2979 als ein am kindt auferzogen.
950 2949 2418 3122 Ist darumb gefencklich eingesezt,
1040 3048 2342 3234 daß dieselbig, mr Peter Knopffen
1054 3150 2424 3323 etwas zugs entwendt, vnd deß¬
1052 3260 2329 3419 wegen auß Ir g bevelch, durch
1049 3372 2357 3527 Mr Marlot den 10. junii 1654.
1027 3467 2414 3621 hierüber exammiert worden, die
1023 3555 2219 3726 hat nun bekendt, wie volget.
947 3665 2392 3863 daß er obgedachtem Peter Knopff.
1052 3808 2261 3969 in vnderschidenlichen mahlen,
1041 3891 2398 4048 einliff zung blatten, drey kanten
1028 3994 2369 4152 ein ohrenschußlen, ein Salt buchßl
1041 4091 2484 4276 vnnd ein Schweren hausen, entfromb
1037 4215 2424 4387 det, weliches zum gschir sy hernach
1051 4313 2447 4499 malen, H Jacob Wyßen, den kant
1037 4426 2369 4603 gießer an der Kretz gaßen, das
1017 4513 2447 4697 pfundt p 3 batz verkaufften habe.
1036 4834 2430 5033 Worüber gedachter hr. Wyß verhört,
1040 4984 2436 5125 worden, der hat angezeigt, es seye
1047 5069 2330 5225 nit weniger, weder daß obiges
1039 5162 2393 5324 meitlin zu ihmme kommen undt ihme
1052 5266 2390 5452 etwas jungs gschirr namlich das
1037 5366 2417 5575 lb. umb 4 bz verkaufft, mit ver
1057 5491 2364 5675 melden vnd furgeben, es seye bÿ
1039 5586 2475 5766 einer näyerin, so sich Margreth namsen
1038 5697 2482 5867 weliche da einen Soldaten genommen,
1044 5770 2452 5962 die dann beide willens in das Nider
1049 5895 2449 6080 landt zuziehen, vnd deßwegen alles
1038 5986 1573 6141 verkauffent.
2015 6150 2152 6289 f
4341 1391 4528 1544 145
3053 1449 4557 1695 Vff ein Zeit, habe gesagtes meitli, ihme
3122 1592 4575 1762 ein mäßige Zanggen Kanden, vnd ein
3127 1703 4533 1872 Saltz brichsel bracht, so alles 42 lb.
3125 1802 4599 1980 gewogen, darumb er 18. h. geben,
3157 1905 4493 2057 domalen habe es ihme furgeben
3143 1977 4555 2152 es bringe daßelbig ob der hetten,
3133 2066 4573 2250 sey nit auch vorhabens Ins Nider
3163 2169 4521 2360 landt zuzüchen, und verkauffet
3128 2276 4158 2444 3o dem vnd alles etc.
3077 2456 4594 2694 die hieuor bemelten 11. der halden, seynet
3128 2615 4616 2783 ihme nicht all zugebracht worden.
3139 2729 4610 2911 niene es aber gewesen, deßen
3125 2816 4601 3017 wuße er sich nicht mehr zuuer¬
3128 2968 3492 3114 sumen.
3095 3118 4541 3314 Mit diser seiner beygefüegten ent
3140 3243 4484 3417 schuldigung, wann er gewest,
3165 3348 4592 3539 daß Ir furgeben nicht wahr,
3162 3477 4570 3637 oder aber ein haußzeichen vff
3158 3575 4614 3756 dem petern gewesen were, hatte
3158 3693 4638 3887 er zu Wyß, selbiges, seinem fur¬
3156 3798 4608 3979 geben nach, mitt kaufft, sonder
3151 3924 4633 4096 es beforderest dem jenigen, deßen
3132 4005 4600 4196 Zeihen daruf wurde gewesen
3162 4121 4142 4328 sein, gezeigt haben.
3191 4334 4589 4524 Den 14. junii 1654. Ist von mahlen der räthen
3191 4465 4481 4626 erkent worden, dass sy ein monat lang
3184 4554 4160 4711 im Schallenwerck büßen solle.
