5472 7296
604 1316 815 1424 120
571 3786 1037 3923 diser hirt heißt Hans
562 3887 1062 3995 Ruder, sol im Nider land
579 3953 714 4052 sein.
1054 1331 2337 1508 zureicht, welches er gethan, vnd eß
1068 1405 2339 1594 disem anlaß sich domahlen zum erst
1076 1518 1741 1677 mit ira vertrabt,
1075 1619 2356 1771 das ander mahl das sye geschechen, In den
1067 1720 2364 1855 Riederen bei Kilchlindach an einem
1066 1799 2348 1971 Zinstag, da er sy hinder Ime vff einem
1073 1892 1727 2076 roßheimgeführt.
1049 1987 2285 2144 Vnd das drittmahl im groben bei
1862 2094 2322 2217 vnd habe Ime
1016 2116 1458 2246 Gülikofen.
1063 2147 2368 2319 die dienen furgeben, wie ermelter
1062 2270 2433 2420 Statthalter Hegg sy nunmehr bej vnge¬
1092 2338 2385 2517 farlich 18 Jahren vmbgeschleipfft vnd
1079 2450 1798 2600 offtmahlen mißbrecht.
1073 2523 2437 2712 sy habe auch vor 14 tagen in währender zeit
1058 2625 2369 2797 seiner gefangenschafft, mit Jure reden
1066 2709 2422 2890 wollen, er habe fra aber kein gehor geben.
1058 2844 2381 3015 Sonst habe er sich hieuor auch mit einer
1084 2955 2359 3104 anderen Thirnen vergeßen, ein Vuchlich
1062 3035 2461 3204 kind by ira erzuget, vnd albereit darumb
1066 3130 1331 3296 abbüsst.
1100 3265 2329 3457 Verners hatter Verzöchen, daß mehr
1063 3394 2409 3551 gedachter Statthaltter Hegg, vnd Bendicht
1066 3491 2313 3626 dis der alte wirth zu Buchse, dem
1059 3541 2429 3685 Müller und erschidenliche schaf entfründet,
1094 3662 2308 3805 deren etliche der Wirth gemetzget
1063 3751 2374 3898 vnd seinen gesten zu eßen geben, darzu dan
1086 3851 2332 3993 der hirt, der söliche schafhutten söllen,
1068 3950 1392 4048 coniuris.
1032 4027 2368 4176 So seye Ime auch in wüßen, daß der Statt¬
1057 4131 2355 4260 halten ermelt müllers schof geschoren
1062 4200 2182 4355 vnd Inen die Zeichen abgenommen.
1025 4338 2312 4529 nit weniger seye auch wahr, daß offtge
1043 4478 2391 4608 hörter Statthalter, vnd Niclauß Häberli
1039 4562 2315 4711 von Buchste, inne uff einzeit nachts uß
1034 4662 2339 4778 seiner ruw zum was ins wirthshaußen
1043 4734 2409 4878 geführt, da sy das volgents dem müller
1023 4841 2302 4972 das Werch vff der Rötze verbrant,
966 4937 2251 5081 derzuetendicht dis der domahlige
1022 5045 1939 5189 wirth das feier geben. A
977 5126 2390 5324 In währender diser seiner gefangenschafft,
989 5265 2422 5420 habe berurter Statthalter, Ime Zūm anderen
940 5360 2347 5499 mahl durch einen mol gelt zu zweyen
1004 5451 2387 5589 maßen wyns geschickt, vnd darbey laßen
997 5526 2430 5679 ansprechen, daß er seinet halb nichts bekennen,
985 5611 2415 5785 und imme verschonen wölle, mit versprechen.
972 5713 2223 5860 Ime einer seiner knab zu erhalt.
4405 1375 4613 1502 123.
3030 1473 4432 1647 Als in letster rebellion die Bawren, die
3133 1590 4568 1736 Newebrugg angefallen, habe gedachter Hegg
3135 1666 4520 1803 Inne auch nacher Jegenstorff geschickt, die
3144 1747 4058 1868 luth daselbst ufzumahnen.
3088 1816 4508 2014 Ist einmahl lähr und mahl mit dem kleinsten
3140 1947 3842 2098 stein ufzogen worden.
3137 2030 3908 2204 vide porro folio 126.
3168 2654 4525 2836 uff dise bekantens sind alsbald die
3126 2771 4557 2917 angeklagt persohnen auch gfengklich zuge¬
3149 2861 4609 3031 zogli und uß er gut befelch den 5. aprilis
3162 2945 4520 3102 1684 durch hievorbemelte ich herren herren
3157 3038 4534 3198 müller und herren Huser des kleinen herren
3152 3136 4649 3324 Geörg Koch, 1. Großweibel von Watten¬
3173 3232 4529 3384 weil vnd H. vmbgelter Jenner des
3169 3325 4623 3496 großen Raths, ernstwortig examinirt
3798 3426 4129 3548 vnd hatt
3200 3436 3591 3555 worden.
3151 3523 4589 3693 Christen Schenckel von Schalmen, h
3181 3629 4425 3799 vogts zu Buchseknecht verstechen.
3158 3715 4701 3935 daß er uß anstifften Bendicht Wettigkofern
3181 3863 4693 4002 vnd seinem fürgeben, daß es des Meisters seines
3172 3935 4691 4123 damahligen Meisters des Statthalter Hegn
3193 4049 4605 4184 befelch uff ein zeit zwey meiner ohne
3190 4118 4666 4290 daß sy inen mich anlaß geben, muthwilliger
3197 4208 4579 4414 schandlicher vnd befärtiger weiß, vff
3203 4303 4697 4487 offner straß angreiffen, und mit Ime Güttig
3194 4439 3941 4596 koferschlagen helffen.
3179 4526 4519 4734 daß er aber furs ander angeklagter
3200 4620 4624 4814 maßen, die rybi persönlich verderben und
3181 4709 4593 4900 Versagen helffen, gescheche zur vnrecht,
3217 4791 4651 5000 wol seye wahr, daß er vff einem hübeli
3155 4920 4618 5073 Schiltwacht gestanden, da solche von Ime
3192 5004 4601 5190 Güttigkofer vnd dem jung Hans Krieg
3218 5139 3917 5264 verderbt worden.
3126 5202 4645 5472 Ist den 9. aprilis 1674 in thur geführt,
3202 5353 4513 5501 vnd Ime die Marter getrowt worden,
3190 5436 4546 5595 hatt aber verners nit vertacht wollen,
3173 5508 4512 5689 sondern ist beständig bei obiger seiner
3191 5652 3896 5792 bekantnuß verbliben.
2955 5684 4538 5918 koningh den räthen erkent, daß er erb abtrach
3085 5817 4536 5973 Cosens, erlegung 50 l. in das erwerbuwene
3082 5879 4551 6062 Weißenhuß, vnd verwyßung vff 2 monat von
3064 5982 4644 6119 der Statt vnd dero burgeren zihl, auch vffen gutte
3078 6012 4751 6225 censur ledig gelaßen werden solle 7. aprilis 1614.
