5472 7296
708 1416 927 1583 214
832 3922 880 4138 z
860 2003 903 2105 3
1474 1424 1875 1594 Extract
969 1534 2513 1730 Eines an zu großweibel von Lubernaw abe
1277 1651 2366 1843 gegangnen Friegs roth zedels,
929 1849 2676 2067 Es habendt myne hochehrenden gnädigen Herren
993 1980 2653 2122 die Kriegs Räth, wegen Christen Wylers von Bulpp
1014 2076 2693 2221 wylen er die wacht hochlich unndt gröblich geschalten
1034 2197 2678 2367 erkent, daß er ein jhar lang vonn mahl, statt vnnd
1010 2313 2641 2484 dero burgeren ich solle verwisen werden, welch es
1032 2426 2695 2575 sy hiemit dem herren großweibel und den morndrigen
1042 2536 2586 2707 tag zuverrichten wöllen anbenolchen haben. Actum
1018 2648 1700 2811 den 14. septembr 1655.
1749 2800 2457 2985 Kriegs Rathschryber
1149 3241 2463 3446 Andres Lindiman
981 3473 2568 3699 leben der Andres Lindiman von Thun
981 3616 2694 3757 (welcher in der vorgrichtlichen gefangenschafft
974 3724 2631 3891 wylen er seinen Schwächer vnd Stieffschwiger
1014 3856 2633 3967 nit worten und streüen ungebürlich
1023 3904 2527 4060 vnd wider kindtliche pflicht tractiert,
1020 4005 2691 4164 verhafftet) deßwegen uferlegter deprecation
1018 4096 2571 4260 vor vorgricht alhie, Ist derselbige uß
2489 4187 2553 4259 e
1004 4188 2613 4349 Ir Gn befelch mit dem eid von statt und
1021 4283 2435 4454 land uff gnad hin verwisen worden.
1013 4381 1755 4547 18. Octobr 1655.
1205 4588 2225 4770 Ulrich Krayenburl
1348 4743 1899 4908 von Kundtoffen
962 4768 2618 5004 Welcher über dechs wochen lang und hiemit
1014 4930 2666 5096 über das gsatzmäßige zihl in der gefang
989 5017 2516 5190 schafft gebliben, ohne daß er begert hette,
1015 5107 2545 5275 den in authentisch rechten, wider Inne
1005 5202 2556 5363 gegrundten e. Daniel dingnawer
994 5256 2656 5464 umbsten an jene Krägenbül rechtmeßige
980 5395 2666 5571 habende ansprach ze bezahlen, ist uß
961 5494 2624 5649 ir guten befelch nach dem gsatze uß dem
939 5581 2629 5760 hand verwisen worden 26. octob 1658.
2869 2114 2986 2277 8
2805 2534 3023 2705 1
4532 1516 4739 1696 E
3302 1509 4465 1780 Janid Betscheryn Hanß Jacob
3298 1676 4469 1827 Hetschernuß sich vnehlicher sohn vnndt
3357 1766 4349 1949 Jacob Ringler uß Leüth,
3679 1863 3922 1975 Landt¬
3126 1969 4703 2168 Dise zwen buben sindt von deßentwegen, daß
3118 2086 4100 2201 sy nacht umb 8 uhren mr
4276 2131 4789 2275 hofers sol verlaßen.
3171 2169 4725 2328 witf und deß jungen willins deß wäbers im
3180 2267 4817 2420 Gerberen graben schweib anfencklich mit ungebürliche
3202 2354 4764 2514 worten. hernach auch mit streichen, sonderlich
3194 2446 4791 2621 einem durch den Ringgler an gemelter witfra
3201 2540 4796 2730 gethanen steinwurf und volgendes durch innen
3165 2653 4812 2843 Petscheyn vernebten hauw order stich eineß meßers,
3179 2755 4804 2925 under der gerberen lauben sehr übel verwundt
3194 2865 4837 3016 mit rutag usgeschmeitet und von ir gen stätt unnd
3150 2984 4806 3170 landen endtlich verwißen worden. Acten 3. novembris 1655.
3501 3698 4457 3930 Peter gehendler.
3084 4003 4805 4213 Alß gedachter Peter Schindler durch mahlen beide
3154 4129 4824 4304 Dienere irn Großweybel von Luternouw unnd
3155 4227 4827 4404 hrn grichtschreiber Engel über die anklegten
3197 4339 4831 4498 ob solte er einen ir gen raht zedul mit ungebür
3196 4428 4835 4609 lichen worten dadlet haben, zum anderen mal
3155 4533 4869 4707 So wol fründt alß auch ernstwortig examiniert
3191 4629 4857 4814 worden, hatt er ohngeacht deßen daruon mit
3208 4740 4828 4923 wüßen, sonderen unschuldig sein wollen, in
3200 4868 4735 5042 maßen gemelte herren Vrsach genomen
3211 4955 4879 5161 nach volgende persohnen hierüber zuuerhören,
3222 5080 4484 5267 welche im zeüget wie volget.
3208 5198 4853 5404 Hanß Joß ußem scheyenholtz der kilcheri Marb
3169 5293 4852 5448 und sein sohn bendicht. Item Hanß Hadel in der Hembis
3203 5372 4823 5558 mal der kilchöri Tiglen, zeügen einhäligklich bey
3191 5441 4814 5664 jhren guten trewen. Alß sy verschinnen 1 tag diß
3192 5550 4899 5754 drußen zu Zolling herr Amman Thorman mit obigen
3201 5679 4834 5897 Peter Schmidler tröschen, seye ein gewüßer mann
3195 5741 4884 5970 (deßen namen Ihnen ohnbekandt, mit gedachts Schmidlers
3188 5851 4850 6100 Stiefschwiger zu ihnen zum tenn kommen, der
3166 5985 4634 6199 imme ein gwüßen zedul eingehendiget
