5472 7296
583 1377 820 1515 120.
985 1418 2456 1689 Deßgleichen habe Er auch Hanßen Peyer
981 1560 2442 1731 von Wittwyl, nachts ein Roß uß der weid
1062 1644 2336 1837 genommen, selbiges ohne einich zaum und
1055 1745 2418 1924 halffteren ein stuck wegs geritten, vff
1060 1811 2329 2016 beßer besinnen vnd gefaßten ruwen
1078 1912 2391 2090 aber zu wißweil an einem zum gebunden
2314 2000 2393 2115 l
1064 1994 2304 2146 steht laßen, vnd also zu fuß nacher
1054 2109 1599 2279 Buchst gangen.
999 2287 2309 2453 seine als er vor vngefahr dreyen
1067 2381 2481 2551 Jahren Statthalter Heggs haußman gewesen,
1079 2466 2411 2619 vnd Ime gedienet, habe gesagter Statt¬
1073 2548 2331 2714 halter, Ime vnd einem anderen seinem
1045 2626 2412 2797 knecht, so jetzmahlen in herren vogts zu Buchsen
1042 2714 2375 2884 dienst, Christen Schenckel genant, ange¬
1075 2796 2340 2963 muthet, dem müller zu Buchse, stein
1049 2878 2353 3057 Rybi zuuerderben helffen, da sy das
1074 2990 2385 3138 den Wendelbaum versagt, den lybstein
1075 3092 2315 3256 Zerschlagen, das Isen, so durch den stein
1075 3173 2296 3348 gath genomen, uß des Statthalters
1083 3264 2313 3401 befelch, vff einem Roß in einem Sack
1076 3342 2388 3503 mit höre nacher Burgdorff geführt,
1067 3456 2300 3607 Vnd Ime dem Statthalter, bim Peter
1044 3547 2329 3694 Gammeter verlegten daruß machen
1797 3646 2268 3769 die übrige
1078 3649 1345 3786 laßen,
1079 3712 2291 3872 kleinen sachen, als der loß, die Schybe
1064 3798 2344 3968 und schlüßel, seyen in Bendicht dißen
1068 3911 2355 4048 Dess alten wirths zu Buchste hauß
1065 4001 2264 4152 kommen, allwo sy samptlich nach
1040 4096 2263 4252 verrichteter that mit einanderen
1055 4181 2323 4331 gesten vnd truncken, vnd vom Statt¬
1036 4274 2287 4419 alter Hegg, welcher in wahrender
1035 4350 2356 4499 verderbung der Rybi uff einem hübel
1084 4420 2344 4588 die wacht gehalten) gast frey gehalten,
1039 4535 2290 4680 worden, zu welichen allem auch
1019 4596 2406 4775 geholffen, Hans Kriegs sohn zu Buchsen
1043 4720 2391 4873 so jetzmahlen im Niderland sich ufhalten.
1004 4852 2316 5022 Wie es aber sider har mit diser lyben
1033 4957 2339 5114 gangen, vnd wer dieselbige verbrant,
1018 5048 2343 5205 seye Ime nit in wüßen, das er bin
1054 5150 2259 5304 wenigst darzu weder gholffen nach
1022 5267 1338 5412 gerathen.
987 5373 2407 5562 Wol seye wahr, daß diser Statthalter Hegg
1011 5499 2366 5662 ime uff ein zeit hulffer geben, daß er dem
1019 5595 2378 5741 Müller das rybbeth zerspreng sölle, darzu
989 5673 2348 5834 das der statthalter selbst geholffen, sy
990 5768 2331 5910 habent aber sölche nit ins werck richten
1013 5847 1260 5968 können.
2644 1636 3058 1758 hhierumb söllen nichten.
2634 1692 3044 1822 g. Laubach und H
2634 1754 3080 1888 huster bericht einge¬
2647 1812 3102 1923 gnommen und selbige durch
2647 1871 3055 1985 denweisli schreiben
2636 1943 3070 2031 in die foderen ge¬
2639 1998 2928 2117 laset haben.
4339 1378 4564 1514 121.
3132 1454 4532 1622 Verners, als vor etwas Zeits Iren zwey, die
3126 1568 4531 1701 er nit keine vom Statthalter Hegg, drußen
3118 1662 4594 1785 zu Buchst ein gwüße schuld rechtlich geforderet,
3127 1734 4614 1854 und deßwegen ein urkhund gefelt, habe damahlen
3119 1824 4590 1913 ermelter Statthalter, Ime vnd hieuorgedachten
3135 1889 4509 2022 Christen Schenckel, seinen Sohnes Thenn, da sy
3117 1970 4613 2100 geträchet, geschickt, mit befelch obige zwey
3138 2058 4638 2178 meiner die albereit uff irer heimstraß sigen,
3123 2133 4604 2240 anzugreffen, vnd zuschlagen, auch volgents Ire
3115 2211 4612 2341 geschrifften zunemmen, welches sy dan verrichtet,
3135 2283 4533 2447 und sy dergestalten tractirt, daß sy schier
3125 2370 4563 2489 keinem mentschen mehr gelicht, alles ohne einich
3123 2445 4612 2585 gegebnen anlaß vnd allein vf des Statthalters
3135 2524 4560 2698 befelch hin, als auch deshalben von nicht
3126 2611 4634 2742 Lombach und herren huser gricht ufgenommen worden.
3142 2704 4563 2816 habe er uß anstifften gedachten Statthalters
3123 2774 4623 2904 stein kundtschafft nit von sich geben, wie er aber
3128 2851 3900 2999 billich hette thun söllen.
3129 2961 4652 3135 vor ungefahr vier Jahren, habe er mit einem keyer
3140 3067 4609 3250 von Erlenbach deßen namen imme unbekant,
3136 3175 4543 3313 uß Heinrich Kroüchis v. vnd Statthalter
3147 3233 4579 3401 Heggs befelch, Bentz küffen von Buchse ein
3164 3347 4560 3519 Ursper uß dem Stall genommen, denselben
3160 3424 4584 3567 ans Heggs huß mit einanderen geßen, uß
3157 3494 4549 3690 der hut dan volgents der Hegg, steinem sohn
3159 3621 4099 3756 ein wannest machen laßen.
3092 3748 4543 3934 De�gleichen habe er mit hilff Nigli Feir
3162 3879 4531 3997 abens uß geheiß Bentz Lisen, Madlena
3155 3959 4575 4079 Burger, sein disen eigner Schwiger, eintheis
3155 4043 4543 4182 bock genommen und ins statthalters huß
3163 4129 4251 4277 mit Ime samptlich eßen helffen
3153 4257 4605 4422 So könne er auch nit ab sein, dan daß er vor
3175 4354 4657 4512 zeit herren vogt Gotters se auch ein tringelen
3188 4421 4585 4622 genommen, uß ursach, daß der vogt inne
3186 4531 4254 4703 uff ein zeit umb sy gebüstet.
3115 4686 4624 4858 Wythers ist er bekantlich, daß als er sich mit
3167 4779 4665 4948 Sara Bernert, Hanß Mathyßen von Diemers-
3200 4870 4684 5060 wyl Ehefrawen, zum Drittenmahl fleischlich
3182 4984 4667 5139 vertrabt, es sye aber das erste mahl
3183 5057 4653 5216 also hergangen, Als er mit offtgedachten
3193 5135 4685 5291 Statthalter Hegg, vor vngefahr Sechs Jaren
3203 5233 4565 5418 alhie uß der Statt nacher haußgangen,
3214 5291 4712 5498 habe damahlen er Hegg, dise dirnen mit Ime
3224 5401 4641 5602 heim uff sein bühne geführt, darzu das ir
3220 5482 4683 5706 Eheman kommen, den Hegg vertriben, also das
3218 5581 4673 5771 er den hut dahinden gelaßen, vnd selbst nit
4107 5702 4186 5760 e
3227 5653 4751 5906 abholen dörffen, alßo das er Inne, da er albereit
3209 5781 4543 5972 in seiner ruw war angesprochen, solchen
