5472 7296
640 4436 867 4590 Amsler
761 1450 960 1581 82
1171 1456 2520 1690 laugne er nit, dan er von seiner strytig-
1147 1602 2460 1771 keit mit der stifft sekingen in angehenden,
1154 1698 2473 1894 Mertzen zu Bern gsin hernach auch, da er
1137 1805 2470 1995 dem junker Hoffmeister zu Kungsfelden
1133 1931 2437 2098 laden uf konfft im Murgenthal und
1088 2033 2414 2225 glangenthal und daherumb gsin, aber
1163 2127 2445 2297 nrmalen an keiner Landts gerind, wie
1171 2250 2440 2434 wol er deßen mechtig anklagt werde.
1139 2362 2340 2551 habe sich auch weder Schrifft nach
1170 2471 2384 2662 mundtlich, mit noch ohne endt zu
1120 2589 2468 2771 ihnen verbunden, mit ihnen weder
1135 2714 2368 2916 zu Schicken noch zu schaffen ghan
1170 2814 2437 3004 noch vill weniger das Ambt Schencken
1157 2936 2431 3121 berg den entporten landtlichen angeben.
1156 3048 2452 3227 noch verpflichtet, wie wol er deßen
1148 3176 2499 3359 fast, doch unschuldig, anklagt werde seye
1098 3392 2423 3587 daß er dan zur Zyt, da die hernn abgesandten
1121 3535 2436 3680 Im Hoff das ober ambt Schenckenberg
1096 3623 2408 3816 zu Schintznacht in der kirchen zum grosen
1110 3738 2404 3921 ohen in früsche schuldigung ufgenommen.
1133 3842 2367 4043 widersprochen und gredt, alß wan hr.
1100 3953 2415 4156 Im Hoff lag und erngen bruche und damit
1128 4073 2390 4267 verursachet, daß ihren vihl zur kirchen
1118 4206 2368 4378 hinus gangen und nit huldigen wollen.
1101 4315 2371 4501 seye zwar leider beschechen, er aber von
1128 4423 2452 4595 vogt Ambstlers und statthalters sohn,
1112 4537 2430 4737 Hanß Sinvon den Schmid, sammel tüffelbes
1108 4672 2438 4852 und anderen darzu in der kirchen beredt
1106 4780 2412 4993 und angewißen worden, alß wan die
1070 4875 2417 5113 herren ehrengesandten zu Kroner ihnen
1101 4991 2428 5213 sihl versprochen und nüt ghalten.
1096 5149 2380 5346 Alß man auch der abgerahne Brief
1121 5266 2425 5482 den versprechen nit glych sye sonst
1076 5391 2452 5582 habe er alß der ab syner oberkeit
1109 5502 2428 5727 nit geklagen und doch in diß ungefehl
1109 5624 2430 5844 gerachten) sich deß handels nüt annemmen
1116 5775 2500 5975 wollen, also daß andere alß der vogt
2769 1543 3103 1718 Arfler
4503 1440 4686 1591 83.
3229 1545 4737 1784 Abmbsler statthalter und Hanß Ullrich
3239 1692 4686 1855 zulaufft, Hanß Sierin der alt, daniel
3243 1795 4713 1999 schmid vogt von vil nacher und alten
3284 1884 4704 2087 ein wirst von Oberflachs vogt von
3255 1998 4593 2199 Saalen, so sicht zu sahmen lauffens und
3264 2122 4646 2330 richt schlachenst ghan, zue weder truwen
3268 2226 4691 2457 nach dulden wollen, die hin und wider poll
3264 2329 4668 2544 schafften geschickt, maßen einsmals einer
3206 2457 4700 2695 dem potten nach geylt und wüßen wöllen
3261 2595 4712 2790 wormit sy umbgangen etc. Alß aber ettliche
3216 2701 4749 2930 jungen zu Schutz nacht, so ihre zusahmen
3213 2851 4719 3048 zunfften auch ghan, imme wohl ungeblauwet
3246 2964 4691 3169 was zu kroner versprochen worden syn,
3215 3097 4692 3302 seie er erst dem denselben beredt worden.
3231 3226 3765 3408 In der Kirchen
4630 3198 4750 3414 .
3703 3339 3888 3499 s
2942 3376 4654 3649 all der huldigung aber seyen in vogt
3159 3534 4602 3741 Abebslers hus zusahnen kaufften
3247 3674 4643 3844 gehalten und er auch einmal darzu
3162 3784 4642 3958 ber�efft worden. Sy aber habendt im
3224 3905 4728 4115 von ihren nacht schlegen mit gseit, sonder
3251 4050 4619 4245 nur von imme erforschen wollen, ob
3223 4176 4547 4364 er nit mirs von Geberen oder
3272 4306 4673 4535 anderen orthen müßen, meine doch
3251 4451 4702 4675 es seye damahlen umb das fahr schiffen
3194 4575 4353 4807 zu Annenstein ze thun gsyn.
3206 4817 4687 5075 Alß aber er vnd andere, die zuuor
3275 4988 4657 5178 nit schuldiget donstags den 12.
3251 5104 4654 5304 tag vom herren obernacht in eidt ufge
3263 5205 4697 5417 nommen und in selbiger nacht köngsfelden
3250 5306 4673 5512 von den Buren überkumplet worden.
3226 5434 4750 5658 sye er vom statthalter zulauff befelchnet
3250 5555 4697 5759 mit sinevon Seinen und Samuel Kurtz
3241 5672 4743 5908 über die uhren geschikt worden, zu erfahren
3218 5823 4705 6034 obis frund oder find syn, da sy nun
