5472 7296
595 1500 766 1665 26
1155 1502 2403 1728 allerseiths zu erwünschtem Zweck
1148 1638 2433 1840 der freyheiten und sosten gelangen
1171 1732 2464 1928 möge, mit bitt Ime einen vertrawen
1119 1823 2420 2040 Mann hinuf zuschicken, das er nit
1170 1911 2512 2147 glegenheit gehabt habe, nach nothurfft
1167 2063 1524 2245 zuschreiben.
1167 2152 2514 2389 und nun hochgenant nicht und oberen
1177 2282 2436 2488 bei diser so wol schrifft, als hievor
1192 2371 2525 2546 mundtlich gethanen anweisung ver¬
1168 2460 2484 2659 Pürt, daß die von Lentzburg sich vor
1162 2556 2457 2766 der Oberkeit ab: vnd zu der Vnge¬
1195 2647 2453 2844 horsamen Parthey gewendt, Auch
1175 2755 2419 2963 sich darbei erinneret, daß Ime
1184 2853 2408 3060 freyen bei geleisteter Eidts glübt
1137 2943 2463 3147 verbotten gewesen, sich der bißharig
1118 3020 2419 3207 Lentzburgischen factionen, vnd der
1208 3123 2442 3332 hochen oberkeit vermie erweckend
1216 3260 2452 3454 geschefften, inskünfftig mit rath,
1225 3346 2387 3519 that noch anderer gemeinschafft
1221 3452 2432 3612 bim wenigsten weithers nit zu-
1227 3560 2403 3726 beladen noch theilhafft zu machen,
1146 3637 2487 3827 Als haben wolermelt Ir gut. Inne
1216 3737 2507 3924 in verhafftung genommen und gfengk,
1228 3853 2437 4004 lich verwahren, auch volgents, zu
1234 3909 2460 4075 was und vnd eß was bewegnus
1229 4005 2466 4170 er diß gethan, zu vnderschidenlich
1225 4100 2458 4261 emahlen und letstlich den 13. aug.
1220 4194 2332 4360 1603. durch die Hochgeacht
1231 4300 2265 4446 Woledlen e. f. f. f. u. W. H. G.
1213 4350 2418 4518 Carolum von Bonstetten, hr. Niclaus
1230 4471 2382 4632 Lombach deß kleinen j Jost von
1244 4554 2483 4705 Penralt und Hr Abraham Im Hof des
1217 4651 2508 4812 großen raths der Statt Bern ernst
1225 4751 2485 4896 wörtig befragen und examinieren
1232 4831 2440 4989 laßen, der hatt nun sich
1233 4933 2457 5085 volgender maßen verantwortet
1238 5018 1904 5183 und entschuldiget.
1226 5102 2522 5303 Es habe der Schreiber Heinrich, so ben
1221 5240 2542 5406 H: Landtschreiber zu Lentzburg diener
1228 5343 2506 5513 gsin, vor etwas zeits in bysyn des
1223 5434 2445 5591 jetzigen herren schultheiß Strußen und
1200 5544 2469 5703 Rudolff Hißlers daselbst, Ime vn¬
1236 5634 2537 5783 wüßend, in das Stattbuch oder hand¬
1218 5730 2483 5870 veste zu Lentzburg, nach ußryß und
1212 5849 2498 5998 anderwertiger Insetzung zweyer
4587 1442 4694 1576 7.
3291 1549 4559 1714 oder mehr bletteren, geschriben vnd
3334 1648 4634 1800 geradiert, gleich als wan er es gethan
3350 1757 4627 1887 hette, vnd ein eigne gschrifft were, so
3339 1832 4618 1978 da gedienet zu großem nachtheill der
3336 1920 4709 2096 freyheiten und rechten inghen und hingegen
3327 2020 4598 2169 zum nutzen und zukommen der statt
3336 2103 4696 2222 entzburg, alles wider recht vnd billig¬
3336 2199 4677 2337 keit, weßwegen nit mir er frey, sonder
3331 2269 4699 2400 auch der damahls gewesne Stattschreiben
3333 2360 4647 2500 frey, so deßwegen vmb den dienst kommen,
3355 2447 4668 2612 in höchste ungelegenheit gerathen und
3313 2565 4679 2702 daruß geschloßen worden, wylen er
3333 2644 4639 2800 frey söliche ungelegenheit mit disem
3317 2738 4610 2898 Freyheit auch seübt, er dannenhar
3338 2818 4616 2965 auch gut gnug und ein Vrsach gsein sye
3340 2930 4643 3070 daß die gleich hernach vnder dem h
3325 2982 4719 3176 landtvogt jenner zu großem nachtheill
3339 3090 4586 3255 inghl rechten und gerechtigkeiten
3343 3181 4596 3357 verenderten lange Jurgestandenen
3350 3295 4647 3456 Tiring marchsteinen also ußgegrab
3333 3398 4679 3500 vnd verenderet worden, da doch er
3332 3473 4690 3649 damahlen so wenig als by der faltschen
3348 3580 4738 3727 Verenderung des Stattbuchs nit gegen¬
3352 3657 4687 3838 würtig, sonder abwesend, und schan
3349 3764 4722 3929 zu Brugg in seinem unfahl gsin, und
3338 3849 4684 4026 wylen num er erst siderhar vff dise
3369 3956 4714 4101 noch vnerörtherete Ime zugemeßne
3363 4044 4712 4206 faltschheit kommen, Als habe er disere
3354 4138 4691 4340 schreiben gan Lentzburg abgehen laßen,
4456 4240 4711 4357 daß die
3346 4258 4455 4424 sein vnschuld zuerweißen,
3376 4318 4771 4519 Vnderthanen vnd gmeinen burger daselbst
3377 4431 4757 4609 mit Iren beschwerden vnd klagpuncten
3379 4535 4708 4728 erschynen sollent, wylen mahl sich
3377 4628 4709 4812 anerbotten allen klaghafften in Iren
3370 4721 4756 4892 beschwerden der gebühr nach zu will¬
3809 4837 4728 4990 Bÿ welichem dan man
3380 4867 3632 5025 fahren,
3382 4910 4757 5093 wurde gesechen vnd erfahren haben,
3365 5026 4779 5177 Ob er des eint vnd anderen, so Ime zu¬
3382 5130 4786 5317 gemeßen worden, ein anstiffter vnd
3387 5210 4751 5399 in der that geleisteter gsin were oder
3992 5290 4723 5479 daß aber das mint
3404 5351 3531 5503 nit.
3410 5364 4808 5575 vnd ander zur anweisung der rebellion
3388 5502 4797 5701 Imme möchte andütet werden, sye gantz
3408 5619 4770 5791 und gar sein verstand nit, sonder in
3395 5711 4785 5883 allweg das widerspil gewesen
3397 5768 4739 5989 als der Jederwylen einhochen vnd
