5472 7296
453 1489 634 1642 38.
879 1475 2221 1755 Ire eingelifferte klagten, runde vnd
926 1620 2230 1847 cathegorische antwort begert, und
907 1721 2270 1921 wofehr selbige, biß Zinstag darnach
920 1819 2383 2013 nit erfolge, söll nit in gut vergwüßeret
910 1913 2203 2122 sein, daß Inen keine frucht nach
935 2025 2176 2201 andere Victualien mehr zu kommen
1489 2120 2295 2278 vnderschrib M. L. obman
929 2172 1221 2292 werde.
460 2202 2243 2405 Weliche abschlachung der profiand, er durch ein sonderbar schreiben auch den
888 2295 2039 2441 ahls weiderung des fastes daselbsten beordnet.
471 2368 874 2455 Statt fraw un
914 2309 2243 2519 Vnd obgleichwol hieruff Ir auf kein
937 2417 2146 2589 muy noch arbeit gespart, Inen so
850 2496 2182 2696 wyth immermüglich zu willfahren,
881 2619 2267 2801 Damit doch großes unheill und unglück
905 2724 2191 2896 dem gantzen land vermitten werde
944 2794 2161 2962 vnd sy deßen, durch ein, in aller Il
906 2895 2254 3081 zugeschicktes schreiben, sub dato 8. maii
945 2995 2254 3189 verstendiget, habendt sey und andere
921 3091 2311 3267 Inen das nit anderst angelegen stein laßen,
930 3197 2282 3349 weder daß sy sich, durch ein vß Nider¬
916 3292 2244 3446 Haltbach vom Ime Lewenberger
902 3387 2158 3543 Ulli Galli weibel von Rötenbach,
941 3493 2283 3640 vnd etlich wenig anderen, auf gut¬
931 3594 2226 3752 gestelte Wisryff, de dato 9. maii.
926 3687 2273 3853 nachmahlen verklärt, by ires vorigen
922 3818 2284 3949 tags gegebner resolution zuuerblyben
932 3968 2200 4162 Neimers sye er bekantlich, daß bey
946 4108 2312 4260 diser zu langenthal gehaltner Landts-
922 4195 2212 4347 gmeind, geschloßen worden, nit die
939 4289 2209 4449 kleinen Stett vnd Schlöser, wie aber
933 4387 2330 4528 hieuor zu Huttwyl abgerathen) sondern
934 4472 2304 4615 die Statt Hern selbst, als die Hauptstatt
910 4559 2155 4725 zu ploquieren, vnd den hals by
912 4645 2201 4826 Gimmenen und Arberg in zunemen
897 4780 2284 4916 damit also alle protiant abgeschnitten
921 4853 2232 5023 auch niemand weder druß noch darÿn
931 4937 1520 5064 gelaßen werde.
882 5040 2149 5208 Hanß Mad, Christen Herren und Adam
2146 5139 2187 5203 .
831 5163 2104 5311 Löchli zügen, daß Lewenberger inen zu
884 5251 2227 5410 Huttwylen der Landtsgmeind anbefolch,
928 5334 2273 5520 gutt sorg zur Gümmenen brugg zu halten
2565 5230 2958 5375 luth schreibens
2596 5325 2918 5449 von 12. maii.
2664 5613 2877 5827 Ce
2976 2641 3049 2752 s
4336 1439 4521 1594 39.
3007 1551 4401 1782 Disen zu Langenthal gefaßten rath,
3056 1694 4524 1852 schlag nun desto sicherer zu effectuieren,
3088 1783 4429 1916 liese offtbemelter Lewenberger, luth
3064 1890 4473 2028 seines verpitschierten schreibens, vom 10.
3064 1962 4504 2107 Mari seine bundts bruder zu langenthal
3060 2056 4384 2173 vermahnen, einmahlen die schlößen
3068 2147 4460 2303 nit anzugreiffen, aber den Stettlenen,
3045 2228 4555 2360 so wider sy sye alle munition abzuschlachen,
3068 2332 4519 2484 vnd ohne verneren befelch weithers
3068 2418 4404 2571 nichts zukommen zulaßen, weliches
3047 2524 4492 2678 schreiben sy von Langenthal vß Wythers
3067 2609 3765 2772 Verferggen söllen.
3057 2773 4520 2968 Vngeacht Ime Lewenberg nun diß Ir Vor¬
3035 2908 4494 3077 haben, luth abgehörter durch inne verpit¬
3067 2999 4469 3173 schierterschreiben, und gethane bekantnuß,
3078 3084 4438 3246 gnugsam in weßen gewesen, hatter
3050 3170 4434 3321 doch fr�ffner wyß brüggen dörffen, er
3050 3257 4513 3421 habe nit gemeint, als man bei Inen vff das
3077 3349 4477 3507 an allen orthen gehörtes stürmen ufgebroch
3098 3453 4474 3618 daß man mit den volckeren uff Bern
3071 3549 4489 3703 zuziechen wölle, sondern wyl botschafft
3073 3636 4547 3829 kommen, daß bei 10000 mannen frömd volck
3074 3753 4518 3913 by der Kummenen brugg, werde Ir Zug
3074 3840 4590 4003 auch dahin gehen, selbige Volcker ufzuhalten,
3051 4024 4517 4207 Nach dem aber Ir läger vor Ir gut Statt
3075 4129 4473 4292 geschlagen worden, habe er nit allein
3025 4238 4502 4392 das gantze Ergow, durch ein offenes mit
4434 4321 4493 4418 1
3058 4322 4446 4497 seinem Pitschier verwahrten schreiben
3034 4415 4543 4592 mit iren compagnien und fahnen gan oster
3073 4514 4546 4672 mündigen zu kommen vermahnt, sondern
3093 4621 4468 4801 nach denen von Hasls, die sich albereit
3100 4701 4487 4867 widerumb nach hauß begeben, durch ein
3097 4786 4572 4964 anderschreiben, bei leib und lebens straff
3085 4895 4570 5081 auch verliehrung haab vnd gutts, uß be¬
3080 4984 4526 5182 felich einer gantzen Landschafft gebotten,
3092 5108 4254 5250 Widerumb vff Bern Zureißen,
3086 5158 4517 5348 und als die Lucerner zu Lützel flü biß
2998 5272 4570 5448 vff sein Lewenbergers ordel still gehalten,
3047 5355 4578 5517 habe Er sey auch zu Inen Insleger vor
3043 5465 4110 5638 Bern In Ziech vermahnt.
