5472 7296
800 1591 2609 1861 Hermann Christen Canal Müller, wegen Grund
1248 1776 1747 1979 drohung 169
809 1918 2563 2199 Häg, darbern, v. Drittelen, wegen Inpener. 172.
824 2097 2659 2375 hortig, Madle, damals Tochter, im Weyer bei Sünstigen
1194 2264 2178 2461 legten diebstählen 199 230
1185 2396 2589 2623 Peter zu Forst, bind begen des Rechts auf
809 2418 1177 2665 hadorn,
1189 2568 2559 2796 die Schauch steigen, 2. Stund lang an der
1181 2681 2313 2912 endten Hand aufgehenkt. 117.
1214 2837 2558 3044 Javob, der Schurer, wegen Ziebstähl und
800 2826 1158 3075 Hüpscher
1185 3018 1650 3225 Inhupt. 225.
839 3843 2539 4075 Jordan Nicklaus, aus Scheringen, wegen Ver¬
1167 4005 1715 4241 bündung 109.
837 4163 2533 4405 Jost Daniel und Langenen wegen diebstahl 13
817 4337 2541 4566 Hensi Cathrin geb. Portemer, Hansten teun, v.
1169 4511 2624 4762 Scharnachthal, wegen zueignung ihres um
1164 4712 1829 4883 ehel Kinders. 171.
811 4779 2668 5084 Imhof. Michel Weibel, v. Steffirbung, wegen Verdacht
1156 5002 1976 5216 2. Verrätheren. 235.
794 5759 2635 6026 Kunkler, Milcher Freiheibel zu thuenen Jungs 106.
776 5955 2623 6200 Klerte, Gabriel Gabr der Goldschmidt Sohn, vnd Annen,
1123 6108 2059 6307 legen Siebstahl. 146. 106.
2888 1626 4677 1958 Kalt schmid Madlenn, vnd Kilchlindach, wegen Verdacht von
3308 1828 3995 2038 Kinder mord. 187 190.
2886 1914 4571 2222 Diener Elsbeth und Oberburg, begen diebstählen 209.
2879 2094 4628 2365 Strähenbühl, Ulrich, v. Runkhofen, wird wegen Schulden,
3286 2286 4524 2495 sprach aus dem Land verwiesen. 214
2880 2374 4622 2685 Keßler, Hans, und dem Sundigen, wegen Stein verfül¬
3221 2581 3491 2780 schung.
2900 3226 4745 3532 Levenberger, Schlauf, im Schönholz bei Redentlÿl, als
3302 3458 4567 3693 Rebellen anführer im Zuerenberig. 30.
2882 3570 4640 3852 Küscher, Jacob, v. Karburg wegen theilnahme am
3280 3771 4065 3965 Sannenbring. 50. 53.
3237 3943 4703 4146 Christen und jenningen wegen Rütschand. 93.
2879 3921 3230 4144 roffnen,
2865 4117 3148 4279 Lander
3193 4146 4651 4328 Cathrina, v. Aschi wegen 3. Hurenfehler 101.
3218 4282 4641 4498 Uli, genannt Streuer Sproß, v. Entfelden
2865 4259 3191 4507 kischen,
3206 4426 4704 4650 wegen Zubereren u. Verdacht als Theilnehmer
3207 4595 4153 4774 am Bauren aufruhr 164.
2873 4696 4695 4943 Lindimann, Andret, v. thun, wegen schlechter Trai¬
3240 4904 4351 5139 vierung seines Schwähers. 214.
2873 5717 4680 5918 Mader Türki v. Steinen, wegen usgoßnen verläum
3212 5859 4021 6091 derischen Worten. 103.
2847 5970 4629 6268 Slurer, Christen, v. Stollen, begen 2. Unsicht fehlent. 108.
