5472 7296
746 1497 963 1660 194
1305 1588 2024 1792 Lucia Rösch.
1456 1769 1832 1868 von thun.
1029 1829 2697 2057 Nachden dieselbigen den 19. Apr 1655. durch nichthan Rechts
1156 1987 2636 2145 Herren von Bonstetten, Ire Großweybel von Unternow,
1161 2101 2610 2257 und herr grichtschreiber Engel in der Kesi wegen
1172 2151 2638 2335 übertrettung ihres eidts und darüber verüebt,
1126 2277 2655 2438 diebstahlen ernstwortig examiniert worden.
1134 2363 2643 2536 gan sy zwar anfangs von einichen diebstälen
1184 2460 2632 2637 wüßen, sonderen derenthalb gantz unschuldig
1171 2560 2650 2749 sein wollen, jedoch aber hernach an der manter
1172 2655 2651 2830 erhalten, auch wahr zu sein erkent und bekent,
1117 2773 2562 2965 daß leider wahr seye, daß sy Petern Meyer
1159 2870 2592 3055 underschidenliche stuck Lymradt, namlichem
1167 2980 2649 3125 2 fiserträgen, in mansheumbd, 5 wyberhembder
1159 3093 2624 3254 und 5 teschlachen, sambt einer großen betziechen
1186 3191 2676 3364 mit blawen strichen entwendt und selbige
1180 3300 2613 3505 einer gewüßen boten er alhier zuuerkauffen
1169 3410 2534 3611 geben, die ihro dan us etlichen stuken etlich
1171 3528 2484 3699 batzen daruß erlösten habe.
1147 3681 2668 3872 Item habe sie auch hin schryber Gardiß schwöster
1155 3830 2526 3995 Ehrinen hafen sambt dem deckel genomen
1154 3929 2603 4054 und einer gwüßen roten und die lachten fr von
1122 4018 2575 4187 Eryknag, so sich zum Zeiten alhier befunde, umb
1125 4108 1642 4266 14 lb verkauffen.
1118 4203 2607 4412 deßgleichen mr Geörg strecks fr habe sy ein
1141 4336 2091 4513 silbernen tischbecher genommen.
1088 4487 2561 4695 Ihrer Schwester habe sy das Ihre hievor
1158 4598 2540 4748 entleite darbeth genommen und biß anhero
1147 4697 2464 4868 hinder iren behalten sambt 7 oder 8 lb.
1076 4872 2642 5112 Dusiert dißen auch habe sy sit villen jahren
1128 5034 2557 5209 dahar allerley äsige speißen, sonderlich
1151 5122 2589 5317 aberkent, habiß, neben und dergleichen
1154 5230 2605 5427 wegen jederwyligen gehabtem Junger
1115 5325 2648 5535 und manget genommen, von deßwegen sy dann
1124 5454 2561 5646 uf ein zeit durch herre selben Bachman zu dem
1128 5560 2567 5755 i gfenckliche hafftung genommen worden. Diß
1140 5661 2613 5861 alles sambt übertrettung ihres eidts seye ihren
1109 5772 1528 5936 hertzlich leidt.
837 5865 2488 6046 Den 26. apr 1655. ist sy mit ruten usgeschweitzt,
834 5974 2364 6163 und mit dem Bären gezeichnet, auch von Ir a
796 6086 2298 6281 statt und landtverwißen worden.
4508 1616 4718 1772 195.
3406 1573 4249 1788 Cadlena Schertz
3184 1711 4399 1888 Hanß Alters schweib zu Görischus.
3256 1879 4768 2122 Ist, wegen daß sie (neben einem mit Wolfg
3288 2041 4748 2219 Graßrieder ußem fryburgerbiet erzeügeten
3276 2126 4759 2309 veichlichen vnndt, darumb sie zwar alhier 20 tag
3312 2209 4801 2393 abbüest) sich von ihrem mann zu Schwartzen
3275 2325 4796 2515 burg begeben und daselbsten ein zeit lang ufgehen
3259 2437 4766 2627 halten, auch darüber einem buren zu Rugge
3311 2529 4788 2727 sperg uf anweisung einer streichenden warnen
3286 2644 4800 2814 einen hafen den er aber wider bekommich
3268 2773 4833 2961 sambt einen fragen und ein bar schu genommen
3305 2864 4814 3052 wie sy dann wahr zu sein vor meinem hocheh
3279 2987 4822 3169 reiden herren von dießbach und hern aman
3240 3090 4839 3300 Stürler wahr zu sein den 24. apr 1653 bekennt
3244 3212 4817 3433 uf genand hin ins schallenwerk erkent,
3237 3343 4182 3556 den 26. apr 1695
3458 3799 4566 3971 Johans Roth gebürtig von
3301 3922 4508 4074 Straßburg seines handels halben
3569 4018 4359 4156 een Zahnbrecher etc.
3317 4162 4634 4345 derselbige ist uß Ir gut befelch, den
3279 4257 4786 4404 8. man 1687 durch ihr heimlicher Herrn
3266 4343 4780 4510 und j Großweibel von Luthernaw, über
3251 4457 4744 4603 sein an Vrsula Schmidin, ders Schmidts des
3262 4538 4854 4705 Zimmermans dochter alhie, begangne Vnzuchtige
3270 4635 4862 4795 und unküsche action, wie und welcher gstalten
3279 4717 4648 4858 er namlich mit derselbigen vmbgangen
3282 4791 4852 4960 ernstwortig und bei betragung der Marter
3271 4901 4698 5041 examinirt werde vnd fernemlich über
3264 4990 4739 5130 nach volgende artickel befragt worden,
3248 5070 4845 5255 Was er fra für die schmertzen der zähnen zugeben,
3156 5071 3236 5240 4.
3262 5197 4817 5352 wie er mit iro umbgangen, daß sy luth irer
3157 5217 3221 5323 2.
3281 5287 4459 5425 bekantnuß) in ohnmacht gefallen.
3148 5371 4852 5498 3. Durch was mittel er sy verderbt habe, daß
3293 5468 4787 5616 y keiner Jungfraw mehr gleich gesechen etc.
3248 5566 4847 5723 vber den ersten Puncten gab er dise antwort,
3147 5689 4809 5839 Als verschinnen 18. aprilis besagte Vrsula
3241 5780 4918 5895 Schunden zu Ime zur Fronen in sein nachkommen,
3251 5853 4874 6007 lich der schmertzen Irer zähnen beklagend, habe
3255 5963 4812 6096 er, nachdem er zuvor, nach Jederweilen ge¬
3252 6024 4858 6200 pflognen brauch, das grach beschloßen, fra
