5472 7296
689 1453 937 1628 216.
947 1506 2660 1737 darin er geantwortet, was inne diser hedul gherre
960 1643 2553 1815 Sie (die Stiefschwiger habe inne bald gnug umb
915 1736 2568 1911 das seinig bracht und alß der jenige, so den zedul
960 1849 2659 2015 ynhendigen wollen, uf nit empfachen, ins dem
973 1944 2626 2105 uf ein riglen glegt, auch daselbsten hinab ufs strome
957 2046 2643 2200 gefallen, habe er Schindler denselben mit der gablen
981 2141 2570 2331 von sich gestoßen und gesagt, er möge sein gedul
2563 2233 2616 2286 e
987 2258 2660 2412 widerumb nemmen, er wolle sonsten begegnen
997 2354 2667 2534 woruf vill und underschidenliche scheltwort
935 2452 2599 2633 Zwüschen der alten fen, vnd disem Ihrem Stieff
976 2567 2666 2736 tochterman ergangen, deren sy sich aller nit zuuer
982 2647 2665 2838 seinen wüßen, ußert den, daß gedachter Schindler
987 2768 2658 2943 gsagt, sy die alte er habe ihmme offt mit den provosen
981 2875 2645 3066 treigt, die doch niemalen können. Endtlich habe
950 2966 2610 3178 der einte zeüg bendicht, daß den gedul (den
979 3107 2652 3277 Schindler hernach selbsten ufgehebt, imme vorgläsen
1003 3201 2564 3389 woruf er sich volgents entschlißen, dem darin
974 3309 2592 3497 stehenden befelch zugehorsamen und uf den imme
978 3424 2637 3629 bestimbten tag voren ir Großweybel vnndt
962 3526 2623 3718 hrn grichtschreiber zu erschennen, endeten hiemit
963 3634 1402 3835 Ihrer schlag.
935 3791 2612 3967 anß Baumgarter ein geschworner von Kilchdorff
925 3890 2609 4085 zeüget, daß er uf anhalten obbemelter des
968 3994 2613 4177 Schindlers stiefschwiger imme obigen zedul Hannß
991 4099 2590 4289 gahn hollingen getragen und daselbsten ynhendigen
985 4207 2649 4369 wollen, der sich aber denselben zu empfachen
991 4298 2669 4484 geweigeret und gsagt, was inne disen rahtshedel
997 4426 2636 4578 gheye. Nachdrü maligen anerbieten, vnndt
996 4508 2649 4713 verweigerts empfachen, habe er gezüge endtlichen
953 4631 2664 4807 disen gedul zustein gesteckt, der hernach hinab
982 4743 2681 4946 uff straw gfallen und von imme schindler mit
951 4862 2653 5065 der gablen einweg und beyseits gestoßen,
988 4949 2630 5167 worden, auf verners gsagt, er wolle der
920 5068 2625 5286 zedlen so vill bekommen, alß er begehre. Item
898 5178 2653 5370 mann habe imme offt mit den provosen trönt
974 5292 2616 5517 seyen, doch nie malen kommen imme abzuholen,
2788 3992 3159 4158 Das 1. examen
2749 5002 3155 5204 prelatene
2911 5751 2980 5864 e
4527 1619 4706 1763 217.
3367 1580 4380 1831 Peter Hädern zu Borsten
3342 1741 4446 1934 In der kilchhöri Ansoldingen.
3091 1819 4744 2075 Ist, umb daß er verschinem donstag znacht,
3201 1978 4712 2181 mit einer Leytteren vff die Schantz al¬
3206 2093 4659 2290 hier gestigen, auß in der krieges
3177 2214 4646 2355 rahten bevelch an der einten handt
3182 2330 4647 2501 zwo Stundt lang, zu einer gnädigen
3194 2429 4743 2594 Straff, mennigklichem zu einem Exemptl
3199 2535 4743 2714 aufgehënckt worden. Actum 25. novembris
4456 2649 4706 2797 1655.
3144 3571 4613 3765 Hans Balthasar Schilli der
3262 3711 4654 3897 Hafner Johannes Ziegler der Pfister
3251 3823 4648 4005 beid von Brugg, und Abraham Beÿ¬
3254 3933 4440 4119 man der Nagler alhier sindt
3194 4054 4867 4242 Len 5. decembris 1655. durch mhl Rahts
3197 4170 4773 4337 hen müller hin Anthoni Kilchberger und
3148 4275 4811 4441 Irn Großweibel von Vnternaw, von des
4722 4432 4813 4523 .
3179 4387 4723 4564 hernachnermelten durch sie begangnen
3195 4481 4809 4670 vnd daruff bezognen diebstals wegen,
3202 4594 4775 4755 furs erste mahl examinert vnd be¬
3203 4696 4762 4865 fragt worden. Die habendt nun
3192 4789 4826 4986 bekendt: Daß sie verschinem sontag
3201 4910 4876 5085 bey einanderen in ermelts Beymans Haus,
3203 5017 4865 5192 vnd bei ihnen die Junge ihmme latenen
3208 5114 4786 5263 gewesen, weliche ihnen angezeigt vndt
3208 5214 4797 5397 vermeldet, Es habe die von Gryers an
3201 5316 4802 5498 der Spital gaßen, vnfang ist zugemeygt,
3202 5435 4885 5600 man kondte ihro wol ein poßen thun etc.
3187 5535 4919 5697 daruff sie sich albaldt vnderredt vndt ent¬
3203 5621 4891 5814 schloßen, selbiges in das werck zusetzen,
3207 5740 4882 5910 wie sie dann grad deßelbigen abents
3203 5839 4838 5979 vnd da es albereith nacht war, dahin
3172 5930 4836 6108 gangen, den Keller geöffnet, vnd hiemit alles
3187 6023 4856 6191 von 3 schweinen mit barten und der übrigen
3167 6134 4897 6318 zugehört hinweg genomen, darob sie aber
4568 6236 4865 6395 erdapt
