5472 7296
833 1421 1071 1584 162.
1081 1524 2545 1747 durch eine Bonschafft den gmeinden
1125 1686 2552 1878 Bir Lünpfig und Schärtz angemutet,
1171 1809 2512 2030 und sy befragt worden, ob sy es
1196 1938 2584 2099 mit der oberkeit oder mit dem
1128 2076 2525 2274 Bauwren haltten wollendt, sy sich
1182 2221 2509 2436 versamlet und erklärt, wylen sy
1193 2347 2525 2541 vor kurtzenstagen den herren im Hoof,
1145 2479 2564 2698 In namen des hochen oberkeit einen
1152 2612 2559 2847 Eidt geschworen by derselben zu verblyben.
1193 2768 2505 2945 wöllende sy solchen ihren eidt redlich
1148 2869 2604 3111 halten. Da um sy buß gegen nacht
1169 3028 2551 3265 bysahmen verharret, seye bemelter zahn
1174 3184 2445 3369 und nachte Stirneman der jung
1175 3322 2464 3502 von der herbei kommen, habe der zahn
1132 3456 2312 3655 zu Ihnen gesprochen, wie Ists Ihr
1179 3583 2521 3782 guten nachburen, wollendt ihr anß
1144 3708 2528 3906 fahr gewachen, es wirt frömbdes solche
1127 3858 2529 4034 dahar kommen und welcher nit dahin gehen
1193 3967 2487 4172 w�lte er einem solchen nit ein schellman
1170 4103 2543 4299 umb sein bauwen hof geben, es seyen zu
1145 4218 2557 4397 Hrnegg und Allmensingen 2000 mann
1130 4351 2512 4544 die ins pfahr züchen werdendt, daselbst
1141 4473 2541 4671 gewachen, und wan sy nit mit ihnen wollen,
1159 4628 2541 4788 gehen, wölle er noch 2000 mann bringen
1166 4732 2544 4899 und sy wol darzu halten, weiters unndt
1103 4854 2513 5062 zu thun gredt, nun um wollent ihr
1167 4997 2546 5205 nit inß fahr gewachen, gschwinden gschwinde
1171 5122 2564 5335 es muß sein, auch an sy begerdt, daß man
1116 5252 2532 5447 imme ein stoß geben sölle, dann das synige
1120 5385 2585 5592 seye fast wurd, hiemit weiters fort gefahren,
1096 5499 2596 5716 Da syt innert zwo Stunden, das Volck daher
1122 5653 2544 5863 kommen und sy gezwungen, daß etliche mit
1115 5759 1831 5967 ihnen gesuchen müßten.
4548 1489 4738 1643 163.
3209 1560 4697 1823 Werners so seye er auch hernach selbs vierdt
3267 1744 4744 1941 ußem waldt und ihrem tager by Mellingen
3263 1859 4612 2070 Hauf gahn Lupffing und für kommen, mit
3279 1976 4733 2224 ernstlichen befragen, ob bey wyn vorhanden
3270 2120 4717 2321 sy, Alß imme geantwortet worden nein
3290 2245 4720 2456 er gesprochen, das seye nüt, es müeße wein
3261 2392 4697 2606 und brot vorhausen sein, dann es seye ein große
3233 2529 4702 2734 hetz, da er aber an solchen bscheid nit kommen.
3285 2656 4768 2856 wöllen, seyen etliche gezwungen worden.
3227 2787 4694 2997 imme die kelter geöffnen. Nachdem er under
3261 2953 4685 3153 sein Geselschafft die gantzen Nacht us gung
3267 3069 4726 3317 geßen und stuncken, habe er jahr gesprochen.
3276 3234 4714 3445 es werden dise nacht angahn, an dem morgen
3229 3345 4697 3595 habe man imme us dreyen underschidenlichen
3214 3504 4683 3721 K�lleren zwen Sänn wyn geben müeßen.
3266 3650 4731 3871 und fras noch für übrigen verhand anden ware
3283 3783 4235 4021 er in den gaßen gemeßen.
3331 3953 4791 4102 v Hofmeister zu Königsfelden, hatt wegen des
3291 4074 4857 4209 zahnen, us ir gut befelch etlich seiner geschwornen
3302 4140 4785 4276 und sonderbare persohnen bei iren eiden vernommen.
3314 4220 4434 4344 vnd volgende zugsame überschickt.
3265 4300 4624 4415 Als an dem freitag zu morgen, da alles volck
3300 4385 4748 4503 widerumb hinweg vnd uß dem Ambt Eigen, vom
3293 4457 4872 4572 jahr wendisch abzuhen wollen, sye Hans Heinrich zahl daselbst
3299 4539 4805 4627 in die stuben hinyn getretten, vnd der menge so darinn
3309 4596 4824 4721 und drußen waren zugesprochen und vermahnt, sy söllen
3310 4685 4810 4773 noch nit hinweg, es sye villichter frond volck vff
3312 4751 4725 4821 der straß, darzu so habent ir gut inen schon
3304 4796 4793 4930 vil tausend kronen anerbotten, Erklage vff vier
3273 4880 4715 4993 landtvogt, seye einest meister, wölle jetz auch
3298 4947 3723 5046 hinder sy par.
3966 4933 4871 5075 welche wort von meinigklichen
3318 5018 4837 5152 von Ime gehört, Insonderheit auch daß er gredt,
3297 5094 4802 5232 man sölle nit hinweg züchen, biß die gefangnen zu
3291 5174 4006 5302 Zürich wider ledigsten.
3265 5229 4811 5417 Dannothin als von Brunegg har, durch eine Gott¬
3299 5389 4895 5487 schafft den gmeind Wir, Lupffig vnd Schertz angemuthet
3301 5457 4875 5559 und sy befragt worden, ob sy es mit der oberkeit oder
3322 5517 4922 5650 mit den buren halten wöllent, sy sich versamlet und erklärt
3318 5566 4810 5709 Wylen sy vor kurzen tagen dem herren im hof innammen
3309 5653 4927 5780 der hoch oberkeit, einen eid geschworen, by derselben zuuer¬
3313 5739 4863 5839 bleiben, wöllend sy sölch iren eid redlich halten, sye bey der
3311 5780 4778 5909 nacht bemelter zahl und Jochim Sternenman der jung
3295 5860 4870 5976 zu inen kommen und habe jahr gesprochen. Wie ists er guten
3309 5932 4882 6048 nachburen, wöllend ir ins fahr gewach, es wird frauw
3312 6000 4881 6121 Volck daharkommen und welcher nit dahin gehe, wölte er
3320 6081 4884 6183 eien solchen nit ein schilling umb seinen Burenhof geben
3325 6146 4914 6262 es seye zu Brunegg und Othmasing 2000 mann die ins
3317 6213 4878 6336 fahr züch werden, daselbst ze wacht und wan sy nit mit
3313 6287 4887 6415 inen wöllen gehen, wölle er noch 2000 mann bringen und sy
3317 6350 4907 6471 wol darzu halten. Sagte auch weithers nun nun wöllend
3326 6412 4906 6554 ir nit ins fahr gewachen gschwind gschwird, es müßen
3326 6503 4814 6614 sein volgents von inen ein roß, wyl das synige sehr
3330 6565 4866 6713 nnd begert und seye hiemit weithers fort gerithen
