<?xml version="1.0" encoding="UTF-8" standalone="yes"?>
<PcGts xmlns="http://schema.primaresearch.org/PAGE/gts/pagecontent/2013-07-15" xmlns:xsi="http://www.w3.org/2001/XMLSchema-instance" xsi:schemaLocation="http://schema.primaresearch.org/PAGE/gts/pagecontent/2013-07-15 http://schema.primaresearch.org/PAGE/gts/pagecontent/2013-07-15/pagecontent.xsd">
    <Metadata>
        <Creator>prov=University of Rostock/Institute of Mathematics/CITlab|PLANET AI GmbH/Gundram Leifert/gundram.leifert@planet-ai.de:name=German_Kurrent_XVI-XVIII_M1(htr_id=19584)::::v=2.6.6
prov=University of Rostock/Institute of Mathematics/CITlab|PLANET AI GmbH/Tobias Gruening/tobias.gruening@planet-ai.de:name=de.uros.citlab.module.baseline2polygon.B2PSeamMultiOriented:v=2.6.6
prov=University of Rostock/Institute of Mathematics/CITlab|PLANET AI GmbH/Tobias Gruening/tobias.gruening@planet-ai.de:name=/net_tf/LA73_249_0mod360.pb:de.uros.citlab.segmentation.CITlab_LA_ML:v=2.6.6
Transkribus</Creator>
        <Created>2020-10-05T15:03:57.728+02:00</Created>
        <LastChange>2022-09-09T16:00:42.210+02:00</LastChange>
        <TranskribusMetadata docId="1334831" pageId="52361176" pageNr="64" tsid="114642954" status="IN_PROGRESS" userId="9570" imgUrl="https://files.transkribus.eu/Get?id=LWGHOCSNJOHTPFFJRDJIXDOK&amp;fileType=view" xmlUrl="https://files.transkribus.eu/Get?id=ULFDWDUDEHLKCARTAGEKDXCT" imageId="16067068"/>
    </Metadata>
    <Page imageFilename="Turmbuch_StAB B IX 476_00064-20200925_083318.jpg" imageWidth="5472" imageHeight="7296">
        <ReadingOrder>
            <OrderedGroup id="ro_1687513722735" caption="Regions reading order">
                <RegionRefIndexed index="0" regionRef="r1"/>
                <RegionRefIndexed index="1" regionRef="r2"/>
                <RegionRefIndexed index="2" regionRef="r3"/>
                <RegionRefIndexed index="3" regionRef="r4"/>
                <RegionRefIndexed index="4" regionRef="r5"/>
                <RegionRefIndexed index="5" regionRef="r6"/>
            </OrderedGroup>
        </ReadingOrder>
        <TextRegion orientation="0.0" id="r1" custom="readingOrder {index:0;}">
            <Coords points="558,1374 558,5926 2430,5926 2430,1374"/>
            <TextLine id="r1l1" custom="readingOrder {index:0;}">
                <Coords points="589,1443 648,1434 675,1444 709,1429 725,1441 742,1421 765,1413 779,1420 811,1417 807,1371 775,1378 731,1349 712,1352 689,1337 665,1341 645,1327 625,1346 582,1356"/>
                <Baseline points="598,1430 623,1428 649,1425 674,1421 700,1419 725,1417 751,1416 776,1415 802,1414"/>
                <TextEquiv>
                    <Unicode>124.</Unicode>
                </TextEquiv>
            </TextLine>
            <TextLine id="r1l2" custom="readingOrder {index:1;} place {offset:16; length:7;}">
                <Coords points="993,1564 1837,1482 2377,1518 2374,1445 2248,1392 2099,1428 2018,1360 1410,1441 1320,1387 1220,1424 1154,1386 1095,1446 990,1451"/>
                <Baseline points="1002,1542 1070,1536 1138,1529 1206,1522 1274,1516 1343,1510 1411,1505 1479,1501 1547,1497 1615,1494 1684,1490 1752,1488 1820,1486 1888,1486 1956,1486 2025,1486 2093,1488 2161,1490 2229,1493 2297,1496 2366,1500"/>
                <TextEquiv>
                    <Unicode>Bendicht dis zu Jutzwyl, der</Unicode>
                </TextEquiv>
            </TextLine>
            <TextLine id="r1l3" custom="readingOrder {index:2;} place {offset:17; length:6;}">
                <Coords points="1074,1669 1153,1611 1337,1596 1557,1647 1620,1593 1822,1574 1894,1621 2144,1571 2439,1603 2438,1540 2062,1492 1869,1547 1716,1491 1071,1579"/>
                <Baseline points="1082,1614 1149,1609 1216,1605 1284,1602 1351,1596 1419,1592 1486,1588 1553,1584 1621,1580 1688,1576 1756,1572 1823,1570 1890,1568 1958,1566 2025,1566 2093,1566 2160,1568 2227,1570 2295,1574 2362,1578 2430,1584"/>
                <TextEquiv>
                    <Unicode>gewesne wirth zu Buchst, Ist bekantlich,</Unicode>
                </TextEquiv>
            </TextLine>
            <TextLine id="r1l4" custom="readingOrder {index:3;}">
                <Coords points="1038,1771 1101,1719 1291,1736 1504,1668 1684,1708 2098,1653 2436,1697 2432,1603 2078,1578 1887,1626 1622,1592 1557,1647 1427,1602 1035,1683"/>
                <Baseline points="1046,1716 1115,1712 1184,1707 1253,1700 1322,1695 1391,1689 1460,1684 1529,1676 1598,1672 1667,1666 1736,1662 1805,1658 1874,1656 1943,1654 2012,1654 2081,1654 2150,1655 2219,1659 2288,1662 2357,1669 2426,1676"/>
                <TextEquiv>
                    <Unicode>gwüst zu habe, daß ermelter Güttigkosten</Unicode>
                </TextEquiv>
            </TextLine>
            <TextLine id="r1l5" custom="readingOrder {index:4;} person {offset:12; length:6;} person {offset:35; length:8; continued:true;}">
                <Coords points="1042,1838 1209,1844 1288,1792 1748,1807 1812,1754 2001,1789 2088,1741 2232,1788 2372,1756 2299,1674 2016,1705 1931,1663 1600,1733 1503,1667 1039,1771"/>
                <Baseline points="1050,1814 1115,1809 1181,1805 1246,1800 1312,1794 1378,1788 1443,1782 1509,1778 1574,1771 1640,1766 1706,1761 1771,1757 1837,1752 1902,1749 1968,1746 2033,1746 2099,1744 2165,1746 2230,1749 2296,1753 2362,1760"/>
                <TextEquiv>
                    <Unicode>Statthalter Heggen vnd sein knecht Christen</Unicode>
                </TextEquiv>
            </TextLine>
            <TextLine id="r1l6" custom="readingOrder {index:5;} person {offset:0; length:8; continued:true;}">
                <Coords points="1030,1920 1233,1892 1334,1945 1713,1857 1953,1898 2020,1843 2344,1869 2356,1760 2114,1811 1876,1760 1734,1820 1677,1782 1459,1834 1297,1797 1176,1858 1026,1836"/>
                <Baseline points="1038,1898 1103,1894 1169,1888 1234,1884 1300,1879 1366,1874 1431,1870 1497,1866 1562,1862 1628,1858 1694,1856 1759,1852 1825,1850 1890,1848 1956,1846 2021,1844 2087,1842 2153,1842 2218,1842 2284,1842 2350,1842"/>
                <TextEquiv>
                    <Unicode>Schembel, des Müllers lybi verderbt,</Unicode>
                </TextEquiv>
            </TextLine>
            <TextLine id="r1l7" custom="readingOrder {index:6;}">
                <Coords points="1054,2014 1446,1958 1556,1992 1861,1940 2020,1977 2161,1927 2277,1968 2433,1946 2430,1889 2339,1866 2123,1898 2010,1856 1953,1906 1781,1862 1707,1915 1536,1880 1488,1928 1051,1932"/>
                <Baseline points="1062,1986 1130,1982 1198,1977 1266,1973 1334,1968 1402,1964 1470,1960 1538,1956 1606,1952 1674,1948 1742,1946 1810,1942 1878,1940 1946,1937 2014,1934 2082,1934 2150,1932 2218,1930 2286,1930 2354,1930 2422,1930"/>
                <TextEquiv>
                    <Unicode>habent auch nach verrichteter That bej Ime</Unicode>
                </TextEquiv>
            </TextLine>
            <TextLine id="r1l8" custom="readingOrder {index:7;}">
                <Coords points="1048,2091 1366,2055 1522,2089 1565,2053 1711,2088 1763,2049 1853,2098 2071,2024 2278,2068 2416,2051 2413,1957 2068,1996 1979,1947 1858,1992 1676,1961 1589,2003 1444,1959 1369,2025 1268,1992 1046,2041"/>
                <Baseline points="1058,2072 1125,2068 1192,2064 1260,2060 1327,2056 1395,2053 1462,2050 1529,2045 1597,2042 1664,2038 1732,2036 1799,2034 1866,2030 1934,2028 2001,2026 2069,2025 2136,2024 2203,2023 2271,2022 2338,2022 2406,2022"/>
                <TextEquiv>
                    <Unicode>einen trunck gethan, er habe aber hierzu</Unicode>
                </TextEquiv>
            </TextLine>
            <TextLine id="r1l9" custom="readingOrder {index:8;}">
                <Coords points="1053,2175 1235,2231 1306,2164 1487,2140 1811,2170 2207,2103 2330,2147 2330,2074 2084,2082 2019,2041 1651,2100 1568,2056 1467,2101 1409,2071 1241,2120 1151,2080 1050,2121"/>
                <Baseline points="1062,2166 1125,2164 1188,2161 1251,2158 1314,2154 1377,2150 1440,2147 1503,2142 1566,2139 1629,2135 1692,2130 1755,2128 1818,2124 1881,2121 1944,2118 2007,2116 2070,2114 2133,2112 2196,2112 2259,2112 2322,2114"/>
                <TextEquiv>
                    <Unicode>wit geholffen, vil weniger etwas von</Unicode>
                </TextEquiv>
            </TextLine>
            <TextLine id="r1l10" custom="readingOrder {index:9;}">
                <Coords points="1023,2298 1112,2324 1238,2259 1397,2297 1507,2235 1597,2284 1880,2210 2174,2270 2302,2204 2421,2240 2417,2169 2278,2119 2010,2170 1889,2131 1733,2181 1651,2142 1308,2173 1223,2232 1078,2184 1019,2225"/>
                <Baseline points="1030,2274 1099,2269 1168,2262 1237,2256 1306,2251 1375,2243 1444,2237 1513,2231 1582,2227 1651,2220 1720,2216 1789,2212 1858,2208 1927,2205 1996,2203 2065,2202 2134,2202 2203,2202 2272,2203 2341,2206 2410,2210"/>
                <TextEquiv>
                    <Unicode>schynen schlüßel löhnen oder dergleich keinen</Unicode>
                </TextEquiv>
            </TextLine>
            <TextLine id="r1l11" custom="readingOrder {index:10;}">
                <Coords points="1034,2383 1215,2329 1405,2396 1498,2365 1531,2329 1592,2370 1620,2337 1709,2309 1703,2241 1664,2235 1586,2282 1509,2235 1458,2284 1396,2297 1243,2259 1121,2326 1065,2308 1029,2326"/>
                <Baseline points="1042,2360 1074,2357 1107,2354 1140,2350 1173,2347 1206,2344 1239,2341 1272,2338 1305,2333 1338,2330 1371,2326 1403,2324 1436,2320 1469,2317 1502,2314 1535,2312 1568,2310 1601,2308 1634,2308 1667,2306 1700,2306"/>
                <TextEquiv>
                    <Unicode>sach empfangen.</Unicode>
                </TextEquiv>
            </TextLine>
            <TextLine id="r1l12" custom="readingOrder {index:11;}">
                <Coords points="1042,2517 1272,2453 1455,2486 1571,2438 2227,2450 2408,2427 2406,2381 2290,2323 2132,2378 2039,2336 1622,2335 1576,2383 1512,2355 1354,2413 1162,2338 1037,2404"/>
                <Baseline points="1050,2472 1117,2465 1184,2460 1252,2454 1319,2450 1387,2445 1454,2440 1521,2437 1589,2434 1656,2430 1724,2428 1791,2425 1858,2423 1926,2420 1993,2418 2061,2417 2128,2416 2195,2414 2263,2412 2330,2412 2398,2410"/>
                <TextEquiv>
                    <Unicode>Er könne auch nit laugnen, dan daß er</Unicode>
                </TextEquiv>
            </TextLine>
            <TextLine id="r1l13" custom="readingOrder {index:12;}">
                <Coords points="1071,2579 1424,2516 1550,2564 1659,2514 1792,2550 1916,2502 2130,2539 2389,2510 2386,2452 2161,2425 2065,2466 1735,2480 1594,2439 1455,2486 1272,2453 1219,2500 1067,2495"/>
                <Baseline points="1080,2556 1144,2549 1209,2543 1274,2538 1339,2532 1404,2529 1469,2525 1534,2522 1599,2518 1664,2516 1729,2512 1793,2510 1858,2507 1923,2505 1988,2502 2053,2500 2118,2498 2183,2494 2248,2492 2313,2490 2378,2486"/>
                <TextEquiv>
                    <Unicode>das ferer den Jenig gehen, welche dem</Unicode>
                </TextEquiv>
            </TextLine>
            <TextLine id="r1l14" custom="readingOrder {index:13;}">
                <Coords points="1079,2687 1203,2634 1533,2621 1595,2656 2135,2590 2295,2621 2424,2598 2422,2550 2323,2514 2132,2563 1917,2504 1599,2578 1388,2543 1291,2594 1217,2540 1074,2579"/>
                <Baseline points="1086,2634 1152,2632 1218,2630 1285,2626 1351,2624 1418,2620 1484,2618 1550,2614 1617,2612 1683,2609 1750,2606 1816,2603 1882,2600 1949,2596 2015,2594 2082,2590 2148,2587 2214,2584 2281,2581 2347,2578 2414,2576"/>
                <TextEquiv>
                    <Unicode>Müller das werch verbrodt, wie dan ime</Unicode>
                </TextEquiv>
            </TextLine>
            <TextLine id="r1l15" custom="readingOrder {index:14;}">
                <Coords points="1034,2760 1212,2772 1307,2718 1426,2772 1549,2692 1725,2736 1889,2687 2270,2716 2325,2706 2323,2649 2200,2601 1958,2657 1874,2619 1763,2662 1685,2615 1639,2659 1203,2634 1031,2682"/>
                <Baseline points="1042,2736 1105,2730 1169,2726 1232,2721 1296,2716 1360,2712 1423,2708 1487,2705 1550,2701 1614,2697 1678,2694 1741,2692 1805,2690 1868,2688 1932,2686 1996,2684 2059,2682 2123,2682 2186,2682 2250,2682 2314,2682"/>
                <TextEquiv>
                    <Unicode>Diß er vorhab auch wol in wüßen</Unicode>
                </TextEquiv>
            </TextLine>
            <TextLine id="r1l16" custom="readingOrder {index:15;}">
                <Coords points="1063,2877 1122,2866 1163,2881 1201,2850 1309,2867 1354,2845 1383,2859 1398,2852 1392,2745 1336,2743 1308,2718 1216,2777 1177,2764 1136,2785 1088,2774 1058,2786"/>
                <Baseline points="1070,2828 1096,2826 1122,2824 1149,2823 1175,2822 1201,2820 1228,2818 1254,2818 1280,2815 1307,2814 1333,2813 1359,2811 1386,2808"/>
                <TextEquiv>
                    <Unicode>gewesen.</Unicode>
                </TextEquiv>
            </TextLine>
            <TextLine id="r1l17" custom="readingOrder {index:16;} person {offset:21; length:6;}">
                <Coords points="1033,3021 1095,2989 1149,3027 1244,2956 1477,2958 1546,3011 1723,2947 1992,2983 2143,2946 2183,2985 2282,2938 2372,2983 2391,2862 2178,2915 1840,2861 1758,2906 1639,2841 1031,2929"/>
                <Baseline points="1042,2960 1109,2959 1176,2958 1243,2956 1310,2954 1377,2952 1444,2950 1511,2948 1578,2947 1645,2946 1713,2944 1780,2942 1847,2942 1914,2940 1981,2940 2048,2940 2115,2940 2182,2940 2249,2940 2316,2942 2384,2944"/>
                <TextEquiv>
                    <Unicode>daß er aber besagtem Müller seinich schaf</Unicode>
                </TextEquiv>
            </TextLine>
            <TextLine id="r1l18" custom="readingOrder {index:17;}">
                <Coords points="596,3034 683,3010 712,3022 749,3000 811,3018 851,3004 924,3012 946,3003 941,2917 838,2940 823,2954 723,2908 655,2954 592,2957"/>
                <Baseline points="604,3020 629,3015 655,3010 680,3007 706,3004 731,3002 757,3000 782,2999 808,2998 833,2998 859,2998 884,2998 910,2999 936,3000"/>
                <TextEquiv>
                    <Unicode>oder jemands</Unicode>
                </TextEquiv>
            </TextLine>
            <TextLine id="r1l19" custom="readingOrder {index:18;}">
                <Coords points="1056,3068 1327,3103 1484,3051 1540,3097 1974,3030 2065,3087 2360,3034 2358,2981 2284,2939 2230,2983 2143,2955 1977,2994 1874,2949 1769,3004 1540,3015 1388,2974 1341,3015 1273,2958 1151,3027 1055,3018"/>
                <Baseline points="1066,3056 1130,3056 1194,3054 1258,3053 1322,3050 1387,3048 1451,3046 1515,3043 1579,3040 1643,3038 1708,3036 1772,3033 1836,3031 1900,3028 1964,3027 2029,3026 2093,3024 2157,3024 2221,3024 2285,3024 2350,3026"/>
                <TextEquiv>
                    <Unicode>angeklagter maßen entfrauen helffen.</Unicode>
                </TextEquiv>
            </TextLine>
            <TextLine id="r1l20" custom="readingOrder {index:19;}">
                <Coords points="611,3074 653,3075 666,3088 704,3078 760,3092 777,3084 831,3104 852,3125 897,3089 911,3091 909,3028 860,3037 841,3018 812,3032 754,3003 711,3023 682,3010 658,3035 610,3027"/>
                <Baseline points="620,3066 645,3066 670,3066 696,3064 721,3063 747,3061 772,3060 798,3059 823,3058 849,3060 874,3062 900,3066"/>
                <TextEquiv>
                    <Unicode>anderen</Unicode>
                </TextEquiv>
            </TextLine>
            <TextLine id="r1l21" custom="readingOrder {index:20;}">
                <Coords points="1052,3164 1469,3147 1597,3194 1715,3124 1785,3167 1912,3125 2034,3172 2102,3117 2228,3115 2227,3082 1764,3052 1559,3096 1405,3061 1342,3104 1048,3078"/>
                <Baseline points="1060,3154 1117,3151 1175,3148 1233,3144 1291,3142 1349,3139 1407,3136 1465,3134 1523,3131 1581,3129 1639,3127 1696,3125 1754,3122 1812,3120 1870,3120 1928,3118 1986,3116 2044,3114 2102,3114 2160,3112 2218,3110"/>
                <TextEquiv>
                    <Unicode>seye nit, vnd geschehe Ime hierin</Unicode>
                </TextEquiv>
            </TextLine>
            <TextLine id="r1l22" custom="readingOrder {index:21;}">
                <Coords points="1051,3245 1284,3251 1334,3212 1644,3271 2034,3195 2242,3225 2393,3192 2390,3107 2343,3085 2186,3163 2100,3118 2035,3173 1951,3126 1793,3175 1711,3128 1601,3192 1373,3148 1185,3209 1112,3158 1048,3188"/>
                <Baseline points="1060,3240 1126,3236 1192,3234 1258,3230 1324,3226 1391,3224 1457,3222 1523,3218 1589,3216 1655,3214 1722,3211 1788,3209 1854,3206 1920,3204 1986,3201 2053,3198 2119,3196 2185,3193 2251,3190 2317,3186 2384,3184"/>
                <TextEquiv>
                    <Unicode>Vnrecht, wie zugleich mit dem Tuch, so er</Unicode>
                </TextEquiv>
            </TextLine>
            <TextLine id="r1l23" custom="readingOrder {index:22;} person {offset:4; length:10;}">
                <Coords points="1052,3327 1176,3367 1263,3316 2046,3309 2115,3260 2279,3305 2375,3272 2373,3217 2034,3198 1638,3272 1376,3218 1050,3283"/>
                <Baseline points="1060,3312 1125,3310 1190,3309 1255,3306 1321,3305 1386,3303 1451,3300 1517,3298 1582,3296 1647,3294 1713,3290 1778,3288 1843,3285 1908,3282 1974,3278 2039,3276 2104,3273 2170,3269 2235,3266 2300,3262 2366,3258"/>
                <TextEquiv>
                    <Unicode>mit Peter Bill einer gwüßen fr sölle ge-</Unicode>
                </TextEquiv>
            </TextLine>
            <TextLine id="r1l24" custom="readingOrder {index:23;} person {offset:25; length:12;}">
                <Coords points="1053,3398 1428,3420 1484,3375 1719,3423 1831,3368 1934,3410 2035,3357 2392,3354 2425,3305 2173,3311 2115,3259 1900,3325 1730,3290 1051,3356"/>
                <Baseline points="1062,3386 1129,3386 1197,3386 1265,3386 1332,3384 1400,3382 1468,3380 1535,3377 1603,3374 1671,3372 1739,3368 1806,3364 1874,3360 1942,3356 2009,3353 2077,3351 2145,3346 2212,3343 2280,3340 2348,3338 2416,3336"/>
                <TextEquiv>
                    <Unicode>nammen haben. Der herren Peter frunig genommen,</Unicode>
                </TextEquiv>
            </TextLine>
            <TextLine id="r1l25" custom="readingOrder {index:24;}">
                <Coords points="1047,3472 1827,3439 1885,3477 2432,3424 2429,3366 2232,3355 1936,3410 1832,3368 1784,3412 1044,3392"/>
                <Baseline points="1056,3456 1124,3456 1192,3454 1260,3454 1329,3452 1397,3450 1465,3448 1534,3446 1602,3443 1670,3441 1739,3438 1807,3436 1875,3432 1943,3430 2012,3426 2080,3424 2148,3420 2217,3417 2285,3414 2353,3411 2422,3408"/>
                <TextEquiv>
                    <Unicode>Mertzlig aber sye in seinem hauß gemetzget worden,</Unicode>
                </TextEquiv>
            </TextLine>
            <TextLine id="r1l26" custom="readingOrder {index:25;}">
                <Coords points="1042,3536 1297,3570 1514,3525 1559,3562 1731,3511 1809,3555 2105,3500 2190,3535 2315,3507 2313,3419 2205,3468 1989,3438 1812,3482 1040,3471"/>
                <Baseline points="1052,3522 1114,3522 1177,3524 1240,3522 1302,3522 1365,3521 1428,3520 1490,3518 1553,3516 1616,3514 1679,3512 1741,3509 1804,3506 1867,3503 1929,3501 1992,3498 2055,3496 2117,3495 2180,3494 2243,3492 2306,3492"/>
                <TextEquiv>
                    <Unicode>von welchem diebstaler auch wol gewußt.</Unicode>
                </TextEquiv>
            </TextLine>
            <TextLine id="r1l27" custom="readingOrder {index:26;}">
                <Coords points="551,3664 969,3588 1175,3657 1488,3583 1665,3622 2001,3575 2068,3635 2089,3503 1560,3562 1397,3524 1293,3574 1022,3508 796,3560 547,3530"/>
                <Baseline points="558,3612 634,3608 710,3606 786,3603 862,3601 939,3598 1015,3598 1091,3596 1167,3594 1243,3594 1320,3592 1396,3590 1472,3590 1548,3588 1624,3586 1701,3584 1777,3581 1853,3578 1929,3574 2005,3570 2082,3564"/>
                <TextEquiv>
                    <Unicode>Ist den 8. aprilis beruff ein gutte sensur ledig erkent.</Unicode>
                </TextEquiv>
            </TextLine>
            <TextLine id="r1l28" custom="readingOrder {index:27;} person {offset:0; length:15;} place {offset:20; length:8;}">
                <Coords points="1041,3679 1230,3722 1676,3695 1864,3730 1991,3682 2337,3713 2336,3575 2207,3639 2115,3594 2006,3653 1808,3580 1695,3634 1493,3587 1380,3651 1283,3601 1174,3657 1040,3599"/>
                <Baseline points="1050,3686 1113,3690 1177,3694 1241,3695 1305,3696 1369,3696 1433,3696 1497,3696 1561,3696 1625,3694 1689,3692 1752,3692 1816,3690 1880,3688 1944,3688 2008,3686 2072,3686 2136,3688 2200,3690 2264,3692 2328,3694"/>
                <TextEquiv>
                    <Unicode>Deolaus Väterli von Gnochsen</Unicode>
                </TextEquiv>
            </TextLine>
            <TextLine id="r1l29" custom="readingOrder {index:28;}">
                <Coords points="1032,3825 1120,3783 1214,3838 1465,3787 1577,3831 1656,3781 1773,3839 1876,3776 2019,3819 2091,3772 2347,3782 2346,3712 2053,3732 1987,3689 1822,3743 1668,3697 1417,3749 1315,3707 1031,3737"/>
                <Baseline points="1042,3778 1106,3780 1171,3780 1236,3780 1301,3780 1366,3780 1430,3778 1495,3778 1560,3776 1625,3776 1690,3774 1754,3774 1819,3772 1884,3770 1949,3770 2014,3770 2078,3768 2143,3768 2208,3768 2273,3768 2338,3770"/>
                <TextEquiv>
                    <Unicode>hatt uff vorhalten seiner anklag bekent,</Unicode>
                </TextEquiv>
            </TextLine>
            <TextLine id="r1l30" custom="readingOrder {index:29;} place {offset:21; length:6;}">
                <Coords points="1057,3932 1129,3953 1198,3892 1280,3929 1336,3889 1750,3935 2111,3899 2202,3935 2269,3894 2270,3783 2178,3827 2029,3841 1896,3795 1624,3856 1355,3798 1174,3844 1100,3796 1057,3825"/>
                <Baseline points="1066,3888 1125,3888 1185,3888 1245,3889 1304,3890 1364,3890 1424,3892 1483,3892 1543,3893 1603,3894 1663,3894 1722,3894 1782,3896 1842,3896 1901,3896 1961,3896 2021,3894 2080,3894 2140,3893 2200,3891 2260,3890"/>
                <TextEquiv>
                    <Unicode>daß er dem müller zu Buchst uß</Unicode>
                </TextEquiv>
            </TextLine>
            <TextLine id="r1l31" custom="readingOrder {index:30;} person {offset:11; length:15;}">
                <Coords points="1046,3993 1609,3984 1697,4035 1784,3989 1880,4034 2097,3974 2191,4027 2309,3984 2309,3925 1778,3941 1406,3897 1330,3951 1198,3893 1131,3952 1045,3926"/>
                <Baseline points="1056,3978 1118,3980 1180,3980 1242,3980 1304,3980 1367,3982 1429,3982 1491,3982 1553,3982 1615,3982 1678,3982 1740,3982 1802,3982 1864,3980 1926,3980 1989,3978 2051,3978 2113,3976 2175,3974 2237,3972 2300,3970"/>
                <TextEquiv>
                    <Unicode>anstifften Hans Laubschers, so Jezmahl</Unicode>
                </TextEquiv>
            </TextLine>
            <TextLine id="r1l32" custom="readingOrder {index:31;} place {offset:3; length:9;}">
                <Coords points="1033,4105 1340,4068 1416,4122 1559,4056 1663,4132 1760,4069 1958,4111 2010,4067 2239,4076 2239,4018 2086,3986 1937,4042 1844,3998 1695,4035 1443,3984 1309,4036 1174,3985 1134,4017 1032,3995"/>
                <Baseline points="1042,4062 1101,4062 1160,4063 1220,4064 1279,4064 1339,4066 1398,4066 1457,4066 1517,4066 1576,4068 1636,4068 1695,4068 1754,4068 1814,4066 1873,4066 1933,4066 1992,4064 2051,4063 2111,4060 2170,4058 2230,4056"/>
                <TextEquiv>
                    <Unicode>zu Hollingen zhuß sein sol) auch uff des</Unicode>
                </TextEquiv>
            </TextLine>
            <TextLine id="r1l33" custom="readingOrder {index:32;}">
                <Coords points="1007,4172 1117,4159 1171,4202 1314,4161 1479,4210 1583,4153 1771,4213 1907,4158 2345,4158 2343,4082 2248,4070 1914,4123 1765,4084 1674,4129 1554,4056 1420,4122 1308,4072 1131,4107 1089,4070 1006,4121"/>
                <Baseline points="1016,4156 1081,4156 1147,4156 1213,4156 1279,4157 1345,4158 1411,4158 1477,4158 1543,4158 1609,4156 1675,4156 1740,4156 1806,4154 1872,4152 1938,4150 2004,4148 2070,4146 2136,4144 2202,4138 2268,4136 2334,4130"/>
                <TextEquiv>
                    <Unicode>statthalter zers anmuthen, mit dero auch</Unicode>
                </TextEquiv>
            </TextLine>
            <TextLine id="r1l34" custom="readingOrder {index:33;} person {offset:17; length:12;}">
                <Coords points="1044,4254 1289,4307 1367,4255 1579,4257 1629,4293 1676,4260 1963,4285 2054,4236 2220,4246 2189,4157 2153,4184 2065,4152 1994,4204 1872,4169 1762,4218 1660,4161 1603,4204 1424,4215 1305,4164 1174,4201 1043,4166"/>
                <Baseline points="1054,4246 1111,4246 1169,4246 1227,4246 1285,4248 1343,4248 1400,4248 1458,4248 1516,4248 1574,4248 1632,4248 1689,4248 1747,4248 1805,4246 1863,4246 1921,4244 1978,4243 2036,4241 2094,4238 2152,4236 2210,4234"/>
                <TextEquiv>
                    <Unicode>müttigkofers und Hans Kriegen hilff</Unicode>
                </TextEquiv>
            </TextLine>
            <TextLine id="r1l35" custom="readingOrder {index:34;}">
                <Coords points="1017,4366 1595,4342 1798,4392 1889,4344 2185,4355 2280,4330 2280,4244 2179,4300 1818,4258 1654,4304 1551,4259 1286,4306 1129,4246 1017,4283"/>
                <Baseline points="1026,4342 1088,4342 1150,4340 1212,4340 1274,4340 1337,4340 1399,4340 1461,4340 1523,4340 1585,4341 1648,4342 1710,4342 1772,4340 1834,4340 1896,4340 1959,4338 2021,4337 2083,4336 2145,4332 2207,4330 2270,4326"/>
                <TextEquiv>
                    <Unicode>das werch uff der Rötze verbrant</Unicode>
                </TextEquiv>
            </TextLine>
            <TextLine id="r1l36" custom="readingOrder {index:35;}">
                <Coords points="1044,4452 1881,4474 2388,4424 2386,4340 2309,4375 2224,4340 2135,4401 2045,4353 1927,4396 1699,4358 1494,4417 1191,4332 1043,4361"/>
                <Baseline points="1054,4434 1120,4438 1186,4440 1252,4440 1318,4442 1385,4442 1451,4442 1517,4442 1583,4442 1649,4442 1716,4440 1782,4439 1848,4438 1914,4436 1980,4434 2047,4431 2113,4428 2179,4425 2245,4422 2311,4420 2378,4416"/>
                <TextEquiv>
                    <Unicode>diser ist den 7. aprilis 1654 uff ein starcken</Unicode>
                </TextEquiv>
            </TextLine>
            <TextLine id="r1l37" custom="readingOrder {index:36;}">
                <Coords points="1044,4517 1516,4517 1572,4563 1680,4523 1746,4562 1817,4517 2312,4513 2311,4460 2174,4466 2125,4424 1544,4495 1383,4442 1317,4484 1043,4454"/>
                <Baseline points="1054,4508 1116,4510 1178,4512 1241,4514 1303,4514 1366,4515 1428,4516 1490,4516 1553,4516 1615,4514 1678,4514 1740,4512 1802,4512 1865,4510 1927,4507 1990,4505 2052,4502 2114,4498 2177,4496 2239,4492 2302,4488"/>
                <TextEquiv>
                    <Unicode>censur und ein gethane glübt sich fürohi</Unicode>
                </TextEquiv>
            </TextLine>
            <TextLine id="r1l38" custom="readingOrder {index:37;}">
                <Coords points="1047,4603 1635,4601 1706,4652 1837,4592 1906,4626 2221,4578 2399,4648 2373,4507 1950,4548 1818,4518 1745,4562 1682,4523 1564,4563 1516,4516 1047,4519"/>
                <Baseline points="1056,4580 1122,4580 1189,4582 1255,4584 1322,4585 1389,4586 1455,4586 1522,4588 1588,4588 1655,4588 1722,4586 1788,4586 1855,4586 1921,4584 1988,4584 2054,4582 2121,4580 2188,4578 2254,4575 2321,4573 2388,4570"/>
                <TextEquiv>
                    <Unicode>fromm und ehrlich zu halten, ledig gelaßen worden.</Unicode>
                </TextEquiv>
            </TextLine>
            <TextLine id="r1l39" custom="readingOrder {index:38;} person {offset:0; length:10;}">
                <Coords points="959,4949 1148,4905 1356,4969 1481,4915 1758,4922 1808,4973 1920,4917 2248,4966 2250,4861 1846,4837 1690,4758 1581,4832 1480,4808 1420,4847 1275,4759 1167,4833 1064,4744 964,4764"/>
                <Baseline points="970,4872 1033,4879 1097,4885 1160,4891 1224,4896 1287,4900 1351,4904 1414,4906 1478,4908 1541,4910 1605,4912 1668,4912 1732,4912 1795,4914 1859,4914 1922,4914 1986,4914 2049,4912 2113,4912 2176,4912 2240,4912"/>
                <TextEquiv>
                    <Unicode>Peter Begg der Statthalter von</Unicode>
                </TextEquiv>
            </TextLine>
            <TextLine id="r1l40" custom="readingOrder {index:39;} place {offset:0; length:6;}">
                <Coords points="1471,5006 1484,5003 1517,5031 1558,5012 1615,5020 1650,5058 1691,5031 1723,5043 1768,5035 1772,4928 1742,4925 1716,4945 1681,4926 1669,4935 1646,4926 1617,4942 1584,4920 1537,4946 1509,4922 1474,4924"/>
                <Baseline points="1480,4998 1505,4996 1530,4994 1556,4994 1581,4995 1607,4997 1632,4998 1658,5001 1683,5003 1709,5004 1734,5005 1760,5006"/>
                <TextEquiv>
                    <Unicode>Buchte</Unicode>
                </TextEquiv>
            </TextLine>
            <TextLine id="r1l41" custom="readingOrder {index:40;}">
                <Coords points="968,5149 1114,5081 1547,5104 1611,5147 1983,5101 2089,5152 2299,5112 2301,5028 1883,5009 1695,5063 1458,4992 1272,5015 1184,4935 971,4972"/>
                <Baseline points="978,5078 1043,5078 1109,5080 1174,5081 1240,5084 1306,5086 1371,5090 1437,5092 1502,5095 1568,5098 1634,5100 1699,5102 1765,5104 1830,5106 1896,5106 1961,5106 2027,5104 2093,5102 2158,5097 2224,5092 2290,5086"/>
                <TextEquiv>
                    <Unicode>Ist allein bekantlich, daß er versprochen</Unicode>
                </TextEquiv>
            </TextLine>
            <TextLine id="r1l42" custom="readingOrder {index:41;} person {offset:4; length:11;}">
                <Coords points="970,5158 1264,5190 1337,5248 1438,5181 1926,5195 1977,5238 2068,5186 2248,5231 2237,5101 1929,5159 1775,5109 1566,5149 1510,5102 1157,5088 971,5139"/>
                <Baseline points="980,5162 1043,5164 1106,5167 1169,5170 1232,5172 1295,5175 1358,5178 1421,5180 1484,5182 1547,5184 1610,5186 1673,5188 1736,5189 1799,5190 1862,5190 1925,5190 1988,5188 2051,5186 2114,5184 2177,5180 2240,5176"/>
                <TextEquiv>
                    <Unicode>dem Güttigkofer, ein kind vor so er by</Unicode>
                </TextEquiv>
            </TextLine>
            <TextLine id="r1l43" custom="readingOrder {index:42;}">
                <Coords points="972,5278 1197,5272 1266,5318 1341,5257 1583,5312 1823,5290 1921,5340 2035,5274 2352,5260 2353,5170 2225,5236 2055,5188 1973,5241 1740,5196 1566,5245 1438,5181 1369,5242 1095,5185 972,5223"/>
                <Baseline points="982,5252 1050,5256 1118,5258 1186,5261 1254,5264 1322,5267 1390,5269 1458,5272 1526,5274 1594,5275 1662,5276 1730,5276 1798,5278 1866,5276 1934,5276 2002,5274 2070,5271 2138,5267 2206,5262 2274,5258 2342,5250"/>
                <TextEquiv>
                    <Unicode>seiner erst frawen erzüget, uß erbarend</Unicode>
                </TextEquiv>
            </TextLine>
            <TextLine id="r1l44" custom="readingOrder {index:43;}">
                <Coords points="982,5411 1173,5361 1245,5401 1360,5348 1482,5415 1564,5371 1678,5408 2083,5361 2182,5412 2287,5355 2288,5294 2184,5321 2097,5280 1908,5336 1658,5286 1394,5304 1339,5257 1266,5318 982,5285"/>
                <Baseline points="992,5340 1056,5346 1120,5350 1184,5355 1249,5358 1313,5361 1377,5362 1442,5364 1506,5365 1570,5366 1635,5366 1699,5364 1763,5364 1827,5362 1892,5360 1956,5359 2020,5357 2085,5355 2149,5352 2213,5350 2278,5348"/>
                <TextEquiv>
                    <Unicode>zuerziechen, fehr daß er mir nit mehr</Unicode>
                </TextEquiv>
            </TextLine>
            <TextLine id="r1l45" custom="readingOrder {index:44;}">
                <Coords points="994,5445 1057,5435 1104,5458 1146,5446 1367,5471 1438,5451 1474,5475 1505,5453 1526,5462 1527,5425 1410,5393 1364,5353 1326,5386 1298,5369 1245,5398 1195,5366 1125,5400 995,5401"/>
                <Baseline points="1004,5430 1029,5433 1055,5434 1080,5435 1106,5436 1132,5438 1157,5440 1183,5440 1208,5441 1234,5442 1260,5442 1285,5442 1311,5444 1336,5444 1362,5445 1388,5446 1413,5446 1439,5448 1464,5449 1490,5450 1516,5452"/>
                <TextEquiv>
                    <Unicode>ins land kemmen.</Unicode>
                </TextEquiv>
            </TextLine>
            <TextLine id="r1l46" custom="readingOrder {index:45;}">
                <Coords points="969,5582 1078,5533 1270,5576 1946,5558 2083,5612 2353,5561 2354,5489 2244,5439 2173,5487 1960,5432 1782,5447 1466,5522 1324,5460 1140,5511 971,5447"/>
                <Baseline points="980,5520 1048,5527 1116,5533 1184,5538 1252,5541 1321,5545 1389,5548 1457,5550 1525,5552 1593,5553 1662,5554 1730,5554 1798,5554 1866,5554 1934,5554 2003,5553 2071,5552 2139,5552 2207,5551 2275,5550 2344,5550"/>
                <TextEquiv>
                    <Unicode>Item, daß er in währender sein güttigkofers</Unicode>
                </TextEquiv>
            </TextLine>
            <TextLine id="r1l47" custom="readingOrder {index:46;}">
                <Coords points="990,5647 1061,5676 1124,5622 1278,5629 1411,5685 1471,5640 1629,5642 1703,5685 1795,5649 2211,5658 2239,5588 1830,5616 1774,5567 1710,5611 1616,5556 1521,5603 1381,5560 1294,5597 1244,5548 1184,5577 1122,5536 991,5565"/>
                <Baseline points="1000,5608 1061,5613 1122,5617 1184,5620 1245,5624 1307,5626 1368,5629 1429,5631 1491,5633 1552,5634 1614,5636 1675,5637 1736,5638 1798,5638 1859,5638 1921,5638 1982,5638 2043,5638 2105,5638 2166,5638 2228,5636"/>
                <TextEquiv>
                    <Unicode>gefencknuß, Ime allen zu einer mas</Unicode>
                </TextEquiv>
            </TextLine>
            <TextLine id="r1l48" custom="readingOrder {index:47;}">
                <Coords points="994,5707 1212,5757 1391,5733 1435,5774 1611,5726 2313,5751 2303,5617 2024,5689 995,5646"/>
                <Baseline points="1004,5696 1069,5700 1134,5704 1199,5708 1264,5711 1329,5715 1394,5717 1459,5720 1524,5722 1589,5724 1654,5724 1719,5726 1784,5726 1849,5724 1914,5724 1979,5722 2044,5720 2109,5718 2174,5713 2239,5708 2304,5704"/>
                <TextEquiv>
                    <Unicode>wyn gelt geschickt, vnd das wegen er sein</Unicode>
                </TextEquiv>
            </TextLine>
            <TextLine id="r1l49" custom="readingOrder {index:48;}">
                <Coords points="928,5803 1426,5809 1542,5874 1888,5811 2212,5850 2254,5749 1717,5790 1599,5739 1497,5787 1395,5738 1272,5773 929,5715"/>
                <Baseline points="938,5790 1003,5792 1068,5794 1133,5798 1199,5800 1264,5802 1329,5804 1395,5806 1460,5809 1525,5810 1591,5812 1656,5812 1721,5814 1786,5814 1852,5814 1917,5812 1982,5812 2048,5810 2113,5807 2178,5804 2244,5800"/>
                <TextEquiv>
                    <Unicode>Gvatter vnd nachbur, vnd in keiner</Unicode>
                </TextEquiv>
            </TextLine>
            <TextLine id="r1l50" custom="readingOrder {index:49;}">
                <Coords points="999,5886 1098,5890 1124,5914 1159,5898 1196,5922 1289,5896 1307,5912 1466,5907 1591,5969 1595,5874 1573,5859 1542,5873 1492,5825 1416,5866 1380,5848 1273,5870 1157,5856 1118,5822 1001,5834"/>
                <Baseline points="1008,5876 1036,5879 1065,5882 1094,5884 1123,5886 1152,5888 1180,5889 1209,5890 1238,5891 1267,5892 1296,5892 1324,5893 1353,5894 1382,5894 1411,5895 1440,5896 1468,5898 1497,5899 1526,5901 1555,5903 1584,5906"/>
                <TextEquiv>
                    <Unicode>anderen meinung</Unicode>
                </TextEquiv>
            </TextLine>
            <TextLine id="r1l51" custom="readingOrder {index:50;}">
                <Coords points="1595,5940 1605,5939 1627,5957 1634,5955 1646,5960 1653,5954 1657,5958 1667,5957 1662,5860 1638,5861 1625,5868 1613,5868 1605,5863 1602,5867 1592,5867"/>
                <Baseline points="1604,5906 1629,5905 1654,5904"/>
                <TextEquiv>
                    <Unicode>.</Unicode>
                </TextEquiv>
            </TextLine>
            <TextEquiv>
                <Unicode>124.
Bendicht dis zu Jutzwyl, der
gewesne wirth zu Buchst, Ist bekantlich,
gwüst zu habe, daß ermelter Güttigkosten
Statthalter Heggen vnd sein knecht Christen
Schembel, des Müllers lybi verderbt,
habent auch nach verrichteter That bej Ime
einen trunck gethan, er habe aber hierzu
wit geholffen, vil weniger etwas von
schynen schlüßel löhnen oder dergleich keinen
sach empfangen.
Er könne auch nit laugnen, dan daß er
das ferer den Jenig gehen, welche dem
Müller das werch verbrodt, wie dan ime
Diß er vorhab auch wol in wüßen
gewesen.
daß er aber besagtem Müller seinich schaf
oder jemands
angeklagter maßen entfrauen helffen.
anderen
seye nit, vnd geschehe Ime hierin
Vnrecht, wie zugleich mit dem Tuch, so er
mit Peter Bill einer gwüßen fr sölle ge-
nammen haben. Der herren Peter frunig genommen,
Mertzlig aber sye in seinem hauß gemetzget worden,
von welchem diebstaler auch wol gewußt.
Ist den 8. aprilis beruff ein gutte sensur ledig erkent.
Deolaus Väterli von Gnochsen
hatt uff vorhalten seiner anklag bekent,
daß er dem müller zu Buchst uß
anstifften Hans Laubschers, so Jezmahl
zu Hollingen zhuß sein sol) auch uff des
statthalter zers anmuthen, mit dero auch
müttigkofers und Hans Kriegen hilff
das werch uff der Rötze verbrant
diser ist den 7. aprilis 1654 uff ein starcken
censur und ein gethane glübt sich fürohi
fromm und ehrlich zu halten, ledig gelaßen worden.
Peter Begg der Statthalter von
Buchte
Ist allein bekantlich, daß er versprochen
dem Güttigkofer, ein kind vor so er by
seiner erst frawen erzüget, uß erbarend
zuerziechen, fehr daß er mir nit mehr
ins land kemmen.
Item, daß er in währender sein güttigkofers
gefencknuß, Ime allen zu einer mas
wyn gelt geschickt, vnd das wegen er sein
Gvatter vnd nachbur, vnd in keiner
anderen meinung
.</Unicode>
            </TextEquiv>
        </TextRegion>
        <TextRegion orientation="0.0" id="r2" custom="readingOrder {index:1;}">
            <Coords points="2694,3390 2694,3549 3054,3549 3054,3390"/>
            <TextLine id="r2l1" custom="readingOrder {index:0;} person {offset:0; length:15;}">
                <Coords points="2687,3461 2729,3440 2745,3451 2804,3431 2892,3435 2916,3415 3007,3451 3063,3431 3060,3353 2974,3349 2928,3320 2882,3347 2821,3348 2802,3364 2765,3345 2742,3346 2715,3370 2682,3362"/>
                <Baseline points="2694,3434 2719,3430 2745,3427 2771,3424 2796,3422 2822,3419 2848,3418 2874,3417 2899,3416 2925,3416 2951,3416 2976,3416 3002,3416 3028,3415 3054,3414"/>
                <TextEquiv>
                    <Unicode>Peter Laubschen</Unicode>
                </TextEquiv>
            </TextLine>
            <TextLine id="r2l2" custom="readingOrder {index:1;}">
                <Coords points="2730,3506 2785,3477 2863,3475 2885,3488 2957,3469 2971,3481 3039,3483 3060,3475 3059,3433 2999,3448 2916,3415 2884,3438 2760,3437 2729,3455"/>
                <Baseline points="2740,3476 2765,3473 2791,3471 2817,3470 2843,3468 2869,3468 2895,3468 2920,3468 2946,3468 2972,3468 2998,3468 3024,3468 3050,3466"/>
                <TextEquiv>
                    <Unicode>genant von</Unicode>
                </TextEquiv>
            </TextLine>
            <TextLine id="r2l3" custom="readingOrder {index:2;} place {offset:0; length:6;}">
                <Coords points="2747,3550 2768,3559 2833,3542 2843,3550 2852,3545 2887,3571 2898,3561 2921,3570 2959,3541 2988,3546 2986,3485 2957,3470 2900,3477 2877,3489 2856,3475 2785,3477 2765,3492 2746,3489"/>
                <Baseline points="2756,3536 2783,3534 2811,3533 2839,3532 2867,3530 2894,3530 2922,3530 2950,3530 2978,3530"/>
                <TextEquiv>
                    <Unicode>Buchte.</Unicode>
                </TextEquiv>
            </TextLine>
            <TextEquiv>
                <Unicode>Peter Laubschen
genant von
Buchte.</Unicode>
            </TextEquiv>
        </TextRegion>
        <TextRegion orientation="0.0" id="r3" custom="readingOrder {index:2;}">
            <Coords points="3006,1720 3006,1874 3114,1874 3114,1720"/>
            <TextLine id="r3l1" custom="readingOrder {index:0;}">
                <Coords points="2997,1834 3024,1832 3066,1866 3084,1864 3114,1833 3123,1833 3123,1762 3113,1762 3081,1787 3064,1789 3045,1788 3031,1776 3026,1782 3016,1776 2997,1776"/>
                <Baseline points="3006,1824 3033,1822 3060,1820 3087,1821 3114,1824"/>
                <TextEquiv>
                    <Unicode>auch</Unicode>
                </TextEquiv>
            </TextLine>
            <TextEquiv>
                <Unicode>auch</Unicode>
            </TextEquiv>
        </TextRegion>
        <TextRegion orientation="0.0" id="r4" custom="readingOrder {index:3;}">
            <Coords points="3020,4466 3020,4632 3104,4632 3104,4466"/>
            <TextLine id="r4l1" custom="readingOrder {index:0;}">
                <Coords points="3017,4614 3034,4609 3038,4612 3048,4610 3054,4615 3060,4612 3070,4614 3097,4577 3115,4569 3107,4530 3089,4534 3084,4539 3074,4537 3059,4550 3051,4547 3007,4562"/>
                <Baseline points="3020,4582 3048,4580 3076,4573 3104,4566"/>
                <TextEquiv>
                    <Unicode>e</Unicode>
                </TextEquiv>
            </TextLine>
            <TextEquiv>
                <Unicode>e</Unicode>
            </TextEquiv>
        </TextRegion>
        <TextRegion orientation="0.0" id="r5" custom="readingOrder {index:4;}">
            <Coords points="3108,4512 3108,4662 3148,4662 3148,4512"/>
            <TextLine id="r5l1" custom="readingOrder {index:0;}">
                <Coords points="3098,4638 3109,4638 3130,4627 3132,4629 3142,4619 3157,4621 3157,4510 3148,4510 3130,4518 3125,4516 3113,4524 3098,4522"/>
                <Baseline points="3108,4612 3148,4612"/>
                <TextEquiv>
                    <Unicode>3</Unicode>
                </TextEquiv>
            </TextLine>
            <TextEquiv>
                <Unicode>3</Unicode>
            </TextEquiv>
        </TextRegion>
        <TextRegion orientation="0.0" id="r6" custom="readingOrder {index:5;}">
            <Coords points="3102,1427 3102,5833 4702,5833 4702,1427"/>
            <TextLine id="r6l1" custom="readingOrder {index:0;}">
                <Coords points="4399,1480 4420,1482 4430,1498 4441,1494 4485,1517 4494,1529 4523,1520 4531,1527 4553,1516 4558,1521 4579,1516 4596,1435 4580,1434 4566,1417 4510,1433 4482,1409 4453,1419 4440,1412 4425,1423 4412,1420"/>
                <Baseline points="4410,1472 4436,1477 4463,1481 4490,1486 4516,1492 4543,1498 4570,1508"/>
                <TextEquiv>
                    <Unicode>125</Unicode>
                </TextEquiv>
            </TextLine>
            <TextLine id="r6l2" custom="readingOrder {index:1;}">
                <Coords points="3141,1553 3280,1608 3414,1554 3672,1560 3736,1621 3912,1569 4065,1620 4428,1618 4459,1531 4339,1562 4154,1466 4012,1515 3928,1475 3863,1525 3778,1447 3400,1489 3312,1406 3146,1452"/>
                <Baseline points="3152,1544 3216,1544 3281,1544 3346,1546 3410,1546 3475,1548 3540,1551 3604,1552 3669,1556 3734,1558 3799,1561 3863,1564 3928,1568 3993,1572 4057,1574 4122,1579 4187,1584 4251,1587 4316,1591 4381,1596 4446,1600"/>
                <TextEquiv>
                    <Unicode>Ungeacht nun der bättigkofer mit</Unicode>
                </TextEquiv>
            </TextLine>
            <TextLine id="r6l3" custom="readingOrder {index:2;}">
                <Coords points="3133,1687 3324,1627 3458,1702 3534,1649 3707,1651 4109,1681 4201,1730 4421,1673 4423,1627 4109,1634 3920,1570 3752,1624 3527,1561 3287,1608 3137,1579"/>
                <Baseline points="3144,1636 3207,1636 3270,1634 3334,1636 3397,1636 3461,1638 3524,1639 3587,1642 3651,1644 3714,1646 3778,1649 3841,1652 3904,1654 3968,1658 4031,1660 4095,1663 4158,1664 4221,1666 4285,1668 4348,1670 4412,1670"/>
                <TextEquiv>
                    <Unicode>Ime confrontirt, vnd vorige seine</Unicode>
                </TextEquiv>
            </TextLine>
            <TextLine id="r6l4" custom="readingOrder {index:3;}">
                <Coords points="3148,1738 3301,1731 3353,1779 3423,1718 3612,1785 3820,1737 3921,1804 3986,1748 4066,1806 4295,1756 4393,1803 4566,1772 4568,1680 4483,1649 4202,1728 3717,1656 3634,1701 3534,1650 3464,1702 3288,1641 3150,1673"/>
                <Baseline points="3158,1724 3227,1724 3297,1724 3367,1724 3437,1726 3507,1726 3577,1728 3647,1730 3717,1732 3787,1734 3857,1737 3926,1740 3996,1742 4066,1745 4136,1748 4206,1750 4276,1752 4346,1754 4416,1758 4486,1760 4556,1762"/>
                <TextEquiv>
                    <Unicode>anklegt samptlich nochmahlen wideräferet,</Unicode>
                </TextEquiv>
            </TextLine>
            <TextLine id="r6l5" custom="readingOrder {index:4;}">
                <Coords points="3134,1847 3270,1826 3317,1875 3391,1813 3906,1829 3970,1890 4148,1832 4545,1874 4506,1767 3918,1801 3850,1750 3609,1786 3421,1718 3328,1791 3205,1739 3135,1776"/>
                <Baseline points="3144,1824 3213,1822 3283,1820 3352,1820 3422,1820 3492,1820 3561,1820 3631,1822 3700,1822 3770,1824 3840,1826 3909,1827 3979,1830 4048,1831 4118,1832 4188,1834 4257,1836 4327,1838 4396,1839 4466,1840 4536,1840"/>
                <TextEquiv>
                    <Unicode>selbige an der Marter erhalt, vnd daruf</Unicode>
                </TextEquiv>
            </TextLine>
            <TextLine id="r6l6" custom="readingOrder {index:5;}">
                <Coords points="3115,1965 3427,1897 3543,1961 3652,1914 3879,1918 3953,1974 4041,1925 4159,1975 4410,1945 4410,1857 4353,1887 4149,1830 3967,1895 3895,1841 3739,1831 3639,1878 3511,1840 3322,1877 3275,1831 3116,1864"/>
                <Baseline points="3126,1914 3189,1912 3253,1912 3317,1910 3380,1910 3444,1908 3508,1908 3571,1908 3635,1908 3699,1908 3763,1910 3826,1910 3890,1912 3954,1912 4017,1914 4081,1914 4145,1916 4208,1918 4272,1918 4336,1920 4400,1922"/>
                <TextEquiv>
                    <Unicode>zusterb begert wil, hatt Jedoch</Unicode>
                </TextEquiv>
            </TextLine>
            <TextLine id="r6l7" custom="readingOrder {index:6;}">
                <Coords points="3157,2025 3374,1999 3535,2057 3770,1998 4048,2049 4329,2002 4455,2056 4506,1966 4321,1933 4159,1976 4089,1927 3955,1974 3653,1916 3537,1973 3424,1898 3342,1972 3157,1977"/>
                <Baseline points="3166,2008 3232,2005 3299,2002 3365,2000 3432,1998 3498,1996 3565,1996 3631,1996 3698,1996 3764,1996 3831,1996 3897,1998 3964,1998 4030,2000 4097,2000 4163,2002 4230,2002 4296,2004 4363,2004 4429,2006 4496,2006"/>
                <TextEquiv>
                    <Unicode>ermelter Statthalter alles beständig</Unicode>
                </TextEquiv>
            </TextLine>
            <TextLine id="r6l8" custom="readingOrder {index:7;}">
                <Coords points="3159,2143 3230,2098 3342,2136 3390,2094 3818,2121 3868,2081 4035,2142 4146,2076 4564,2162 4622,2073 4328,2001 4225,2058 4139,2017 3824,2041 3769,1998 3534,2057 3340,2008 3160,2048"/>
                <Baseline points="3168,2094 3240,2090 3312,2088 3384,2086 3456,2084 3529,2084 3601,2082 3673,2082 3745,2082 3817,2082 3890,2082 3962,2084 4034,2086 4106,2086 4178,2088 4251,2090 4323,2094 4395,2096 4467,2098 4539,2101 4612,2104"/>
                <TextEquiv>
                    <Unicode>glaugnet, und bim wenigst ußert obigen</Unicode>
                </TextEquiv>
            </TextLine>
            <TextLine id="r6l9" custom="readingOrder {index:8;}">
                <Coords points="3151,2202 3523,2175 3937,2217 4010,2168 4206,2229 4371,2196 4422,2229 4465,2159 4373,2122 4241,2145 4135,2077 4033,2143 3885,2098 3837,2138 3768,2088 3151,2149"/>
                <Baseline points="3160,2186 3224,2182 3289,2179 3354,2176 3418,2175 3483,2172 3548,2172 3612,2170 3677,2170 3742,2170 3807,2172 3871,2172 3936,2174 4001,2175 4065,2177 4130,2178 4195,2182 4259,2184 4324,2188 4389,2192 4454,2196"/>
                <TextEquiv>
                    <Unicode>Verners nit bekantlich sein wollen,</Unicode>
                </TextEquiv>
            </TextLine>
            <TextLine id="r6l10" custom="readingOrder {index:9;} person {offset:27; length:11;}">
                <Coords points="3123,2303 4371,2270 4618,2320 4654,2204 4194,2234 4015,2171 3675,2248 3610,2199 3509,2242 3331,2196 3280,2248 3123,2249"/>
                <Baseline points="3132,2286 3207,2282 3283,2280 3358,2276 3434,2274 3510,2273 3585,2272 3661,2270 3736,2270 3812,2270 3888,2270 3963,2270 4039,2272 4114,2272 4190,2274 4266,2276 4341,2276 4417,2278 4492,2281 4568,2283 4644,2286"/>
                <TextEquiv>
                    <Unicode>mit vermelden, daß Ime dem Guttigketer,</Unicode>
                </TextEquiv>
            </TextLine>
            <TextLine id="r6l11" custom="readingOrder {index:10;}">
                <Coords points="3145,2391 4624,2392 4593,2322 4371,2270 4309,2311 3797,2276 3730,2315 3640,2283 3580,2337 3145,2332"/>
                <Baseline points="3154,2378 3227,2374 3300,2371 3373,2368 3446,2366 3519,2364 3592,2362 3665,2362 3738,2362 3811,2362 3884,2362 3957,2362 4030,2362 4103,2362 4176,2362 4249,2362 4322,2362 4395,2362 4468,2362 4541,2362 4614,2362"/>
                <TextEquiv>
                    <Unicode>welcher einleichtfertige Persohn, die Jur</Unicode>
                </TextEquiv>
            </TextLine>
            <TextLine id="r6l12" custom="readingOrder {index:11;}">
                <Coords points="3146,2484 3768,2493 3827,2458 4042,2509 4138,2459 4255,2511 4329,2461 4494,2470 4492,2354 4224,2424 4157,2369 4029,2427 3857,2389 3712,2433 3531,2373 3443,2433 3342,2371 3145,2410"/>
                <Baseline points="3156,2464 3222,2462 3288,2462 3355,2460 3421,2460 3488,2458 3554,2458 3620,2458 3687,2456 3753,2456 3820,2456 3886,2456 3952,2454 4019,2454 4085,2454 4152,2452 4218,2452 4284,2452 4351,2450 4417,2450 4484,2448"/>
                <TextEquiv>
                    <Unicode>in unheil zu bringen begeren kein glauben</Unicode>
                </TextEquiv>
            </TextLine>
            <TextLine id="r6l13" custom="readingOrder {index:12;}">
                <Coords points="3150,2609 3264,2560 3381,2619 3447,2574 3505,2606 3651,2550 3898,2606 4069,2548 4580,2592 4646,2574 4645,2488 4361,2511 4305,2468 4252,2516 4183,2464 4065,2521 3856,2459 3626,2528 3465,2473 3294,2529 3148,2502"/>
                <Baseline points="3158,2560 3231,2560 3305,2560 3379,2558 3453,2558 3527,2556 3601,2556 3675,2554 3749,2552 3823,2550 3897,2548 3970,2548 4044,2546 4118,2544 4192,2544 4266,2544 4340,2542 4414,2542 4488,2542 4562,2544 4636,2544"/>
                <TextEquiv>
                    <Unicode>zwacken stege, er auch sölche anklegen nimmermehr</Unicode>
                </TextEquiv>
            </TextLine>
            <TextLine id="r6l14" custom="readingOrder {index:13;}">
                <Coords points="3169,2662 3236,2707 3455,2639 3557,2695 3781,2632 4112,2660 4111,2607 4039,2564 3892,2607 3753,2595 3659,2548 3558,2609 3361,2609 3269,2560 3168,2595"/>
                <Baseline points="3178,2646 3224,2644 3270,2642 3316,2642 3362,2640 3409,2640 3455,2640 3501,2640 3547,2640 3593,2640 3640,2640 3686,2640 3732,2640 3778,2640 3824,2640 3871,2640 3917,2638 3963,2638 4009,2636 4055,2634 4102,2632"/>
                <TextEquiv>
                    <Unicode>vff Inne erwyßen werden.</Unicode>
                </TextEquiv>
            </TextLine>
            <TextLine id="r6l15" custom="readingOrder {index:14;}">
                <Coords points="3093,2749 3576,2738 3631,2794 3693,2746 3800,2731 3927,2804 4006,2767 4006,2692 3926,2663 3834,2686 3779,2636 3506,2709 3346,2674 3235,2710 3093,2694"/>
                <Baseline points="3102,2740 3146,2737 3191,2735 3236,2732 3280,2731 3325,2730 3370,2730 3414,2728 3459,2728 3504,2730 3549,2730 3593,2730 3638,2732 3683,2732 3727,2733 3772,2734 3817,2736 3861,2736 3906,2738 3951,2738 3996,2738"/>
                <TextEquiv>
                    <Unicode>vide verners sol: 127.</Unicode>
                </TextEquiv>
            </TextLine>
            <TextLine id="r6l16" custom="readingOrder {index:15;} person {offset:0; length:12;} person {offset:14; length:14;}">
                <Coords points="3114,3131 4251,3077 4353,3132 4470,3080 4549,3104 4546,2966 4446,3010 4241,2976 4132,3033 3989,2956 3483,3074 3389,3015 3113,3066"/>
                <Baseline points="3122,3098 3192,3096 3263,3094 3334,3092 3405,3090 3476,3090 3546,3088 3617,3088 3688,3086 3759,3086 3830,3084 3900,3084 3971,3082 4042,3082 4113,3080 4184,3078 4254,3076 4325,3074 4396,3072 4467,3070 4538,3066"/>
                <TextEquiv>
                    <Unicode>Cara Berners, Hans Mathysten</Unicode>
                </TextEquiv>
            </TextLine>
            <TextLine id="r6l17" custom="readingOrder {index:16;} place {offset:3; length:9;}">
                <Coords points="3121,3258 3244,3189 3570,3177 3751,3236 3856,3169 3974,3252 4116,3181 4592,3209 4590,3121 4490,3091 4178,3147 3944,3081 3747,3148 3622,3101 3491,3150 3118,3127"/>
                <Baseline points="3130,3206 3202,3200 3275,3194 3347,3189 3420,3186 3493,3182 3565,3180 3638,3178 3710,3176 3783,3176 3856,3176 3928,3174 4001,3174 4073,3174 4146,3174 4219,3174 4291,3172 4364,3172 4436,3170 4509,3166 4582,3164"/>
                <TextEquiv>
                    <Unicode>zu Diemerwyl Ehefraw, Ist allein</Unicode>
                </TextEquiv>
            </TextLine>
            <TextLine id="r6l18" custom="readingOrder {index:17;}">
                <Coords points="3838,3304 3937,3293 4045,3342 4108,3277 4137,3301 4176,3267 4257,3297 4320,3267 4400,3326 4541,3270 4621,3308 4617,3189 4538,3213 4430,3193 4342,3236 4291,3201 4219,3216 4151,3186 4112,3214 4052,3187 3983,3254 3836,3258"/>
                <Baseline points="3846,3280 3884,3280 3922,3280 3960,3280 3998,3278 4037,3277 4075,3276 4113,3274 4151,3273 4189,3272 4228,3270 4266,3268 4304,3268 4342,3266 4380,3266 4419,3264 4457,3264 4495,3262 4533,3262 4571,3262 4610,3262"/>
                <TextEquiv>
                    <Unicode>daß sy by während</Unicode>
                </TextEquiv>
            </TextLine>
            <TextLine id="r6l19" custom="readingOrder {index:18;}">
                <Coords points="3156,3319 3298,3295 3381,3309 3399,3290 3453,3333 3545,3314 3539,3203 3511,3197 3484,3226 3430,3204 3348,3251 3275,3202 3246,3227 3212,3216 3151,3247"/>
                <Baseline points="3164,3304 3190,3301 3216,3299 3243,3296 3269,3293 3296,3291 3322,3289 3349,3286 3375,3284 3401,3284 3428,3282 3454,3282 3481,3282 3507,3282 3534,3282"/>
                <TextEquiv>
                    <Unicode>bekantlich,</Unicode>
                </TextEquiv>
            </TextLine>
            <TextLine id="r6l20" custom="readingOrder {index:19;}">
                <Coords points="3144,3435 3377,3384 3518,3432 3600,3376 4064,3419 4107,3383 4215,3427 4362,3368 4593,3374 4594,3314 4232,3292 4174,3332 4106,3276 4039,3347 3908,3291 3810,3341 3141,3336"/>
                <Baseline points="3152,3400 3223,3394 3295,3390 3367,3386 3438,3383 3510,3380 3582,3378 3653,3376 3725,3376 3797,3374 3869,3374 3940,3372 4012,3372 4084,3370 4155,3370 4227,3368 4299,3366 4370,3364 4442,3361 4514,3358 4586,3354"/>
                <TextEquiv>
                    <Unicode>Irer ehe, by einer ledige Persohn sein Vn¬</Unicode>
                </TextEquiv>
            </TextLine>
            <TextLine id="r6l21" custom="readingOrder {index:20;}">
                <Coords points="3162,3540 3426,3484 3740,3526 3808,3473 4611,3472 4610,3393 4565,3431 4440,3391 4137,3430 3846,3388 3776,3439 3659,3386 3606,3439 3376,3384 3160,3452"/>
                <Baseline points="3170,3496 3241,3491 3313,3486 3384,3482 3456,3478 3528,3476 3599,3474 3671,3472 3742,3472 3814,3470 3886,3470 3957,3470 4029,3470 4100,3468 4172,3468 4244,3466 4315,3466 4387,3464 4458,3462 4530,3458 4602,3454"/>
                <TextEquiv>
                    <Unicode>chlich kind erzüget, darumb sy albereit</Unicode>
                </TextEquiv>
            </TextLine>
            <TextLine id="r6l22" custom="readingOrder {index:21;}">
                <Coords points="4313,3600 4352,3578 4371,3587 4388,3574 4404,3589 4421,3590 4451,3574 4495,3570 4489,3477 4458,3469 4432,3484 4419,3479 4375,3487 4354,3507 4340,3497 4307,3501"/>
                <Baseline points="4320,3568 4347,3563 4374,3561 4402,3560 4429,3559 4456,3558 4484,3556"/>
                <TextEquiv>
                    <Unicode>Vnd</Unicode>
                </TextEquiv>
            </TextLine>
            <TextLine id="r6l23" custom="readingOrder {index:22;}">
                <Coords points="3167,3633 3302,3582 3554,3612 3605,3646 3697,3580 4098,3579 4096,3506 4000,3493 3929,3535 3857,3496 3765,3539 3686,3506 3652,3530 3584,3486 3425,3545 3371,3506 3282,3543 3165,3536"/>
                <Baseline points="3176,3592 3221,3590 3267,3586 3312,3583 3358,3581 3404,3578 3449,3576 3495,3574 3540,3573 3586,3572 3632,3571 3677,3570 3723,3570 3768,3569 3814,3568 3860,3568 3905,3568 3951,3568 3996,3568 4042,3570 4088,3570"/>
                <TextEquiv>
                    <Unicode>Ire straff usgestanden.</Unicode>
                </TextEquiv>
            </TextLine>
            <TextLine id="r6l24" custom="readingOrder {index:23;} person {offset:12; length:11;}">
                <Coords points="3153,3708 3380,3686 3444,3725 3811,3664 3998,3726 4126,3661 4210,3712 4353,3653 4480,3695 4443,3581 4139,3634 3996,3585 3896,3645 3700,3580 3599,3648 3301,3583 3152,3649"/>
                <Baseline points="3162,3688 3227,3686 3292,3684 3358,3682 3423,3680 3489,3678 3554,3676 3619,3674 3685,3674 3750,3672 3816,3670 3881,3668 3946,3666 4012,3664 4077,3662 4143,3661 4208,3658 4273,3656 4339,3654 4404,3652 4470,3648"/>
                <TextEquiv>
                    <Unicode>obgleichwol Güttigkofer nochmahlen</Unicode>
                </TextEquiv>
            </TextLine>
            <TextLine id="r6l25" custom="readingOrder {index:24;}">
                <Coords points="3157,3805 3544,3771 3696,3822 3884,3764 4062,3799 4118,3750 4438,3788 4646,3763 4674,3692 4489,3707 4352,3653 3950,3732 3803,3669 3467,3748 3261,3689 3156,3751"/>
                <Baseline points="3166,3786 3241,3782 3316,3780 3391,3777 3466,3774 3541,3770 3616,3768 3691,3766 3766,3763 3841,3760 3916,3758 3991,3756 4066,3753 4141,3752 4216,3750 4291,3748 4366,3746 4441,3746 4516,3744 4591,3744 4666,3744"/>
                <TextEquiv>
                    <Unicode>beständig, by disen dreyen mit fra gethanen</Unicode>
                </TextEquiv>
            </TextLine>
            <TextLine id="r6l26" custom="readingOrder {index:25;}">
                <Coords points="3154,3936 3464,3874 3544,3925 3677,3867 3742,3918 3803,3867 3866,3909 4091,3853 4616,3884 4672,3864 4669,3769 3791,3789 3728,3835 3462,3779 3150,3812"/>
                <Baseline points="3162,3878 3237,3874 3312,3872 3387,3870 3462,3867 3537,3864 3612,3862 3687,3858 3762,3856 3837,3853 3912,3850 3987,3848 4062,3845 4137,3842 4212,3841 4287,3838 4362,3836 4437,3834 4512,3832 4587,3831 4662,3830"/>
                <TextEquiv>
                    <Unicode>fleischlich vermischungen bekantlich verbleibt</Unicode>
                </TextEquiv>
            </TextLine>
            <TextLine id="r6l27" custom="readingOrder {index:26;}">
                <Coords points="3158,3994 3297,4043 3408,3978 3865,3938 4034,3980 4704,3961 4701,3867 4503,3847 4332,3905 4269,3849 4144,3903 4047,3861 3977,3919 3912,3875 3746,3923 3462,3875 3157,3952"/>
                <Baseline points="3168,3980 3244,3976 3320,3972 3396,3968 3473,3964 3549,3960 3625,3958 3702,3954 3778,3950 3854,3946 3931,3943 4007,3940 4083,3938 4159,3936 4236,3934 4312,3932 4388,3932 4465,3930 4541,3930 4617,3932 4694,3932"/>
                <TextEquiv>
                    <Unicode>auch ira selbsten, die umbstand zeit und orth</Unicode>
                </TextEquiv>
            </TextLine>
            <TextLine id="r6l28" custom="readingOrder {index:27;}">
                <Coords points="3157,4099 3369,4141 3428,4083 3564,4103 3679,4050 3747,4097 3904,4055 3994,4111 4103,4059 4198,4092 4244,4048 4452,4048 4450,4000 4344,3962 4206,4002 4067,3963 3922,4013 3840,3960 3750,4010 3697,3968 3632,4031 3468,3974 3360,4044 3154,4004"/>
                <Baseline points="3166,4082 3229,4081 3293,4079 3357,4078 3421,4075 3485,4072 3548,4070 3612,4068 3676,4065 3740,4062 3804,4060 3867,4058 3931,4056 3995,4052 4059,4050 4123,4048 4186,4045 4250,4042 4314,4040 4378,4038 4442,4036"/>
                <TextEquiv>
                    <Unicode>vorgehalten, hatt sy jedoch alles</Unicode>
                </TextEquiv>
            </TextLine>
            <TextLine id="r6l29" custom="readingOrder {index:28;}">
                <Coords points="3166,4231 3403,4178 3823,4230 3912,4162 3984,4200 4059,4151 4663,4159 4660,4069 4476,4058 4399,4105 4149,4058 3993,4110 3903,4056 3791,4127 3699,4063 3528,4140 3163,4132"/>
                <Baseline points="3174,4182 3247,4182 3321,4180 3395,4178 3469,4175 3543,4172 3617,4169 3691,4164 3765,4162 3839,4158 3913,4154 3986,4152 4060,4148 4134,4146 4208,4144 4282,4141 4356,4140 4430,4138 4504,4138 4578,4140 4652,4140"/>
                <TextEquiv>
                    <Unicode>gelaugnet, mit gleichem Vorwand wie</Unicode>
                </TextEquiv>
            </TextLine>
            <TextLine id="r6l30" custom="readingOrder {index:29;} person {offset:26; length:11;}">
                <Coords points="3186,4296 3338,4328 3612,4259 3706,4306 3841,4245 4032,4281 4182,4233 4414,4296 4551,4229 4653,4257 4649,4160 4173,4149 3994,4209 3935,4167 3889,4217 3602,4242 3406,4176 3298,4234 3182,4204"/>
                <Baseline points="3194,4272 3266,4274 3338,4274 3411,4272 3483,4272 3556,4268 3628,4264 3700,4260 3773,4256 3845,4250 3918,4246 3990,4242 4062,4238 4135,4234 4207,4230 4280,4228 4352,4226 4424,4226 4497,4227 4569,4230 4642,4234"/>
                <TextEquiv>
                    <Unicode>Statthalter gegg, daß dem Güttigkofer,</Unicode>
                </TextEquiv>
            </TextLine>
            <TextLine id="r6l31" custom="readingOrder {index:30;}">
                <Coords points="3174,4387 3562,4363 3654,4418 3871,4355 3974,4393 4066,4352 4119,4388 4501,4368 4565,4346 4560,4236 4388,4295 4147,4236 3898,4301 3838,4253 3705,4307 3171,4330"/>
                <Baseline points="3182,4370 3250,4370 3319,4368 3387,4366 3456,4364 3525,4361 3593,4358 3662,4356 3730,4352 3799,4349 3868,4346 3936,4342 4005,4339 4073,4336 4142,4332 4211,4329 4279,4326 4348,4323 4416,4322 4485,4318 4554,4318"/>
                <TextEquiv>
                    <Unicode>als einer leichtfertigen Persohn nicht</Unicode>
                </TextEquiv>
            </TextLine>
            <TextLine id="r6l32" custom="readingOrder {index:31;}">
                <Coords points="3184,4508 3222,4500 3264,4529 3330,4480 3452,4478 3486,4455 3550,4517 3603,4493 3648,4515 3771,4471 3770,4429 3644,4418 3594,4377 3528,4429 3433,4383 3396,4413 3323,4393 3249,4438 3182,4401"/>
                <Baseline points="3192,4468 3220,4466 3249,4466 3277,4466 3306,4466 3334,4465 3363,4464 3391,4464 3420,4463 3448,4462 3477,4462 3505,4462 3534,4461 3562,4460 3591,4460 3619,4460 3648,4460 3676,4459 3705,4458 3733,4458 3762,4458"/>
                <TextEquiv>
                    <Unicode>zuglaube seye.</Unicode>
                </TextEquiv>
            </TextLine>
            <TextLine id="r6l33" custom="readingOrder {index:32;}">
                <Coords points="3181,4628 4664,4592 4661,4503 4437,4439 4326,4533 4099,4555 3695,4507 3470,4575 3177,4512"/>
                <Baseline points="3190,4610 3263,4609 3336,4608 3409,4606 3482,4605 3556,4602 3629,4601 3702,4599 3775,4596 3848,4594 3922,4592 3995,4588 4068,4586 4141,4584 4214,4580 4288,4578 4361,4576 4434,4572 4507,4570 4580,4569 4654,4566"/>
                <TextEquiv>
                    <Unicode>Nachdem aber freyttags den 7. aprilis 1684.</Unicode>
                </TextEquiv>
            </TextLine>
            <TextLine id="r6l34" custom="readingOrder {index:33;}">
                <Coords points="3174,4726 3473,4706 3551,4749 3648,4686 4084,4669 4367,4708 4468,4651 4612,4670 4610,4617 4308,4567 4116,4642 3990,4604 3677,4657 3614,4613 3525,4664 3380,4618 3170,4642"/>
                <Baseline points="3182,4702 3253,4700 3324,4698 3395,4695 3466,4692 3537,4688 3608,4686 3679,4684 3750,4680 3821,4678 3892,4676 3963,4672 4034,4670 4105,4667 4176,4664 4247,4661 4318,4659 4389,4656 4460,4654 4531,4651 4602,4648"/>
                <TextEquiv>
                    <Unicode>Dise hirnen umb etwas ernsthafftiger ex</Unicode>
                </TextEquiv>
            </TextLine>
            <TextLine id="r6l35" custom="readingOrder {index:34;}">
                <Coords points="3178,4795 3544,4785 3599,4822 3712,4768 3944,4759 4227,4795 4557,4744 4554,4656 4388,4714 4323,4676 4191,4721 4108,4675 4027,4722 3921,4687 3726,4731 3638,4688 3551,4749 3461,4712 3176,4730"/>
                <Baseline points="3188,4786 3256,4783 3324,4780 3392,4778 3460,4776 3528,4773 3596,4770 3664,4768 3732,4766 3800,4762 3868,4760 3936,4758 4004,4756 4072,4753 4140,4750 4208,4748 4276,4746 4344,4743 4412,4740 4480,4738 4548,4734"/>
                <TextEquiv>
                    <Unicode>aminiet. vnd Iro die Marter getract</Unicode>
                </TextEquiv>
            </TextLine>
            <TextLine id="r6l36" custom="readingOrder {index:35;}">
                <Coords points="3186,4880 3637,4905 3733,4851 4000,4891 4039,4855 4332,4849 4345,4768 3933,4805 3871,4762 3804,4809 3712,4768 3594,4821 3541,4790 3476,4831 3404,4790 3316,4837 3183,4821"/>
                <Baseline points="3194,4870 3251,4868 3308,4868 3365,4866 3422,4864 3480,4862 3537,4860 3594,4858 3651,4855 3708,4852 3766,4850 3823,4848 3880,4846 3937,4843 3994,4841 4052,4838 4109,4836 4166,4834 4223,4832 4280,4830 4338,4828"/>
                <TextEquiv>
                    <Unicode>worden, hatt sy entlichen bekent:</Unicode>
                </TextEquiv>
            </TextLine>
            <TextLine id="r6l37" custom="readingOrder {index:36;}">
                <Coords points="3165,5048 3623,4969 3730,5016 3877,4965 3968,5018 4255,4948 4683,4973 4680,4880 4540,4905 4410,4855 4256,4917 4153,4859 3578,4942 3366,4874 3162,4926"/>
                <Baseline points="3172,4978 3247,4978 3322,4978 3397,4978 3472,4976 3547,4972 3622,4970 3697,4967 3772,4963 3847,4961 3922,4957 3997,4954 4072,4950 4147,4948 4222,4945 4297,4944 4372,4942 4447,4942 4522,4942 4597,4944 4672,4948"/>
                <TextEquiv>
                    <Unicode>Es seye leider wahr, daß sy sich mit beiden, als</Unicode>
                </TextEquiv>
            </TextLine>
            <TextLine id="r6l38" custom="readingOrder {index:37;} person {offset:4; length:16;} person {offset:25; length:16; continued:true;}">
                <Coords points="3185,5070 3447,5076 3510,5124 3659,5059 3906,5091 3981,5035 4713,5056 4710,4966 4434,4937 3969,5018 3872,4968 3786,5027 3693,4986 3184,5028"/>
                <Baseline points="3194,5068 3269,5066 3344,5064 3420,5062 3495,5060 3571,5057 3646,5054 3721,5052 3797,5050 3872,5048 3948,5045 4023,5042 4098,5040 4174,5038 4249,5038 4325,5036 4400,5034 4475,5032 4551,5032 4626,5032 4702,5030"/>
                <TextEquiv>
                    <Unicode>dem statthalter Hegg vnd Bendicht Güttig-</Unicode>
                </TextEquiv>
            </TextLine>
            <TextLine id="r6l39" custom="readingOrder {index:38;} person {offset:0; length:5; continued:true;}">
                <Coords points="3190,5193 3540,5153 4034,5192 4341,5119 4541,5155 4693,5115 4692,5075 4438,5038 4328,5102 4251,5039 4022,5101 3870,5061 3511,5123 3187,5073"/>
                <Baseline points="3198,5156 3272,5154 3346,5152 3420,5150 3494,5148 3569,5146 3643,5144 3717,5142 3791,5142 3865,5140 3940,5138 4014,5136 4088,5134 4162,5132 4236,5130 4311,5128 4385,5125 4459,5122 4533,5118 4607,5115 4682,5110"/>
                <TextEquiv>
                    <Unicode>hofer in fleischeischen lesten vergeßen, Vnd zwar</Unicode>
                </TextEquiv>
            </TextLine>
            <TextLine id="r6l40" custom="readingOrder {index:39;} person {offset:20; length:4;}">
                <Coords points="3180,5263 3555,5263 3625,5308 4208,5227 4635,5257 4704,5211 4701,5116 4083,5196 3540,5152 3423,5215 3317,5167 3179,5211"/>
                <Baseline points="3190,5252 3265,5250 3340,5250 3415,5248 3490,5246 3566,5244 3641,5242 3716,5240 3791,5238 3866,5236 3942,5234 4017,5232 4092,5229 4167,5226 4242,5224 4318,5220 4393,5218 4468,5215 4543,5212 4618,5208 4694,5204"/>
                <TextEquiv>
                    <Unicode>mit dem statthalter Hegg erstlich vor ungefahr</Unicode>
                </TextEquiv>
            </TextLine>
            <TextLine id="r6l41" custom="readingOrder {index:40;}">
                <Coords points="3157,5353 3338,5390 3577,5343 3787,5395 4029,5319 4241,5374 4644,5325 4642,5264 4327,5236 4053,5284 3886,5256 3806,5312 3156,5296"/>
                <Baseline points="3166,5346 3239,5344 3312,5342 3386,5342 3459,5340 3533,5338 3606,5336 3679,5334 3753,5332 3826,5330 3900,5328 3973,5326 4046,5324 4120,5322 4193,5320 4267,5318 4340,5315 4413,5312 4487,5310 4560,5308 4634,5306"/>
                <TextEquiv>
                    <Unicode>13 jahren in einem höltzli nit wyth von der</Unicode>
                </TextEquiv>
            </TextLine>
            <TextLine id="r6l42" custom="readingOrder {index:41;} place {offset:0; length:10;} person {offset:18; length:10;}">
                <Coords points="3181,5435 3666,5440 3742,5487 3864,5423 4207,5449 4620,5403 4642,5364 4239,5376 4152,5325 3896,5393 3558,5403 3457,5356 3413,5394 3179,5357"/>
                <Baseline points="3190,5426 3262,5428 3334,5430 3406,5430 3478,5430 3550,5430 3622,5428 3694,5426 3766,5424 3838,5421 3911,5418 3983,5416 4055,5412 4127,5408 4199,5406 4271,5404 4343,5401 4415,5399 4487,5398 4559,5396 4632,5396"/>
                <TextEquiv>
                    <Unicode>Newenbrugg genant Kläckenoli an einem</Unicode>
                </TextEquiv>
            </TextLine>
            <TextLine id="r6l43" custom="readingOrder {index:42;} place {offset:34; length:4;}">
                <Coords points="3190,5533 3417,5578 3481,5540 3574,5597 3630,5547 3927,5520 4287,5577 4385,5507 4662,5509 4660,5461 4422,5403 4064,5430 3962,5485 3187,5437"/>
                <Baseline points="3200,5520 3272,5526 3345,5528 3417,5530 3490,5532 3563,5531 3635,5530 3708,5528 3780,5525 3853,5522 3926,5520 3998,5516 4071,5512 4143,5508 4216,5506 4289,5502 4361,5500 4434,5498 4506,5498 4579,5498 4652,5498"/>
                <TextEquiv>
                    <Unicode>Sontag, als sy mit einanderen von Berg</Unicode>
                </TextEquiv>
            </TextLine>
            <TextLine id="r6l44" custom="readingOrder {index:43;}">
                <Coords points="3181,5618 3238,5619 3298,5670 3364,5633 3433,5668 3513,5640 3569,5676 3609,5641 3710,5670 3807,5606 4055,5626 4054,5570 3979,5535 3890,5573 3663,5573 3630,5547 3581,5596 3485,5541 3388,5585 3334,5538 3270,5575 3180,5568"/>
                <Baseline points="3190,5606 3232,5612 3275,5614 3318,5617 3361,5620 3404,5622 3446,5622 3489,5622 3532,5622 3575,5622 3618,5622 3660,5620 3703,5618 3746,5616 3789,5614 3832,5613 3874,5611 3917,5608 3960,5607 4003,5604 4046,5604"/>
                <TextEquiv>
                    <Unicode>nacher hauß gehen wollen</Unicode>
                </TextEquiv>
            </TextLine>
            <TextLine id="r6l45" custom="readingOrder {index:44;}">
                <Coords points="3179,5770 3612,5730 3865,5786 4097,5721 4260,5779 4369,5719 4542,5744 4682,5695 4681,5634 4239,5672 4178,5624 3996,5657 3938,5616 3613,5711 3511,5654 3350,5702 3176,5627"/>
                <Baseline points="3188,5722 3262,5725 3336,5728 3410,5730 3484,5730 3559,5732 3633,5731 3707,5730 3781,5728 3855,5727 3930,5725 4004,5723 4078,5720 4152,5717 4226,5714 4301,5711 4375,5708 4449,5705 4523,5702 4597,5698 4672,5696"/>
                <TextEquiv>
                    <Unicode>Demnach in anderen Zeiten, zweymahl In</Unicode>
                </TextEquiv>
            </TextLine>
            <TextLine id="r6l46" custom="readingOrder {index:45;} place {offset:12; length:12;}">
                <Coords points="3185,5865 3295,5825 3472,5881 3637,5823 3997,5863 4261,5811 4260,5746 4201,5730 4062,5770 3977,5735 3875,5781 3747,5745 3667,5778 3613,5732 3487,5768 3453,5740 3379,5774 3330,5734 3184,5765"/>
                <Baseline points="3194,5810 3246,5812 3299,5814 3352,5814 3405,5814 3458,5814 3511,5814 3564,5814 3617,5812 3670,5812 3723,5810 3775,5808 3828,5808 3881,5806 3934,5804 3987,5803 4040,5802 4093,5800 4146,5800 4199,5800 4252,5800"/>
                <TextEquiv>
                    <Unicode>Irem huß zu dienerstweil.</Unicode>
                </TextEquiv>
            </TextLine>
            <TextEquiv>
                <Unicode>125
Ungeacht nun der bättigkofer mit
Ime confrontirt, vnd vorige seine
anklegt samptlich nochmahlen wideräferet,
selbige an der Marter erhalt, vnd daruf
zusterb begert wil, hatt Jedoch
ermelter Statthalter alles beständig
glaugnet, und bim wenigst ußert obigen
Verners nit bekantlich sein wollen,
mit vermelden, daß Ime dem Guttigketer,
welcher einleichtfertige Persohn, die Jur
in unheil zu bringen begeren kein glauben
zwacken stege, er auch sölche anklegen nimmermehr
vff Inne erwyßen werden.
vide verners sol: 127.
Cara Berners, Hans Mathysten
zu Diemerwyl Ehefraw, Ist allein
daß sy by während
bekantlich,
Irer ehe, by einer ledige Persohn sein Vn¬
chlich kind erzüget, darumb sy albereit
Vnd
Ire straff usgestanden.
obgleichwol Güttigkofer nochmahlen
beständig, by disen dreyen mit fra gethanen
fleischlich vermischungen bekantlich verbleibt
auch ira selbsten, die umbstand zeit und orth
vorgehalten, hatt sy jedoch alles
gelaugnet, mit gleichem Vorwand wie
Statthalter gegg, daß dem Güttigkofer,
als einer leichtfertigen Persohn nicht
zuglaube seye.
Nachdem aber freyttags den 7. aprilis 1684.
Dise hirnen umb etwas ernsthafftiger ex
aminiet. vnd Iro die Marter getract
worden, hatt sy entlichen bekent:
Es seye leider wahr, daß sy sich mit beiden, als
dem statthalter Hegg vnd Bendicht Güttig-
hofer in fleischeischen lesten vergeßen, Vnd zwar
mit dem statthalter Hegg erstlich vor ungefahr
13 jahren in einem höltzli nit wyth von der
Newenbrugg genant Kläckenoli an einem
Sontag, als sy mit einanderen von Berg
nacher hauß gehen wollen
Demnach in anderen Zeiten, zweymahl In
Irem huß zu dienerstweil.</Unicode>
            </TextEquiv>
        </TextRegion>
    </Page>
</PcGts>
