5472 7296
787 1462 1002 1610 186.
1267 1525 2134 1720 Gabriel Klenck
1155 1689 2506 1887 Derselbig ist schon verschinnen sommers
1244 1814 2528 1982 megenhen. Adrian Baumgarter dem
1244 1917 2596 2067 insulmeister entwenten und gestolnen
1243 2006 2588 2174 zins und anderen zügs, wie hieuor folio
1258 2099 2474 2256 146. zuosehen, in gfängkliche verhafft
1251 2193 2629 2359 gebracht und von ir gnd. uff verhoffende
1260 2275 2564 2451 besserung mit einer starcken censur
1244 2359 2599 2533 widerumb geledig gelassen worden.
1241 2486 2550 2659 hatt sich aber anderst nit gebesseret,
1311 2597 2492 2744 dan dass er siderhar im muessigang
1240 2670 2475 2819 die mehrere zeit zuogebracht und
1255 2758 2587 2907 vor etwas wochen im underen spittal
1267 2842 2616 3008 alhie etliche lynlachen gestolen, desswegen
1250 2924 2587 3082 derselbig widerumb in die gfangen¬
1263 3027 2648 3181 schafft gesetzt und uss ir gnd. befelch
1267 3105 2698 3274 den 14. febr. 1655 durch mhhen. heimlicher
1235 3218 2657 3367 Gatschet und jr. grossweibel von
1251 3313 2504 3449 Luternow mit ernsthafften worten
1257 3384 2536 3550 examinirt worden, der hatt
2041 3488 2500 3627 dass er vor
1259 3502 1535 3627 bekent,
1240 3537 2580 3696 etlich wochen im underen spittal alhie
1251 3663 2524 3801 oben von der höwbüni durch ein loch in
1227 3731 2535 3881 rossbaren gestigen, mit einem messer,
1250 3795 2624 3968 darmit er habe können sagen, ein stecken
1248 3897 2540 4052 vom barren abgesaget, ein anderen
1209 4003 2607 4157 stecken sonsten dannen gemacht und also
1239 4086 2571 4239 vollkommen in stall kommen, daselbsten
1240 4183 2539 4330 er zuo underschidenlichen mahlen acht
1161 4273 2540 4425 lynlachen genommen, daruon uff ein
1247 4351 2572 4515 mahl ime zwey widerumb abgejagt
1250 4433 2511 4585 worden, von den übrigen sechsen
1211 4541 2516 4681 habe er viere einem rossmaryn¬
1225 4608 2579 4781 meitli, so alle zeit uff dem blatz feil
1212 4722 2540 4868 halten sol, die anderen zwey aber
1218 4809 2515 4919 einer alten frawen an der Herren
1228 4889 2592 5043 gassen, welche grad gegen hen. vogt
1197 4971 2507 5139 Hennis huss über wohnet, jedes
1229 5065 2668 5222 umb 5 batzen verkoufft und volgents
1203 5164 2580 5314 das erlösste gelt mit hen. hauptman
1210 5262 2444 5403 Vincentz Stürlers und des jr. von
1179 5346 2403 5523 Gumoers laggeyen verspilt.
1208 5489 2636 5697 Verners habe er vor ungefahr zweyen
1185 5623 2473 5781 jahren dem cronenwirth alhie
1190 5720 2555 5842 mit hilff sines kueyerbuoben Hanssli
1198 5810 2480 5956 genant und eines anderen kleinen
1204 5906 2592 6060 buoben von Mümpelgart, der aber nit mehr
4602 1566 4787 1687 187.
3340 1504 4645 1752 alhie in der statt seye, ein käs uss
3391 1616 4643 1815 dem keller genommen und mit ein¬
3379 1704 3936 1850 anderen gessen.
3336 1812 4733 2035 Wil einmahl weithers gestolen zuo haben
3375 1905 3821 2041 nit bekennen.
3353 1988 4750 2187 Sonst habe er disen winter der Cathry
3361 2063 4609 2222 Schintzenen basen geruefft und sich
3360 2147 4544 2319 mehrentheils bei ira ufgehalten
4583 2232 4621 2284 .
3381 2256 4662 2419 Diser buob ist uss ir gnd. befelch zuo seiner
3381 2381 4712 2508 woluerdienten straff von den bättelvögten
3389 2428 4691 2560 mit ruothen geschmeitz und volgents uff
3366 2526 4722 2671 ein starcke censur der gefangenschafft
3367 2571 4159 2727 ledig gelassen worden.
3354 2670 4739 2829 So bald er aber uff freyen fuoss kommen, hatt er
3335 2772 4726 2898 sich widerumb mit diebstälen vergriffen und
3359 2843 4667 2982 in hen. rathshen. Lentuli hus dem knecht
3378 2912 4726 3066 ein psalmenbuoch und andere sachen mehr
3365 2998 3726 3129 genommen,
4045 3006 4808 3156 desswegen er abermahlen
3383 3057 4619 3222 gfencklich inzogen, etliche tag in der
3388 3148 4841 3298 gfangenschafft enthalten und den 18. martii
3378 3236 4877 3396 1655 ins schallenwerck geschmidet worden.
3541 3401 4817 3749 Madlena Kaltschmid
3333 3754 4801 3932 Nachdem Madlena Kaltschmid von
3319 3864 4730 4003 Kilchlindach letstlich in diensten hen.
3346 3941 4783 4105 Hans Jacob Binders des goltschmidts
3341 4031 4763 4164 des jenigen vor etlich wochen drunden an den
3379 4113 4807 4261 gärten hinder der Hormansgassen tod ge¬
3350 4198 4830 4341 fundenen kindts in verdacht gefallen, dass
3348 4292 4791 4425 sy desselben genäsen und villicht von ira
3358 4382 4824 4494 verderbt worden und daruf anfencklich
3362 4463 4839 4608 in die corgrichtliche volgents aber und uff
3363 4554 4770 4693 nit gnuogsam erschinnene bekantnuss in die
3361 4641 4800 4780 obere gfangenschafft gefuehrt auch hernach
3368 4733 4802 4849 uss ir gnd. befelch ernstwörtig und bei
3366 4804 4849 4943 betröw und zeigung der marter durch
3361 4886 4714 5038 mhhen. rathshen. Lentulum examinirt,
3356 4980 4899 5127 hatt dieselbige so wol den 10 als 13. martii
3373 5071 4870 5219 1655 beide mahl mit volgenden worten
3344 5152 4156 5307 ire bekantnus gethan!
3336 5221 4784 5407 Es sye nun mehr ungefahrlich 6 jar,
3403 5328 4787 5484 dass ir vatter sy irer gotten des
3330 5417 4848 5573 hen. Binders fraw ire zuodienen anuer¬
3368 5498 4872 5653 trawt domahlen habe hr. Binder irem
3364 5567 4897 5728 vatter versprochen sy ehrlich uf zuoerziehen
3358 5676 4771 5825 und sy gleichsam als syn kind zuohalten,
3371 5756 4887 5909 wie aber dasselbig geschehen bezuege leider
4299 5843 4792 5968 das anstatt
3343 5852 3983 5997 die erfahrung,
3337 5928 4799 6092 diser ehrlichen uferziechung habe er
