5472 7296
708 1456 926 1571 222.
647 2643 939 2809 Baselber
635 2769 937 2926 Gehilff.
666 3840 961 3955 Margret
679 3937 943 4084 Gerbes
997 1558 2715 1798 vernere und 4 exammation den 17. decembr 1688
1039 1696 2682 1917 durch mecht Müller, Iren Großen, vnd Ir
901 1825 2181 2015 Haubtman Hans Rud von Erlach
1120 1959 2361 2193 Erstlich wider Johanns Kiegler
1408 2095 1854 2275 den Pfister.
884 2207 2675 2431 Diser wolte vber den hieuor bekendten Späck.
973 2356 2623 2498 und tuch diebstal mit weiters bekennen,
966 2462 2688 2659 Wederzeigt noch dises ahn, Als er vndt der
1001 2583 2615 2759 Schilplin nach in der anderen koffi gewesen,
974 2685 2655 2879 habe er gsechen, daß als die beide Hüpschen
981 2802 2566 2979 und schultenecht anget dem Bären-graben
992 2911 2656 3095 gestanden, er schilpli ihnen mit dem finger
1013 3023 2554 3141 troüwt, was er aber darmit gemeint,
991 3119 2724 3312 möge er nit wüßen, weder daß er schuldi
994 3217 2564 3409 ihme darüber gsagt, sie habent uff ein
996 3318 2588 3514 zeit ein käß bei 40 lb schwär, in sein
954 3441 2620 3616 Huechers Haus miteinanderen genoßen,
969 3553 2629 3749 wo sie ihre aber genommen, seye ihme vn¬
993 3651 1304 3846 berricht.
990 3754 2641 3949 Item verschinner tagen, habe Margreth Gerber,
1017 3904 2594 4073 ihme ein hammen bracht, so er uß ihrem ge
989 4011 2569 4190 heiß dem schileli, durch ver großen knecht
1009 4113 2599 4279 überschickt, in welcheren ein zedeli undt
1005 4217 2582 4408 seines behalts also gescheiben gewesen,
992 4323 2521 4524 Sie Marg Gerber seye deßelben tags by
994 4430 2561 4624 Sammel Gerber sin und ab ihme vermahnt,
1000 4531 2643 4714 daß er sich fort mache, woruff er uff die
1006 4636 2586 4798 sensten zugangen. Werners wann
1010 4728 2676 4909 er schilli etwas mangle, soll ers ihro
993 4847 2519 5032 kendt thun, so woll sie es ihme schicken
972 4941 2618 5153 Im übrigen w��e er sich keines anderen
967 5057 1432 5249 zuuerkommen.
906 5370 2676 5630 Obigen tags ist zugleich gedachter Schuldi
972 5528 2716 5736 durch wolermelte herren im strecken thuen,
972 5658 2687 5853 bei bethrouw und weisung der marter
962 5771 2668 5977 noch in vernerem Exammiert, Jedoch In
954 5877 2616 6036 ansehung seines handtwercks der Marter
962 5998 2278 6162 verschonet und überhept worden.
917 6093 2612 6353 Der hat zwar deß hinder ihme gefundere
929 6250 2522 6468 segneren und teüffels genst-brühlins
2328 6347 2665 6545 selbiges
4506 1566 4706 1698 223.
3010 1588 4631 1814 selbiges kinder ihme gehabt zu haben, an¬
3063 1699 4655 1925 fencklich starck gelaugnet, hernach aber
3063 1844 4606 2078 durch aufweisung deßelben, vberwisen
3079 2010 3441 2128 worden.
3069 2136 4642 2393 Was den hieuor anzognen zedel, so ihme durch
3084 2281 4757 2454 Margreth Gerber sambt der hammen uber
3083 2391 4733 2610 schickt worden, betreffen, habe er denselbigen
3107 2532 4798 2716 nachdem er ihne glesen, angen herrißen,
3090 2621 4753 2842 und weggeworffen, seye seines behalts
3108 2749 4675 2932 darum mit anders gestanden, weder
3113 2863 4786 3064 daß, wann er etwas mangle, sie ihres
3121 2968 4776 3208 schicken wolle, vnd sie habe vernommen, sein
3118 3090 4787 3308 sach vor uff gutem wegen, also daß er nit
3099 3217 4395 3383 an die Strecken komen werde.
3046 3441 4796 3707 In Wernerem hate er nichts, weder was
3089 3587 4712 3813 er hieuor angezeigt, bekennen wollen.
3296 3923 3910 4117 Information.
3027 4137 4826 4390 In grundtlicher Erforsch vnd Entdeckung
3115 4323 4835 4476 der hieuor angegebnen Argwangen kas
3087 4433 4867 4628 ancken. Wein dieben etc. Dindt, aus mal
3134 4578 4827 4763 vnd Oberen beuelch, volgende Personen
3101 4722 4844 4908 In bywesen mehr rahts zu Müllers
3126 4825 4826 5025 und Großer von Luternauw, in ihrem
3089 4975 4241 5169 bericht vernommen worden.
3268 5144 4456 5386 Deß ersten wegen dauidt
3385 5303 4559 5496 Scheltknechts des Studenten.
3027 5434 4762 5665 Hr Frantz Ludwig Cassens, Er dann Jender
3128 5548 4814 5754 frauwenbrunnen schreiben und hr. Gabriel
3104 5665 4848 5863 Zechender bey deme er Schiltknecht hieuor
3134 5787 4846 6006 vngenehrlich ein Jahr lang zu Tisch gangen,
3108 5877 4816 6114 bezeugent, daß allweil sich diser schulth
3132 5993 4784 6242 bey ihnen in irer nachtbareht aufgehalten, sie
3131 6096 4827 6358 nichts dergleichen, wie er im verdacht von ihme gseinen
3139 6262 3974 6454 oder ghört habind.
