5472 7296
707 1476 868 1620 14
1268 1493 2538 1699 Vnd als eines Zinstags der Amman
1233 1613 2509 1833 zu hofen, Ime by der gsellschafft
1261 1697 2499 1912 zu schützen alhie angezeigt, daß
1263 1797 2585 2023 vil fröndes volck komme, habe er sich
1254 1922 2544 2101 daruff Ilendts nacher hauß begeben,
1245 1976 2581 2199 vnd daselbsten vnderetlichen ein vmb
1257 2102 2545 2287 frag gehalten, vnd damahlen rathen
1252 2195 2545 2387 helffen, daß man alsbald stürmen
1267 2282 2590 2435 sölle, wie dan geschechen. Nachdem
1240 2383 2572 2544 nun das Volck sich alda versamlet hatte
1250 2486 2514 2647 seye er mit dem halben theill deßelben
1264 2593 2533 2725 nacher Gummenen, sein bruder der
1255 2690 2460 2822 Weibel aber mit dem übrigen halben
1274 2780 2460 2927 theill in Thiergarten gezogen, umb
1276 2866 2517 3006 zusuchen, wie die sachen beschaffen,
1268 2947 2545 3100 und weithers fürzunemmen, und
1259 3047 2547 3202 als er dahin kommen, habe Hans Mad
1251 3137 2540 3282 vnd andere an Ime begert obschon
1239 3231 2541 3378 die brugg daselbst bereits verwahrt
1249 3304 2601 3476 gewesen) einmahl mit seinen völikeren
1227 3414 2568 3588 zuhalten, so geschech, Morndes aber
1244 3506 2591 3671 sye er mit disen einen Vilckeren ab¬
1260 3606 2528 3760 und durch Mülithal Arberg nechst
1274 3692 2532 3833 vorbei mit offentlichen trumen.
1239 3790 2528 3905 schlag nacher hauß getagt, seine bei sich
1369 3861 2559 3949 habende völcken aber im Thierharten gelaßen.
1258 3935 2516 4051 Nach disem habe er sich in Thier garten
1235 3994 2425 4139 zu seinem bruder, vnd volgents
1259 4083 2527 4218 Zum Lewenberg gan Ostermundig,
1258 4170 2425 4323 alwo sich der friden machen sölle
1249 4269 2559 4420 begeben und in zwüschen seinem bruder
1214 4354 2545 4521 dem weibel befelch hinderlaßen, Im
1242 4465 2524 4630 Thiergarten mit den völckeren uff
1230 4550 2329 4714 verneren seinen bescheid zuhalten
1229 4634 2501 4803 Mit dem Lewenberger aber habe
1245 4730 2506 4897 er nit reden können, sondern Ime
1224 4828 2596 4998 allein ein zedelin ingehendiget, sölches
1213 4909 2548 5078 ir g herren schultheißen dochselhofer
1190 4994 2564 5176 zuuberlifferen, so er doch nit gethan.
985 5178 2610 5423 Denne müße er bekennen, Imme in wüßen
1199 5348 2540 5508 gewesen sein, daß die In Arberg
1205 5440 2489 5589 gelegne völcker seiner oberkeit
1190 5539 2302 5706 habent zu hilff ziech wöllen.
4587 1433 4774 1578 15.
3372 1529 4779 1780 Er habe auch sr hauptman Abraham
3419 1684 4752 1859 von Erlach in Arbergentbotten, nit
3413 1766 4791 1959 iher im Thiergarten abzuziechen, biß
3426 1886 4766 2045 die Newenburger auch von Arberg
3433 1987 4754 2166 widerumb zuruck nach hauß Jogen
3425 2075 3626 2236 seyen.
3722 2181 3802 2253 l
3782 2241 3842 2345 .
3409 2256 4726 2477 und als den hr. decan zu Schüpffen
3416 2400 4710 2566 Inne zum gschorsam gegen seiner g
3410 2502 4734 2668 Oberkeit gemahnt, habe er imme zur
3430 2603 4747 2771 antwort geben, Ja der gerechten
3401 2707 4685 2864 Oberkeit, vnd deren so von Gott
3446 2789 4750 2939 eingefuhrletzt, hiemit syn oberkeit
3438 2881 4759 3046 für ein ungerechte oberkeit gehalten.
3445 3024 4775 3237 etstlichen ist er bekantlich als durch
3439 3159 4705 3324 mherren deckelm von Werdt, die
3406 3268 4760 3409 huldigung zu Seedorff in der kirchen
3449 3370 4677 3512 vfgenommen worden, daß er sich
3429 3455 4645 3618 kümerlich dahin verstehen können,
3412 3545 4812 3718 Vnd da der freyweibel von Ratolfing
3440 3653 4805 3823 nach der huldigung imme uß in gut
3421 3751 4737 3926 befelch angekundt, zuuerschaffen,
3410 3854 4707 4003 daß man zu schupffen, daß in dem
3411 3933 4819 4114 starcken uff den morndrigen tag hargele
3432 4042 4811 4213 vnd nacher Bern schicken sölle, habe
3433 4140 4782 4312 er uß angst und erschrocknem hertzen
3434 4244 4813 4412 sich geweigeret, vnd darbei gesagt,
3436 4362 4792 4525 daß man sölches in der Versamlung
3424 4439 4808 4616 hette anzeigen söllen, dan wo solches
3443 4550 4748 4701 geschecht, er nit gehuldiget hette.
3444 4612 4840 4775 wie er dan hiemit nit wölle gschuldiget haben
3451 4702 4833 4862 Weiniger auch seye es nit, dan daß er
3451 4799 4806 4964 anfangs abgewehrt vnd gehinderet,
3430 4894 4791 5056 die begerten Pferd zugeben, sye aber
3426 4994 4840 5160 vß der Vrsach geschechen, weylen man
3426 5074 4864 5254 Ins gemein gesagt, die sach werde
3447 5159 4840 5340 hierdurch nit gut, aber wol bösers
3481 5272 4808 5430 werden, jedoch habe er drüber
3428 5352 4870 5534 selbst ein Spfend nach der gemachten
3449 5446 4873 5650 abtheillung geben, welches zu spat kommen
3250 5640 4872 5817 Adan er wüße wol wie er den Eid gethan,
3400 5755 4732 5935 namlich zum friden, Nun seye das
3452 5830 4785 6035 ein schlechter friden, was man erst
3420 5925 4734 6125 Jetz roß zu den stuck geben müße.
4229 6305 4294 6431 8
