5472 7296
692 1420 858 1568 86
1110 1486 2434 1719 und daselbst den Müller und Geiß
1108 1633 2473 1826 berger von Reinigen (denen die wacht
1139 1733 2445 1922 mit dem underen ambt zuuersechen
1120 1848 2470 2055 von herren obervogt ernamen der
1100 1945 2377 2170 gnedigen oberkeit anbefelchen gsein.
1129 2052 2470 2230 antroffen, wie auch den undervogt
1116 2165 2459 2364 von Villigen Rudi Marcei wirtshus
1114 2278 2439 2475 und andere mehr, da habe er synen
1103 2374 2409 2635 ushägeren, die wehr abgelegen befolgen,
1117 2515 2470 2691 und die anderen angeredt, er seye von
1098 2611 2378 2829 oberen ambt daher geordnet, die
1114 2744 2391 2934 wacht zuuersechen, wan sy eine nun
1126 2866 2422 3040 wöllen annemmen mit heil, wo nit
1133 2941 2402 3133 wolle er den weg züchen, wo er hür
1134 3056 2454 3274 kommen, daruf sy imme mit handtrechen
1139 3179 2462 3353 mug und allein guten willen angenommen,
1133 3278 2426 3468 und angezeigt, seyen fro, daß er kommen
1120 3380 2458 3605 seye und angentz habendt, sy zuglychen
1149 3500 2412 3669 die wächten mit einanderen angesetzen,
1137 3609 2410 3803 und forthan mit einanderen besetzt
1120 3701 2401 3886 und obwan 50 mann von Lentzburg
1120 3829 2400 3994 wid er Rudi Kübel zu ihnen
1121 3955 2419 4125 kommen, habendt sy dieselben nit annemmen
1134 4031 2386 4244 wellen, sonder stracks fort müeßen,
1107 4150 2398 4353 und segen bim Brugger Schachen
1140 4278 2347 4443 nit vogt Ambslers sohn wider
1112 4361 2474 4573 Über das waßer gefahren uf Windisch
1086 4528 1244 4684 zu¬
1053 4612 2416 4789 Er wüße auch nit von dem anschlag
1100 4722 2389 4911 von der Sollothurnern, daß dieselben
1102 4817 2429 5005 das Ambt zu erschrecken und den
1097 4935 2433 5116 jahr zu stilli zu bewachen beschickt.
1118 5060 2354 5232 worden und schon zu Bibersten
1106 5161 2355 5355 200 starck angekommen gsin. Auch
1109 5285 2417 5460 von keinen anschlag wider Bruggen
1113 5379 2365 5580 wüßte er, daß dan von still
1083 5459 2436 5692 Ihren E. zum hochstraß er fur
1107 5645 2468 5830 mettligen geschickt worden, zuer
1103 5743 2516 5950 kundigen, hab er sölches nit entzich
1087 5856 2337 6050 gethan, sonder mit ma
2618 1692 3104 1884 was sy bein hoch
2622 1802 3140 1973 waßer verwillet,
2630 1904 3153 2062 wil er nit bekennen.
2722 3727 2972 3915 Anste
4438 1431 4615 1598 87
4048 1489 4142 1615 .
3135 1555 4408 1764 Der müller und Geißberger von
3197 1685 4596 1878 Reinigen, Hanß Hirt und Heinrich Finster,
3227 1794 4421 1946 wald, all us dem underen ambt.
3189 1971 4653 2183 Das er dan für Melligen kommen, sye solches
3200 2106 4690 2285 uß befelch deß statthalters von Schintznacht
3183 2212 4691 2382 beschechen, dan da ein pott vom Jahr daher
3203 2337 4684 2474 kommen, das Belde zieche einet dem waßer
3176 2406 4579 2588 himb kommen und begerdt zu wüßen, ob
3195 2527 4652 2712 sy nit auch volcke sicken wellendt, Seye
3200 2622 4658 2817 er zum statthalter gangen und gfragt,
3171 2743 4643 2920 dier inne dan gheißen mit ettwan sechs
3199 2858 4682 3019 oder mehr dahin zu ziechen zu sechen, wie gangen
3155 2945 4641 3140 daruf er selbst gechen von Schintznacht
3196 3070 4372 3250 und geldten heimber gangen,
3108 3262 4686 3491 Briefen dan habe Er keine an, Jemandt
3204 3409 4614 3581 weder geschriben, nach ze schryben befolche
3155 3517 4664 3707 setent ein auch keine von einichen orten,
3146 3638 4649 3829 zu kommen, war sy aber empfangen
3184 3759 4669 3922 konte vogt Ambstler beßer bericht
3203 3835 4713 4065 geben, dan er alß der da der gmeindt
3147 3998 4686 4165 zwen zeigt, auch einen von Arbung ein¬
3154 4114 3590 4298 pfangen.
3020 4235 4693 4456 Warumb er aber ustredten, Landts flüchtig
3186 4381 4705 4568 worden und bißhar uber alle citation
3160 4485 4673 4665 und zu bekantnuß am rechten ußbliben,
3118 4617 4689 4829 Seye die Ursach, daß er von einem
3178 4691 4662 4922 von Oberflachs zu Anwenstein an
3170 4831 4678 5060 fahr gewarnet, man stelle nach im
3142 4956 4708 5148 darumb von Langenthal Brief ankommen.
3126 5085 4682 5302 deßwegen er dieselbe nacht ußert
3114 5189 4668 5418 dem hus im Waldt ob schnitznacht
3150 5299 4649 5538 verharret und morgens früey von
3161 5416 4722 5672 synem knecht bscheid und bricht empfange
3109 5592 4703 5786 daß syn hus mit 30 oder 40 mannen
3141 5666 4742 5898 umbstelt und wo er daheimen gsein gfangen
3173 5821 4724 6014 worden were, darumb er sich nach
