5472 7296
507 1536 684 1701 34.
817 5298 1015 5432 mit sich
1048 1541 2345 1776 Pöffel, in mercklicher anzahl besucht
1065 1646 2323 1842 vnd von daselbst uß Ir g vntlen
1070 1745 2321 1972 gewesnen Herren Ehrengesandten
1069 1851 2314 2068 hefftig begert worden, das zum
1080 1957 2340 2159 gütlichen vergleich bestimpte orth
1081 2043 2337 2239 Wyningen, oder andere als höch¬
1059 2146 2271 2335 stetten, Münstingen, worb oder
970 2266 2242 2458 Langenthal zu besuchen, sonder
1060 2355 2249 2578 habent sy sich dahin nit verstehen,
1045 2454 2242 2639 dondern ein runde antwort über
1047 2547 2324 2747 Ire klegten zu Huttwyl haben wöllen,
1082 2645 2203 2840 Vnd sye nit minder dan daß sy
1051 2761 2291 2952 damahlen die H. Ehrengesandten by
1065 2874 2285 3060 5. stunden, ehe sy dieselbigen by der
1024 2976 2303 3141 landtsgmeind angehört ufgehalten,
1053 3091 2203 3258 Inzwüschen aber Iren nunmehr
1030 3182 2279 3329 verbriefften nüwen vfgerichten
1080 3262 2367 3423 bößen vnnd ernüweret, bestättiget,
1084 3375 2273 3518 mit den Zweÿen darinn vermelten
1088 3462 2286 3599 letsten articklen vermehret, vnd
1084 3543 2242 3718 mit einem solemnisch gethanen eid
1078 3659 2309 3819 wol bekrefftiget, auch die Jenigen
1065 3761 2293 3906 so nit darzu schweren wöllen, vn
1061 3817 2325 3992 dem ring gemahnt vnd verschaffet
1051 3938 2254 4115 Wy welicher gantzen action Er¬
1095 4044 2312 4201 als nun mehr von mennigklichen
1071 4133 2295 4286 gehaltner Obman, abermahlen vff
1073 4231 2270 4367 dem tisch die red geführt, und dem
1071 4317 2302 4461 Volck den Eid zum Bund, mit gelehrt
1083 4414 2323 4571 gwüßens berürenden träffen worten.
1086 4520 1601 4667 vorgesprochen
1060 4613 2309 4803 und wylen man domahlen des orths
1063 4746 2285 4895 sich nit hatt können verglychen, syen
1072 4837 2251 4988 echl. Ehrengesandten widerumb
1070 4933 2269 5078 vngeschaffter sach, vnd ohne Verners
1079 5019 2272 5181 Verwylen von Hüttergl uff Wyningen
1031 5119 2296 5274 zugereist, da Inzwischen Er
1074 5209 2287 5367 vnderschidenliche Schreiben den ußge
1071 5306 2192 5449 hoßnen widerumb nacher zu tragen
1053 5387 2272 5548 vertheilt, des Innhalts, wie
1076 5472 2300 5638 von mehren ehrengesandten, das orth
1026 5566 2396 5719 Huttwyl zum accordieren nit ange¬
1076 5669 2385 5830 nommen, deßwegen die Landschafften
1037 5749 2356 5940 Lucern, Solothurn und Basel ergow,
1034 5866 2350 6027 Emmmenthal landt und freye gricht
4426 1440 4581 1572 35.
3164 1532 4540 1735 vnd Mitthafften, nochmahlen einen hochl
3165 1636 4609 1812 thuren Eid zusamen geschworen, einanderen
3168 1722 4517 1921 mit lyb ehr gutt und blut byzustahn etc.
3145 1819 4496 1993 Hiemit Ir der gmeinden Schlußen ver¬
3142 1915 4537 2087 wartende. Vnderschriben Niclauß
3142 2018 4091 2154 Lewenberger als obman.
3120 2111 4564 2318 Item einanders, an die zu Huttwyl ge¬
3184 2253 4569 2405 wesne H. Ehren deputirte, wie sy das
3178 2339 4538 2487 orth Langenthal, zum Vergleich ange¬
3172 2429 4523 2583 genommen und den herren ehrengesanden, den
3169 2516 4588 2679 6. mar daselbsten zu erscheinen bestunt haben
4494 2662 4569 2716 .
3190 2619 4499 2768 wöllent, dofehr, daß man Inen der
3142 2709 4585 2829 landtlüthen mit demüttigem reden und
3191 2800 4492 2934 nit mit sichen begegnen, damit die
4477 2902 4537 2986 .
3123 2885 4474 3020 landtluth nit etwan in zorn gerathe
3191 2962 4565 3118 möchten, vnd daß die action vnderen
3165 3065 4253 3211 heiteren himmel geschechen sölle.
3169 3114 4573 3293 Datum vß Irer Versamlung Huttigk
3194 3248 4494 3404 5. maii 1613 underschriben, ein gantze
3195 3314 4551 3513 Versamlung Iren Bundtz. Niclauß
3134 3448 3985 3597 Lewenberger Obman.
3181 3605 4552 3812 Und als er mit den ußgeschoßnen von
3186 3750 4528 3929 Huttwyl nacher Langenthal kommen,
3199 3867 4663 4009 hab nit sy sich alsbalden uff das veld begeben
3225 3935 4578 4062 vnd den H. Ehrengesandten erwartet,
3225 4015 4685 4211 seyen aber selbigen tags zwar oben ins dorff
3208 4130 4616 4308 uß ursachen aber, daß man iren Wirth
3205 4212 4597 4406 Hel. Wild vnd andere an der Oberkeit
3243 4327 4591 4496 trer geblibne meiner, wider das
3216 4418 4588 4599 durch den offentlichen Cramenschlag
3233 4516 4630 4706 versprochne sichere Gleit gefangen
3203 4585 4601 4822 genommen, nit vollkommen ins dorff
3167 4709 4568 4932 Langenthal, sondern widerumb
3222 4797 4651 5019 zuruck vff wyning geritten, deß¬
3224 4947 4599 5129 wegen Ihr volgendes schreiben den
3220 5020 4542 5244 Herrn Ehrengesandten nachgeschickt
3217 5145 4578 5371 dy seyen der Hoffnung gewesen, Es
3234 5224 4617 5423 wird nit die Hn Rathsgesandte, vff
3217 5357 4644 5572 hutt zu Langenthal, Inen mit guttem
3226 5429 4670 5677 bscheid begegnet sein, wie nit aber mit
3249 5515 4650 5770 hochstein bedawren vernemen, daß
3229 5611 4694 5891 sey Vnuerrichter sachen widerumb fort¬
3667 5734 4635 5949 Deßwegen nochmahlen
3243 5817 3673 6004 gereiset,
2817 5895 4633 6145 auch andere so nit nichten underthanen gewesen abgeschaffent
