5472 7296
775 1460 982 1623 192
1278 1471 2192 1778 Barbli Stöckli
1141 1790 2684 1987 Es wirt uff diser welt nichts verbracht,
1201 1917 2656 2101 dass dem allwüssenden Gott verborgen
1205 2011 2540 2185 und der dasselbige zuo seiner zeit nicht
1182 2100 2640 2295 offenbare, dan obschon die mentschen
1204 2195 2644 2376 offt vermeinen, dass ire heimlich begangne
1195 2286 2591 2481 sünden inen nichts schaden, inbesonderheit
1187 2366 2622 2559 wan dieselbigen in etwas zeits ver¬
1186 2489 2588 2662 graben und dem menschen verborgen sind,
1107 2584 2555 2771 so offenbaret doch der gerechte Gott
1177 2704 2537 2883 soliches alles zuo seiner zeit, offt zuo
1170 2799 2557 2934 dem end, damit das übel und die
1170 2909 2605 3089 grewlichen laster und missethaten von
1171 2978 2573 3151 der hochen oberkeit, die desswegen
1183 3071 2532 3273 eingesetzt, hie zeitlichen gestrafft,
1191 3175 2525 3349 auch uff dass der sündige mentsch
1167 3276 2544 3446 berewend uss diser welt absterben
1188 3368 2571 3528 und in erkantnuss seiner sünden dem
1184 3481 2558 3630 ewigen tod entrünnen möge, dessen
1183 3560 2532 3721 wir underschidenliche biblische und
1167 3669 2516 3801 polytische bekante exempel haben
1199 3764 2467 3913 und bezüget dasselbige auch die
1194 3840 2475 4010 tägliche erfahrung, inbesonderheit
1176 3938 2552 4105 aber die bekantnuss gegenwürtiger
1163 4034 2585 4210 Barbli Stöckli von Laupen, dan
1190 4134 2591 4282 nachdem dieselbige uss gwüssem anlass
1187 4225 2404 4382 in verdacht gefallen, ob solte sy vor
1169 4297 2508 4449 einem jar und zuo der zeit alss sy alhie
1184 4367 2470 4568 uff einer ehrenden gesellschafft zuo
1128 4497 2627 4635 Kaufflüthen gedienet schwanger gewesen
1126 4572 2575 4685 sein und ir tragende leibs frucht ver¬
1177 4653 2512 4807 derbt haben, ist selbige anfengklich in
1120 4738 2587 4908 die corgrichtliche, volgents aber und uff
1148 4838 2552 4989 nit gnuogsam scheinende bekantnuss der
1162 4926 2655 5087 that in die obere gfangenschafft gesetzt
1164 5010 2623 5167 und uss ir gnd. befelch den 29. martii
1142 5104 2603 5260 und 3. aprilis 1655. durch den hochge¬
1161 5208 2643 5372 achten, edlen, ehrenuesten, frommen, fürnemmen,
1137 5289 2644 5461 fürsichtigen und wyssen herren hrrn. Niclaus
1094 5383 2582 5544 Lombach des kleinen und jr. Fridenrich
1158 5469 2602 5603 von Luternow grossweibel und des
1151 5542 2669 5722 grossen raths der statt Bern ernstwörtig
1080 5646 2500 5798 examinirt worden und wiewolen sy
1148 5750 2534 5891 anfangs nit bekennen wolte schwanger
1147 5804 2555 5970 gewesen zuo sein, vil weniger einich kind
1164 5918 2573 6070 verderbt zuo haben, hatt sy jedoch
2772 2063 3280 2239 Hs. Rud. von Graffen.
2842 2654 3172 2804 # abermahlen
4539 1557 4747 1712 193.
3317 1595 4728 1834 entlichen by und an der marter verjechen
3330 1713 3782 1860 und erhalten,
3783 1739 4724 1939 wie kurtzlich volget.
3288 1827 4719 2033 Es sye albereit etlich jahr, dass sy sich zum
3328 1966 4743 2137 ersten mahl zuo Aelen, alwo sy by jr. guber¬
3358 2057 4630 2179 natoren von Luthernow gedienet, mit
3316 2148 4678 2297 Michel Schmid einem dienstknecht leider
3311 2218 4642 2378 fleischlichen vergessen und dannenhar so
3329 2311 4698 2472 viel gmeinschafft mit ime gemacht, dass als
3317 2392 4648 2535 gedachter Schmid sy umb Jacobi 1653.
3315 2493 4736 2625 by hen. zügherren Lerbers stall alhie ange¬
3291 2569 4722 2722 troffen und ira die unzucht angemuothet, habe
3325 2656 4648 2810 sy sich seines bösen willens # ergeben,
3340 2733 4730 2883 darvon sy dan schwanger worden, auch
3325 2828 4711 2974 volgents gespürt, dass sy nit ledigen leibs
3324 2918 4704 3074 und nachdem die zeit irer genist (so ge¬
3339 3025 4751 3174 wesen verschinen meyens 1654.) herzuoge¬
3324 3105 4759 3243 ruckt und etliche kindts wehe empfunden,
3320 3162 4802 3335 sye sy zu Kaufflüthen (alwo sy gedienet)
3327 3254 4700 3418 uff die lauben und reverenter zum
3342 3352 4742 3492 3ten mahl über das heimlich gmach
3323 3422 4744 3609 gangen biss entlichen das kind sampt
3320 3517 4849 3675 der nachgeburt von ira hinab in ehegraben
3327 3589 4731 3769 geschossen, alsso dass sy bekennen muesse
3343 3675 4776 3819 auch in irer gewüssne überzeüget stande,
3326 3767 4817 3931 dass sy leider dise ire leibs frucht, welche
3311 3854 4876 4002 sich vor und in der genisst lebendig erzeigt,
3329 3937 4872 4126 auch an dem köpffli und einten ächseli griffen
3327 4031 4820 4187 und wahrgenommen, dass es ein kind sye,
3343 4125 4713 4274 vorsetzlich und muothwilliger weiss
3344 4214 4701 4381 verderbt und umbgebracht habe.
3314 4377 4730 4557 Uff welche so unmentschliche mehr dan
3333 4474 4700 4610 vychische grausamme handlung meine gen. hen.
3322 4521 4656 4719 räth und burger bei irem eid zuo recht
3344 4622 4706 4781 erkent und gesprochen, dass ernante
3317 4724 4712 4859 Barbli Stöckli (neben befelchung der
3331 4789 4593 4951 seelen Gott irem Schöpffer) dem
3335 4822 4664 5033 nachrichter übergeben werde, der sy
3351 4977 4684 5105 obenuss an gewonliche richtstatt fuehren,
3355 5050 4552 5193 ira daselbsten das haupt abschlagen
3372 5133 4680 5270 und alsso vom leben zum tod nach dem
3320 5194 4752 5342 keisserlichen und diser loblichen statt Bern
3370 5285 4159 5426 rechten hinrichten sölle.
3323 5365 4507 5542 Exequiert 21. aprilis 1655.
