5472 7296
697 1456 912 1572 224.
829 1603 2647 1814 M. Peter Engelhardt, vnd Wolffgang Insti Zeugent
997 1725 2644 1881 beid, wie die nechst vorgemelten, Allein vmb
957 1823 2548 2026 sonl weiter, daß sie vff ein Zeit gerechen,
981 1952 2578 2140 daß er einem geweßen Schneiderknecht
997 2067 2609 2253 seinen guth genomen, welcher ihme aber
989 2187 2603 2371 alsobaldt widerumb zugestelt worden
975 2314 2522 2456 seye. Im übrigen wüße gedachter
1004 2387 2631 2567 Engelhart wol, daß der jung Hüpscher¬
997 2494 2575 2686 und Jacob Maser, jederweilen sein schilt
989 2613 2592 2774 knechts gspanen gsin, vnnd mit einanderen
982 2727 2549 2900 confersiert, von ihren verubten thaten aber
987 2835 1885 3014 wüße er mit zezügen.
854 3080 2656 3241 Sammel Schellhamer, zeigt ahn, wüße auch mit
993 3199 2432 3389 thätliches von ihme schiltknecht zu sagen,
995 3318 2518 3486 weder daß er sein schulgsell gsin, vndt
1012 3422 2529 3601 manchmal gehört, daß er mit dergleichen
992 3518 2557 3689 handlen umbgahn und derenthalb im gschrey
1014 3619 2560 3797 und bösem verdacht sein solle, daß er
1006 3723 2584 3898 aber etwas dergleichen von thur gsehen
2569 3799 2631 3897 11
1001 3816 2640 3961 oder gehört, könne er nit zeugen, weder
984 3927 2566 4104 daß er Jederzeit außschweiffendt
979 4015 2597 4212 gsin, vnd sich nächtlicher weil geesseret
1006 4139 1223 4271 habe.
909 4299 2624 4533 Michel miehr vermeldet, er habe dißen schilt
988 4460 2570 4630 knecht gar vilmalen nächtlicher weil, vndt
952 4578 2563 4755 zu ungewohnter zeit, sonderlich uff ein zeit
967 4684 2541 4867 da er Patrolia gangen, vff der gassen
984 4804 2589 4986 angetroffen, da er ihne allemalen heimge¬
991 4918 2531 5085 mahnt, vnnd darumb beschalten, wie auch
968 4997 2625 5184 volgents vor etwas Zeits, vff genugsam
954 5125 2628 5305 gegebnen anlaß, Hand an ihne gelegt vndt
967 5235 2647 5420 denselben gebrugket, dannenhero er einen
2415 5339 2482 5463 3
931 5342 2419 5516 haß an ihne gezeugen geworffen habe
920 5431 2556 5658 Item, so habe er ihne zu vnderschiedenlich
951 5525 2643 5758 malen gsehen, in des Stantzen Werckstatt
962 5647 2606 5847 zwar in deßelben abwesen) mit machung
960 5756 2587 5966 faltscher Schlußlen vmbgahn, vnd sobaldt
966 5888 2634 6063 er Stantz als der meister darzu kommen
930 5999 2510 6185 Seye er allwegen in des Kachelhofers
937 6100 2582 6309 werckstatt gangen, und sein sach daselbst
937 6203 2678 6411 bericht, was er aber mit den schlüßlen gmacht,
963 6331 2607 6517 oder worzu er sie gebrucht, könne er nit weßen.
2301 6452 2528 6630 Marx
2482 6558 2526 6659 d
2828 6189 2921 6298 9.
4521 1582 4707 1718 225.
2951 1590 4665 1843 Marx Balthardt, Peter Meyer, Hans Jacob
3042 1743 4604 1926 krumb, zeigendt ahn, sie wüßent nit
3083 1844 4639 2064 von ihme schultknecht, dergleichen uff ihne
3057 1956 4656 2197 geklagten unehrbarer sachen halb gesetzen
3083 2086 4351 2281 oder gehört zu haben, gezeugen.
3216 2493 4481 2720 Dennie und furs ander, Jacob
3339 2651 4422 2848 Hüpscher den schärer be
3629 2788 4094 2926 bangendt.
3042 2857 4672 3072 Zeuget hr. Camel Lerber, der Siechen- Schreiber,
3112 3000 4762 3169 der geklagten diebstälen halb, seye ihme seinet
3104 3103 4760 3271 wegen nichts Inweßen, weder daß vilmalen
3107 3216 4712 3380 in seinem Haūs, so wol nachts als tags, Zū
3094 3296 4788 3494 vngewohnter Zeit, ein nouestes Lebietentend
4470 3400 4567 3490 alß
3091 3403 4722 3600 geschrey gespürt unnd verfüert werde, daß
3108 3507 4677 3653 meinigklich, so selbiges gehört, sich darab
3095 3629 4734 3803 ärgeren, vnnd ein großes mißfallen haben
3098 3745 4806 3913 müeßen: Item, daß er einen böten ge¬
3106 3831 4834 3996 zug habe, wie er dann nit mir den Sammel
3093 3937 4751 4107 Gerber zum Zeiten, sonder auch der Schiltk
3086 4032 4773 4218 gar vilmalen, ja vast täglich gsehen
3091 4138 4777 4333 bei thür, sowol tags als nachts, auß¬
3113 4243 4819 4435 vnd eingehen, vnd daselbst miteinander sprach
3105 4353 4815 4526 gehalten, Item, so seye auch mertürcklichem
3122 4462 4830 4650 der enden selbiger Nachparschafft bekandt,
3102 4569 4773 4740 Wie vngeburlich, vnd vnleiderlich er mit
3101 4667 4850 4861 seiner leiblichen mutter zum Zeiten vmbgange
3113 4793 4824 4985 vnd wie schrod vnd leichtfertig er dieselbig
3101 4908 4843 5096 halte vnd tractiere, also daß meinigklich
3102 5012 4590 5218 darob ein großes mißfallen trage.
3093 5230 4672 5461 Gabriel Herr Hieromanus Holzrüthi
3108 5423 4817 5577 Dauel Heiman, Ulrich Greiff, vnd Jacob
3114 5507 4775 5702 Schmutzigen, Studentenn Im Closter, be¬
3129 5612 4787 5823 Zeugendt vast einhellig, vnd in einer sub¬
3113 5732 4802 5934 stantz dahin, daß, wann sie zu dem Sup¬
3138 5816 4755 6033 scher in die schärstaben kommen, umb sich by
3117 5914 4801 6138 ihur raßieren zu laßen oder anders bei ihme
3143 6013 4809 6247 zu thun gehabt, sie vast allemahl gedachten
3141 6102 4665 6334 schilte, wie auch uff einzeit luth deß
3152 6190 4738 6457 Durren außsag den Samuel Gerber, bei
4546 6300 4762 6421 ihnen
