5472 7296
537 1428 705 1546 112.
887 1413 2249 1590 Deren d einte der Innhalt des fulen
937 1539 2310 1699 Mundts gewesen, Im anderen seye gestandt
950 1641 2286 1779 ob sy die im Schenckenberg ampt) es mit
936 1736 2235 1874 des bawren halten wöll nit oder nit,
941 1797 2257 1951 welche brieffen das von den Vndervögten
933 1860 2353 2061 zu Schintznach, Velthein und Thalen, Inen
974 1972 2252 2144 abgenommen, durch den Schulmeister
952 2050 2382 2233 zu bemeltem Schintznach abgelesen, Inen aber
962 2138 2058 2334 daruf kein antwort erfolget.
858 2287 2377 2488 Item habe er sich mit übrigen seinen Gmeindts
962 2401 2323 2581 gnoßen zu entfelden, in undervogt Schälis
951 2490 2299 2662 Hauß verpflichtet, daß sy all ein mann
946 2612 1403 2768 sein wöllent.
936 2706 2283 2903 Als uff ein zeit Heini Wey von Lupffig
943 2849 2272 2988 im Ampt eigen, zu Inen In Ir Täger kommen,
974 2926 2325 3061 und bei im jahren und anderen umb volck
967 3015 2212 3176 angehalten, mit vernerem vermelden,
958 3085 2240 3259 Wo fehrn man irem Lendli nit zu hilff
977 3187 2239 3330 komme, es darumb geschech, sye er
974 3284 2314 3424 und der Sproß mit dem eint ang, von
968 3381 2264 3539 Hans Hochstraßer vnd hieronio von
979 3477 2340 3629 Suhr Irem Hauptman, hieruff befelchnet
1002 3556 2386 3718 worden, sich ins schloß Brunegg zu begeben.
984 3670 2368 3809 vmb von dannen zu sech, wohin vnd ob die
974 3748 2347 3924 Eidtgnosischen völcker ins ampt eigen
975 3847 2416 3970 oder ob sich gegen Lentzburg Ziechen werdent
992 3944 2415 4072 welches sy verrichtet, vnd dem wächter
959 4021 2352 4186 vff Barniegg befolchen, fleißige wacht
982 4117 2260 4281 zuhalten, das er ordenlich von der
951 4210 2341 4370 Graffschafft werde belohnet werden, vnd so
991 4285 2304 4445 es nit beschech wurde, wölle er zahn es
966 4402 1847 4551 selbst uß der synig thun.
979 4511 2380 4696 Entlichen bekente Er wol gunstit
971 4629 2377 4790 zu haben, daß sein nam und zu nammen
987 4729 1940 4877 an das hochgricht gehefftet.
1491 4811 1711 4918 Er über
981 4825 2364 5002 Vnd obwolen fr, die übrigen durch Inne
977 4922 2400 5069 hieuor zu Lentzburen bekenten vnd Inschrifft
965 5005 2248 5152 verfassten auch siderhar andere vernomme,
951 5062 2357 5255 durch herren landtvogt uff Lentzburg und
945 5159 2433 5327 N. Hofe zu Köngsfelden, Ime vorgehalten
961 5244 2392 5419 artickels zum 3. mahl peinlich und sonst
950 5322 2344 5517 Zum offtermahlen mit gantz ernsthafften
998 5429 2383 5606 worten exammirt worden, hatter
930 5520 2381 5717 Jedoch alles beständig und gantz in seiner
975 5600 2415 5767 boßheit verhartet gelaugnet, in dem erbieten
872 5752 2197 5914 Insonderheit aber ob er nit ein allgemeiner
968 5848 1636 5987 vfwigler gewesen.
2573 2293 3018 2400 umb vernemmung der
2601 2355 2975 2460 warheit willen.
2567 2727 2953 2825 was undersprichen
2574 2794 2971 2882 sol an der auffen nit
2556 2853 2857 2969 verlesen werden.
2606 4706 2962 4876 denne habe Er
3547 1342 4473 1525 das er jedoch nit hoff 153
2983 1429 4358 1645 wan Jemandts Inne deßen über zur
3048 1577 3097 1635 .
3091 1543 4406 1717 rende, wolle er sich der ußage geren
3058 1639 4379 1792 Underwerffen vnd demnach mit gedult
3073 1720 4447 1873 alles ußstehe, was imme daruber seinem
3069 1807 4359 1944 verdienen nach widerfahren möchte,
3069 1876 4564 2028 hiemit begerend, daß man seines verhaltens
3085 1980 4491 2093 halb informien vhnemen wolle, gutter
3049 2044 4403 2202 hoffnung, daß mehr gutts als böses
3083 2136 4324 2256 von Ime werde vernomen werden,
4342 2183 4390 2242 .
3088 2214 4457 2380 Ieswegen danneß befelch wohl der
3081 2299 4472 2452 geheimen kriegsrathen von herren landtvogt
3095 2386 4490 2548 Pfr Lentzburg volgender bricht ufgenommen,
3069 2485 3669 2610 vnd eingelanget.
3091 2585 4476 2665 E vnderschidenliche Ja über die 40 persohnen, so wol
3035 2620 4600 2731 d meist, als weltliche by eiden verhört worden, die dan gezügen,
3066 2683 4542 2840 Erstlich so zeiget hr. Jacob Hemman Predicant zu Ammersch
3068 2778 4429 2940 wyl, daß Hanß Heinrich Jahr von Ober endmelden
4425 2831 4554 2922 .
3061 2880 4574 3034 sich by dem leidigen ufrnerischen wesen in dem täger
3068 2962 4577 3128 by Ottmisingen in worten und wercken verhalten, daß
3068 3071 4538 3236 er, ja der aller starrigisten einer us unseren geht unnd
3052 3170 4549 3334 Oberen imme bekandten underthanen gsin, dann er sich an
3037 3301 4562 3428 denen orten nit vill finden laßen, wo man zum friden
3066 3378 4599 3518 rahten wollen, sonderlich zinstag morgens den 24. maii
3055 3476 4555 3627 das gedachter hr. Heinig, das gantz schwirige und von einem
3055 3594 4574 3736 Pfaffen und haubtman Schübli gar verwirrete und zu
3065 3676 4547 3841 einem unverzogenlichen angriff angehetzte volck
3051 3789 4586 3940 kümerlich zu eine halten und stillen können, kame
3036 3889 4606 4036 Hanß Heinrich Zahn, alß gleichsam ein unsinnger mann
3039 3986 4555 4141 den Berg hinunder lauffen und rüeffte mit luter
3050 4091 4504 4269 stimm an einanderen uf uf dra, dra, es nuns
3081 4208 4602 4375 einmal einest syn und nüt darfür und welchen einen
3100 4323 4590 4489 merckt oder sicht, der hinder sich sechen oder useyßen
3097 4420 4633 4593 wolte, so schieße inn der nechste nider lieff darmit
3071 4517 4032 4690 vogt durch das gantze lager etc.
3049 4682 4649 4891 Hr. Hanß Heinrich Frey Predicant zu sehr antestierte
3106 4824 4622 4980 auch schrifftlich, daß Hanß Heinrich Jahr hingewichnen
4482 4913 4623 4990 also
3065 4930 4670 5083 jahrs in der rebellion der Bursame sich zu Schreiter
3072 5018 4645 5190 ehalten, alß die Zürichische arme und die bauren
3078 5127 4645 5293 bei Mellingen gegen einanderen gelegen und alß er zahn
3035 5215 4616 5406 zu sehr uf einem pferdt durch gerechet und in durch
3092 5335 4617 5508 reiten den herren Predicantz angeredt, h. nappar
3093 5423 4697 5629 sind ihr nit auch lustig mitzereisen. Er zahn habe
3107 5543 4724 5709 noch ein geschohn im läger nit, welchen er inne ver
3099 5666 4704 5844 sechen könte. Daruf er frey imme geantwortete
3067 5786 4703 5973 Heinrich, Heinrich Sehet zu was Ihr machet
3056 5898 4686 6086 Ihr werdent übel kriegen, antworteten
