5472 7296
642 1384 862 1526 105.
1011 1394 2555 1634 eenschafftes zu sprechen aber, hatt erhannd
1988 1524 2327 1650 daß in
1038 1526 1735 1728 Volgendes bekent:
1086 1576 2284 1831 wahrender Bürischen Veruw, er
1050 1718 2319 1895 Zum anderen mahl, von hingerichten
1022 1816 2253 2000 Statthalter trybūrghuß gehōrt.
1056 1905 2407 2107 van die faltschenmacher nit währen,
1069 2007 2197 2177 were der krieg bald gschlichtet,
1060 2090 2399 2287 welche dan syn ir gute hr. schultheiß
1049 2164 2422 2380 von Graffenweg nichten keiner stüeler
1068 2302 2253 2466 vnd s Obrist von Wattenweil,
1061 2388 2464 2568 Die wort nun die er uß des statthalter
1072 2482 2394 2644 mund hatte, seige er im wirthshuß
1066 2562 2362 2724 bei der senstenbrugg in bei sein des
1048 2659 2437 2808 Steiners vnd seiner Mittes geschoßnen,
1084 2730 2300 2913 mitleider widerholet, daß er
1071 2849 2328 3001 aber etwas von nichth. General von
1079 2947 2397 3104 Erlach geredt, wüße er sich gäntzlich
1080 3024 2269 3188 nit zuuersinnen, diß sege auch
1064 3123 2251 3267 im trunck geredt worden, gescheche
1060 3221 2312 3359 zun zeit auch, daß er wegen vor jahren
1085 3303 2358 3442 ußgestandener schwärer kranckheit,
1059 3398 2256 3548 einer sinen gantzlich beraubet
1597 3467 2362 3624 Deßwegen demutig
1049 3478 1403 3601 werde,
1420 3506 1528 3600 .
1093 3548 2271 3723 umb gnad und verzeichung bekend.
1289 3756 2164 3940 Vff welcher beider deß
1048 3865 2424 4028 Steiners und Maders bekantnuß
1123 3990 2229 4137 und verantwortungen, volgenden
1116 4082 2404 4239 Kundtschafften verhört worden.
1672 4238 1827 4346 d
1848 4260 1979 4344 g
995 4208 2378 4413 Hanß Huser von ermannen, Hanßen
1074 4351 2359 4508 Spani von Lohnstorff und Hanß
1092 4459 2333 4629 wiel von Rümlingen zügend ein
1085 4557 2325 4717 hälig by iren gutten feüeren und an
1083 4641 2107 4818 Eidtsstatt gethaner glücht.
1039 4750 2375 4949 Daß alß sy von irer gmeind uß
1060 4885 2376 5044 geschoßen worden, umb zu sehen, was
1073 4967 2364 5118 für einzustand es by der beßer
1066 5072 2347 5210 zumenen brugg habe und sy im
1077 5148 2395 5319 zuruckreißen bey der Hanßenbrugg
1077 5246 2340 5416 einen trunck genommen, beigent sey
1075 5341 2367 5529 daselbst obernamsen Burckli nad
1090 5437 2384 5635 bim trunck angetroffen und von imme
1068 5544 2437 5720 ghört, daß er gsagt, der Krieg mere
1082 5630 2439 5827 bald gschlichtet, wan die faltschle
1047 5766 2421 5955 batzenmacher nit waren, er heigli
4438 1396 4637 1535 100
3033 1389 4422 1628 schon offt vermeint, er wolte In der
3051 1535 4380 1720 statt ein mas wys trinken und
3089 1634 4531 1784 darnach von einem huß ziegen anderen
3077 1704 4565 1894 gehen und sagen, hie ist dem faltschen batzen.
3086 1805 4493 1952 macher, daruber gnamset vnd
3093 1884 4486 2057 anklagt, ir gut herren schultheiß von
3071 1965 4558 2155 Graffenried, ich keiner Stūrler
3069 2077 4566 2229 nihr generat von Erlach und j obrist
3093 2160 4608 2364 von Wattenweil. Weithers sege
3073 2263 3948 2421 inen nit in wüßen.
3035 2449 4571 2680 Melcher Cunckler der freyweibel
3076 2624 4494 2749 zu thurnen zuget bei geschwornen
3108 2685 3279 2818 sid.
3681 2714 4565 2852 Er habe uff ein zeit im
3042 2792 4615 2952 wirthshuß, im flisch genant vom schreib
3087 2903 4586 3038 steiner selbsten ghört fürgsten, wie daß
3113 2975 4623 3135 denselbig bei der denstenbrugg von einem
3108 3092 4607 3239 gwüßen mann vernommen, wer die faltschen
3115 3164 4532 3339 batzen macher seyen, daruff damahlen
3103 3268 4647 3435 Er Steiner sölcher worten zugeschieggen
3093 3356 3938 3532 vermahnt worden.
3145 3505 4641 3721 ff ein andere Zeit aber, heige er gezüge, auch
3113 3637 4601 3795 Im Flösch, vom schreiber Steiner aber
3120 3739 4641 3899 mahlen ghört, da einer gredt, man fache
3114 3831 4575 3987 vil auch der Ahren, Er daruff guedt ge¬
3134 3924 4549 4069 antwortet, Es were wäger, daß
3134 4036 4583 4176 nngh die faltschen batzen macher nemmen.
3136 4112 4614 4290 und inen den lohn geb wurden, die seyn
3119 4214 4593 4388 diser ufruhr ein ursach, und als er
3123 4319 4524 4496 gy züg gantwortet, wan mich herren die
3112 4411 4490 4588 faltschen batzenmacher Wüstind, sy
3157 4490 4545 4655 wurdind sy wol nemmen und inen nit
3132 4597 4545 4751 schonen, habe Steiner replicirt, sey
3135 4673 4646 4877 Trns mit sy wol, wan ein bür were
3130 4784 4579 4962 der müste umhinhan, aber diße sind
3137 4888 4572 5074 zu hoch geschoren und daruff ze guten
3134 4980 4508 5180 herren schultheißen von Graffenried
3115 5078 4696 5295 nichtt kerner stürler nichtten, nenner wagne
3139 5195 4650 5403 und achten General von Erlach gnamset
3143 5285 4673 5491 auch wythers gsagt, der by der Reichen¬
3149 5406 4673 5599 bruggen heige diße herren offentlich dorffen
3142 5501 4620 5707 namsen, er dörffe es auch wol sagen.
4737 5634 4804 5763 i
