5472 7296
705 1459 920 1642 16.
1105 1516 2479 1820 In der zu Hittwyl gehaltnen Landts¬
1100 1667 2439 1913 gmeind nun, habe Inen ein gwüßer
1131 1755 2434 2000 Lucerner Ir Wundbrieff geschriben
1151 1876 2370 2075 eingelifferet, den Er neb vilen
1133 1956 2431 2190 daselbst eingelangt Schreiben, der
1150 2049 2585 2298 gantzen versamlung abgelesen, woruff
1166 2134 2543 2369 sy samptlich darzu geschworen, vnd
1097 2245 2373 2466 die von den daselbst gewesnen Sch
1158 2350 2473 2575 Ehrengesandten anerbottene gnaden
1163 2460 1913 2642 mittel ußgeschlagen.
1120 2530 2467 2787 Bey diser zu guttwyl und volgents
1062 2695 2393 2876 Daruff zu Langenthal gehaltne
1144 2773 2368 2974 Landtsgmeinden, sage er vnder
663 2833 1135 2968 auch alhie vor der
1174 2871 2353 3057 chidenliche Schreiben, uß befelch vnd
684 2913 1122 3041 Statt vnd anderst-
711 3006 820 3068 wo
1166 2916 2544 3160 Jungen aller ußgeschoßnen mit seiner
1120 3029 2540 3264 eignen hand geschriben vnd verfertiget,
1146 3171 2452 3330 wie soliche in Lewenbergers process
1174 3252 2488 3425 nechschiener vermeldet ist zu welichen
1179 3352 2466 3474 allen er hiemit auch seinen willen geben
661 3436 2676 3561 und deßen zur zügnuß, sich offt als ein und und kriegsrathschreiber und schriben.
917 3495 2429 3652 Alhie hatter zu seiner entschuldigung eingewendt,
968 3588 2387 3709 Waster schon gern, die Schreiben etwas gelinder machen
978 3643 2428 3760 wöllen, habent doch die usschütz solches nit gestattet
945 3727 2470 3828 sondern offtmahl tröret, was er nit schreibe, wie
1033 3801 2450 3946 sy abgerathen und ime befolchen seye, wöll nit sey
1029 3875 2445 4024 Inne an Isten schlagen, Welches Heirenberger
1032 3965 1585 4105 auch bezüget hatt.
1130 4070 2523 4261 Denne habe er nichtt. Rathshr. hister, welcher
1149 4206 2523 4362 zu Muhri uß er gut befelch iner etwas
1170 4283 2458 4443 fürzubring gehabt, die schrifften mit
1124 4364 2567 4523 harten und prochen worten abgeforderet,
1184 4457 2490 4609 vnd trotzig geredt, er muße dieselbig
2393 4548 2486 4632 E
1161 4549 1610 4707 furen geben.
2094 4657 2376 4793 tr�tige
1165 4682 2406 4855 Vnd wiewole Er das letste Schreiben
1186 4806 2480 4952 Vom 23. Maÿ, darinn die Oberkeit
1138 4888 2481 5038 dem Könige Chanoin verglich und begert
1178 4957 2494 5123 wirt, daß singen und obers iren und
1188 5082 2541 5222 bestättigen, sy darbei schützen und schirmen
1175 5164 2356 5314 aūch das Versprochne gelt vor der
1101 5252 2511 5410 shuldigung hinußen geben sölle, nit selbsten
1152 5340 2612 5515 geschriben, habe er doch die vberschrifft
1177 5462 2448 5609 gemacht, vnd darmit guttgeheißen.
1530 5554 1964 5663 daßelblich
1130 5585 2542 5742 Diß schreiben aber seye gmeinlich von Niclaus
1168 5668 2158 5828 bewenberge dictirt worden.
3264 5536 3398 5647 u
4569 1444 4777 1600 47.
3268 1480 4605 1666 Sonst habent zu den jenigen schreiben, die er in
3330 1614 4722 1768 disem wesen geschriben gemeinlich gerathen, Clauß
3319 1719 4716 1853 Schürenberger Ulli Gallin statthalter Berger,
3348 1784 4700 1942 Daniel küpffer, Hans Lugibul im Eichen der
3306 1885 4667 2023 kilchhöri Münsingen, Michel gschliman, Heini
3324 1949 4710 2082 Graff von Güttlingen andres Mooser Hans
3332 2045 4648 2172 Steinman von Wyßenstein, der weibel von
3326 2122 4638 2242 Röttenbach statthalter Gurtner von Kirchen
3312 2196 4798 2353 Hans Anthon von Herbling, amman Rot und wendicht
3339 2274 4754 2415 Stucki von Hochstetten, Hans Witwer uß dem
3314 2345 4790 2497 kurtzenberg summen däpp von Oberwicht nach
3356 2428 4682 2551 und Hans Lehman von Worb Ulli Gerber
3330 2517 4691 2658 und Ullifarii in Fritz, welche letsten zwei
3342 2589 4671 2747 selbst vff dem Tisch gestanden, vnd nit die
4258 2681 4610 2807 der
3350 2684 4257 2833 mins Rath geb gewesen se
3332 2771 4804 2921 Michel Keschliman aber, sonst Berg müchel gut
3354 2865 4772 2984 habe sich am trutzigsten Jederweilen gegen Imme,
3350 2950 4671 3090 und menigklichen gestelt, dergestalten
3364 3039 4729 3174 daß er imme offtmahlen getrowt, inne an
3353 3091 4776 3247 Isten zu schlagen, was er die schreiben nit als
3360 3182 4762 3332 balden, wie dieselbige abgerathen, verfertigen
3359 3285 3670 3370 werde.
3344 3341 4779 3497 Ulli Galli, dan habe auch den erst rathschlag
3366 3433 4814 3584 geben, daß man die Holder uß den schlößeren
3358 3517 4724 3678 gmahnen oder sonst daruß tryb sölle, zu
3365 3592 4766 3770 Welichen vnd sy hiemit vnderschidenliche
3344 3701 4727 3830 schreib an die commantant zu thun,
3365 3774 4716 3941 Būrgdorff, erwangen und Arburg
3384 3894 3969 4028 abgehen laßten.
3369 3944 4786 4151 Diser Ulli Galli, item statthalter Berg
3392 4087 4771 4258 Christ Zimmerman, vnd der Beeglichel
3360 4173 4796 4323 seigen gemeinlich die erst rathschlag geben
3357 4260 4794 4425 Auch das Schreib, darinn sy betrowt Iren
3369 4356 4776 4509 vnnd wo er anzutreffen uß zurut, ver¬
3384 4457 4066 4602 fertigen erheißen.
3321 4541 4806 4724 So habe er auch dismer wyß vom Statt¬
3343 4644 4766 4839 halter Berger Ulli Galli dem Berge
3384 4729 4787 4909 Michel schrist zimmerman und anderen hören
3807 4819 4624 4970 Wan sy in die Statt kamen
3385 4854 3540 4997 sagen,
3347 4906 4840 5094 wölt nit sy alles blunderen, vnd die Statt
3380 5051 3816 5194 pryß geben
3369 5117 4820 5306 sonst seye zu langenthal abgerathen worden,
3356 5229 4776 5382 daß wan man an einem orth stürmen höre,
3339 5304 4747 5479 das ander auch alsobalden stürmen und
3383 5373 4823 5551 sich daruff menigklich in die wehr begeben,
3408 5466 4628 5639 Der Statt Bern Zū Ziehl söllen Zū
3390 5549 4876 5751 welicher belägerung sey von den Solothurneren
4367 5628 4769 5778 Vnd sich
3393 5682 4273 5841 Den 4. tag mann begert.
3356 5728 4868 5928 darbei entschloßen, so lang die Statt ploquirt
3389 5820 4840 6012 zuhalt und kein proviant daryn zu laßen,
3399 5897 4816 6085 biß sy aller Irer beger articklen ge¬
3421 5995 4820 6202 währt syn, und seye der Buren vor
3384 6057 4709 6276 haben auch gewesen die Gültbrieffen
3399 6200 4274 6359 cancellirt hinuß zu haben.
