5472 7296
688 1376 860 1542 60
1250 1475 1917 1687 Hannß Burdi
1311 1615 1936 1752 Im winckel und
1339 1674 1919 1840 ambt Trachselwaldt.
1115 1840 2489 2040 achdem derselbigen vor etwas syts,
1112 1970 2466 2124 wegen verüebter unthadten in diser ledigen
1091 2066 2450 2236 Reblation, flüchtigen Eichs gesetzt, sich aber
1114 2158 2481 2329 i trib synes nachenden gewüßens densten
1078 2245 2533 2436 zu Trachselwald bim herren landtvogt widerumb
1102 2350 2520 2544 yngestelt, ist derselbig, alß mit der münsten
1081 2454 2441 2639 verfhüerer und ufwiggler deß volcks
1097 2558 2499 2763 uß mahlen befelch gfencklich alhar geschicket,
1102 2660 2573 2860 und durch hiener ehrengemelte verordneten
574 2717 1054 2906 den 12. octobris 1653
1058 2762 2527 2968 herren exammatoren etc. Am Bort deß kleinen
1075 2881 2460 3058 herren landtvogt Lerber herren vogt Keller
1075 2978 2473 3178 Herrn Stephan Perret, vnd Ir Grosweybel
1071 3108 2432 3278 von Wallenwyl ernstwortig spüeß
620 3150 1068 3326 deß großen Raths
1092 3220 2475 3367 verhaltens halben examiniert worden.
1073 3329 2476 3500 der hatt darüber bekendt, wie volget:
939 3421 2188 3550 und volgents den 20. dito widerumb bestättiget
607 3627 806 3775 .
957 3616 2406 3796 Erstens, So viehl Ime in wüßen komme der
1099 3733 2468 3908 anfang diß ir gehabten unwesens halb
1083 3832 2443 3983 har ußem Egging allwo die erste
588 3791 1072 3981 mit vermelden man werden
598 3941 1017 4021 in Uli Gallishuß der
1084 3925 2441 4091 gmeind gehalten und er selbstag von einem
590 3990 1022 4090 hinericht brief verlesen
1061 4004 2464 4195 Schmid ußem eggwyl, darzu berüeffen,
1071 4107 2428 4279 worden, doch aber nit dann gangen.
623 4238 838 4414 E
1024 4267 2430 4465 volgendts seyen ihren ettlich etwas zists
600 4423 1037 4543 am faßnachtmarit
1069 4403 2515 4560 zebrnächtig deß kürmis hus zu Langnom
1038 4506 2494 4676 zusahmen kommen, ein gmeindt daselbst
1062 4620 2522 4767 gehalten und etliche vermeinte beschwer
1011 4718 2432 4876 ufgesetzt sich berathschlaget, daß man
1055 4803 2402 4939 ehster tagen ein landtsgmeind zu Langnow (wie dan
1046 4862 1926 4999 Volgents beschehen, anstellen sölle.
651 4943 782 5093 5.
1001 4943 2463 5152 Tridtens seye er in der ersten landts gemaindt
1036 5081 2452 5258 so nach osteren zu Hullwel gehalten
1062 5193 2388 5351 worden, gewesen und habe alda uff
1049 5273 2500 5458 einen imme von Lewenberger vorgesprochnen
1005 5374 2447 5558 Eidt, den Pundt geschworen, von welcher
980 5493 2432 5672 gysch an er sich zu ihrem angestelten
1001 5609 2330 5785 landtschädlichen unwesen sehr yferig
1030 5710 2435 5900 ernsthafft und geflißen, alß der ergsten
988 5808 2412 6017 Redlischmeyeren einer gebruchen laßen.
2753 3506 2917 3674 6.
2794 4804 2929 4982 7.
2825 2704 2958 2868 5.
2838 1634 2963 1821 4.
4506 1449 4686 1634 61.
3148 1632 4679 1819 Zum vierdten habe er zu Ostermundigen
3238 1742 4649 1910 ischen rahtschen Marlot und synem gegen
3181 1834 4675 1977 den landtlüthe fründtlichen zusprechen
3187 1912 4720 2077 starck widersprochen und yngeredt, in sonder
3184 1991 4641 2176 heit aber jederwylen dahin trungen, daß
3211 2112 4706 2267 man ihnen den verlürst der batzen und alle
3167 2212 4688 2365 ir gehabten kriegs-costen ohn widersprechlich
3208 2293 4612 2466 ersetzen sölle, widrigen fahls sy nit
3203 2397 4605 2564 abziechen werdindt, für, welichen er selbsten
3213 2492 4375 2683 Frecherwys 100000 lb genorderet.
3208 2681 4690 2878 seye auch war, daß er zu bemeltem oster
3087 2702 3211 2880 E
3217 2803 4693 2961 mündigen jemandts angeklagt, der ihnen
3136 2872 3210 2962 1
3174 2906 4683 3074 das Schwerdt solle anerbotten haben, vnnd
3175 3006 4668 3178 deßwegen denselben, vor den daselbst
3202 3104 4687 3280 befindenden herren ehrengesandten us der
3174 3210 4754 3368 statt geworderet und glifferet haben wollen.
3103 3497 4701 3702 Nit minder seye er auch ir gn herren
3175 3635 4700 3796 Schuldtheiß Dachselhoffer in seiner ufen
3168 3727 4728 3913 Muri Beld fridens segwiger und erhandlung
3186 3849 4578 4013 Jederwylen starck im wagen gelegen
4329 3938 4534 4027 w�steren
3195 3958 4713 4112 syne fründtliche wort, nit ungen
3214 4045 4713 4246 derlichen widersprochen, die lüth im Ringen
3197 4138 4686 4347 ufgewigglet nichts anzunemmen, sonderen
3191 4256 4735 4452 by ihren ufgesetzten der oberkeit überlieren
3191 4368 4704 4562 clagpunt gentzlichen zuuerblyben und im
3221 4459 4365 4669 wenigsten daruon nit zu stehen.
3091 4778 4719 4988 Gleichergestalten habe er auch uff ermeltem
3193 4852 4731 5083 Murmeldt herren vogt Nötiger von den faltsten
3188 4971 4645 5172 batzen wegen, der hart regierung der
3182 5047 4689 5277 herren landtvogten und das man ihnen nit
3195 5150 4709 5383 halte, was zu thun versprochen worden,
3228 5273 4727 5510 ernstlich zugeredt, auch darby fürgehalten
3213 5360 4739 5620 wie ihnen vor jahren zu Langnomer irge
3188 5490 4741 5726 hr Schuldtheiß Dachselhoffer und hr. nenner
3187 5563 4766 5830 Schöni sr zugesagt, die herr batzen werdind.
3185 5768 4056 5930 Bernd batzen verblyben.
3201 5823 4712 6030 I. E. H. Schultheiß dachselhofer zugete, daß
3256 5945 3882 6144 diß nit wahr sage,
