5472 7296
701 1432 918 1573 234
960 1546 2535 1757 Vmb 5 Vhren, Ihro der Predicantin zwar
964 1683 2569 1891 vnbewust, mit dem Kopf probiert, vndt
984 1800 2571 1990 volgents darüberhin sich bis aufs hembdt
980 1910 2608 2101 außgezogen, die Kleider vor Ihro hinaus
965 2020 2553 2216 gestoßen, vnd nacher geschloffen, ohne daß
941 2128 2445 2340 ihro gemandts darzu geholffen habe.
1000 2329 2571 2539 unnd obwohlen sie zum anderen mahl lahr
989 2459 2454 2666 aufgezogen worden, So hat sie dach
964 2587 2579 2787 vber die heruor angegebnen dree fäller,
972 2691 2503 2910 und verubten diebstähl nichts der
934 2820 2270 3039 gleichen mehr, bekennen wollen.
965 2976 2575 3242 Den 25. januarii 1656 ist dise tirnen
966 3149 2517 3359 mit Ruten außgeschmeitzt, vnd Eydtlich
981 3280 2536 3470 von Ir gstald und landt gewisen
965 3416 1386 3539 worden.
1114 4125 2381 4326 Hans Rienneman von
1509 4291 2202 4463 Brittnauw.
924 4412 2550 4564 Welicher vmb vnderschiedenlichen Anklegten,
938 4549 2580 4724 Insonderheit vmb destwillen, ob solte er an
943 4651 2668 4808 einem geweßen er s zuständigen, in seinem
926 4757 2635 4943 Haus eingelegten Zehenden, etwas gefehrd
937 4879 2603 5051 und unthrung vernebt haben, im schloß zu
885 5036 2592 5175 Arburg etlich wuchen lang enthaltenn,
931 5116 2672 5280 und nachdem der herr obervogt daselbsten
921 5214 2669 5420 ihne von disers vnd anderen Punckten wegen,
912 5342 2582 5531 Berechtigen wollen, hat er ihme das
893 5456 2626 5645 Rechten anderst nicht gestehen wollen,
912 5563 2559 5739 dann daß er die sach fur ings vndt
892 5677 2612 5872 Oberen zuzuchen, vnd sich alda vor ihren
2169 5801 2697 5952 Westwegen
876 5806 2182 5965 Zu beantworten begerdt,
890 5891 2699 6097 er gefencklich alhar gefuert, vnd nachdem
884 6016 2671 6223 dieselben ihne in seiner antwort und ent
887 6140 2634 6344 schuldigung, durch dero diener zu Groser
2434 6294 2616 6405 von
4494 1586 4713 1698 235.
3063 1617 4684 1884 von Luternauw vernemmen laßen, habendt
3106 1799 4660 1969 hochgedacht ir g uff beschechers wider
3116 1881 4693 2082 bringen, erkendt, daß er stirneman
3111 2014 4723 2231 auff ein formalische gelupt, biß auß¬
3092 2105 4640 2285 trag des händelis, an niemandenn
3124 2244 4766 2443 kein raach ze neben, noch die außgestande
3111 2360 4644 2551 ne gefangenschafften zerechen, ledig
3075 2465 4764 2686 gelaßen werden solle. Actum 14. febr.
4445 2602 4720 2734 1656
3251 3104 4440 3367 2 woches Ine d. dorffe
3221 3290 4463 3505 Weibel von Steffisburg,
2999 3398 4752 3664 Ist, lauth eines den 16. Februarii 1656. aus dem
3053 3581 4827 3721 2 ruber schachen von zu Grath Ludwig stüeler
3034 3689 4815 3869 Innamen vnnd aus bevelch hr. landtvogt Steigs
3070 3804 4764 3934 von Trachselwaldt, meinen S. herren vndt
3039 3913 4804 4050 oberen vberschickten Schreibers, vmb vol¬
3057 4013 4790 4213 gender Vrsachen willen, gefencklich alher
3067 4125 4845 4312 in die alhießige Gegangenschafft gefuert
3030 4239 4812 4410 In dem er namlichen vor etlich tagen, durch
3047 4355 4798 4500 10. Mußquetierer vnder der Conduction des
3054 4444 4801 4647 Hans Lehrers von Thun, außem Tschangnaw
3058 4586 4844 4758 als zu Schachen gebracht worden, mit ver
3079 4683 4831 4886 melden, daß es ihnen gantz verdächtig seye,
3058 4793 4817 4972 Weil er sich habe verlauthen laßen, daß
3073 4929 4798 5112 wann man ihme zwen musquetierer
3051 5041 4832 5227 zugeben wurde, er dieselben nacher Mar¬
3043 5146 4766 5322 pach, vnd von dannen widerumb zuruck
3066 5263 4733 5488 vnuerhinderet fuhren wolte, vndt
3060 5373 4831 5572 weilen ieder Zeit ihre Anschleg entdeckt
3046 5497 4749 5717 vnd dem Leindt geoffenbaret worden,
3018 5601 4719 5843 J soweith, daß er letstlichen, als er mit
3027 5725 4767 5960 ihnen scharmupierte, ihnen ihr feldt geschrey
3026 5847 4759 6041 zugeschrawen, seye sentlich, daß solches von
3073 5969 4721 6151 niemanden anders, als von ihme Weibel
3004 6060 4739 6341 harfließen thuge, vnd wann die Officieren
4451 6151 4662 6283 nicht
