5472 7296
730 1444 893 1562 88.
1095 1575 2425 1756 auffenburg saldiert, vnd vor
1076 1662 2440 1867 der zyth mit so vill bosen, vnndt
1124 1766 2471 1950 widerwertigen zytungen, was man
1132 1861 2497 2054 aber imme klagt und wie es synenthall
1110 1984 2460 2208 gange gestürzt worden, daß er
1076 2086 2420 2287 nit gwüst, was er machen, nach
1107 2198 2378 2435 langen er zu imme selbs kommen
1103 2311 2445 2544 vnd sich synes verhandlet unwesens
1119 2407 2456 2649 erinnert, was er möchte ußraht
1129 2549 2432 2744 anderer gethan und verfalt Hans
1110 2680 2424 2884 endtlich sich gentzlich entschloßen.
1122 2787 2397 3001 wider in syn vatterlaut zu kehren
1106 2905 2401 3105 und mit gründtlicher bekandtnuß
1110 3032 2402 3228 und offenbahrung der warheit
1110 3162 2368 3326 sich in die gnad syner gnedigen
1105 3262 2368 3455 oberkeit zu ergeben und wan
1094 3391 2343 3558 er nit krant worden, were
1107 3492 2448 3683 er ich ankommen, dann und syn gnedig
1107 3626 2380 3804 oberkeit höchlich und erthenig und
1087 3753 2428 3921 demnetig umb gnad und verzychung
1102 3852 2368 4044 battendt, daß er sy von synen
1074 3952 2392 4185 dorff fürgesetzten, vnd der gmeind
1116 4104 2324 4286 also übel hab verschieren laßen.
1056 4229 2134 4384 Actum 25. Octobris 1653.
1295 4418 1932 4660 Vnderscheiben
1470 4607 2391 4799 Caspar Stieff Landt¬
1547 4717 2156 4919 schryber 2.
2884 2545 3022 2731 5
3053 5196 3127 5363 .
4409 1430 4509 1564 8
2983 1426 4291 1667 d Gilgolt, hievor
3144 1608 4354 1776 gemelt, hat über die ihme
3188 1712 4475 1911 vorgehaltene Punckens In by
3167 1839 4544 2023 weilen mahl Hr Müllers hern di
3176 1943 4434 2103 vorts, des Klomer. deme be
3185 2066 4413 2219 Källers, vnd hen Pernets, deis
3165 2193 4471 2354 großen Rahts, In mehrerem
3174 2266 4423 2461 bekendt. wie volget. Actum
3189 2393 3964 2575 §. decemb 1653
3134 2537 4611 2755 Erstlich seye nit minder weder das
3190 2668 4510 2861 er verschinen Somer, kurtz vor
3172 2795 4481 2975 dem Hammet, zu Schintznacht in
3149 2896 4613 3098 Samuel daselbeißen s hinderlaßen
3132 3034 4591 3213 Wittiben Hans vnd bÿ Ihres Sohns
3185 3131 4668 3309 hauß desselbetten nach hochzeit
3162 3229 4650 3405 an einem vormittag und noch mich
3178 3345 4670 3536 terer weiß, als man ain selbigen
3160 3449 4575 3660 orth, neben anderen auch von dem
3157 3575 4564 3773 vergricht zu reden ankommen, Er
3135 3681 4659 3875 Holfpalt daruber offentlich in der
3153 3786 4691 3987 teben in dise Schmach vnd Laster
3173 3906 4601 4104 wort ußgebrochen, und gesagt
3143 4014 4640 4231 Mar hab ihn auch vor dem Chor¬
3151 4126 4500 4335 gricht so hin vnd der geschlolfft
3155 4232 4671 4440 die begrichts herren seyen herren
3171 4331 4592 4546 sy machen, was sy wollen, sie
3163 4465 4694 4628 habendt ihme doch seinig abgenom¬
3410 4589 3556 4656 e
3164 4553 4659 4724 wen, wie andere Schölmen vndt
3166 4679 4718 4883 dieben, Sie seyen schon lang meister
3152 4777 4659 4984 gewesen, es werde aber damit
3154 4897 4635 5113 ennst ein endt haben, vnd bald
3158 5065 4121 5205 ein anders werden.
3137 5111 4644 5335 Vnnd da er hilfpalt des nach¬
3107 5243 4652 5485 gehenderen Morgens, von einem
3151 5358 4581 5577 ehrlichen mann vor dem dorff
3139 5487 4598 5709 angetroffen, der ihme obiger
3135 5595 4657 5817 außgoßner worten erinnerende
3117 5695 4720 5906 befragt, ob er auch noch darvon
3145 5815 4722 6016 weße, mit vermelden, es engste ihnen
3131 5938 4733 6175 also, das er schier nit daran dencken
4311 6036 4653 6250 dörffe
4453 1448 4606 1614 .
