5472 7296
630 5438 777 5617 4.
691 1338 902 1471 142
686 1462 856 1636 36.
651 2320 815 2496 37
650 3089 779 3239 38.
638 3777 804 3963 39.
652 4618 800 4742 40
1025 1418 2317 1660 gleicher gestalten vor 2 jahren habe er
1039 1569 2345 1756 Peter Arni zu Schwartzenburg under
1010 1667 2402 1855 Der schwellen hindurch in sey gaden gebrochen,
1027 1783 2408 1939 und darus ein kübel mit usgelaßnen
994 1861 2352 2080 anken getragen, den er zu Kryburg
1034 2033 1368 2183 verkaufft.
978 2233 2321 2464 Bolli Heini dem jungen, seye er durch
1064 2346 2344 2524 mitel eines Bundthaggens, verschinnen
1014 2473 2379 2669 herbsts in sein keller gebrach und darus
1024 2557 2368 2745 u leiben brot und 3 herbst läsen genommen,
1024 2673 2222 2878 vnd selbige zu Fryburg verkaufft.
1000 2977 1358 3134 Item dem alten
1019 3018 2359 3236 em Uli Heini Bost, seye er
1008 3143 2289 3317 vor 6 Jahren bey der nebenstuben
1053 3228 2412 3434 in sein meli zu Schwartzenburg gestigen
1041 3363 2388 3525 und darus ein halben nüt mölt ent-
1012 3470 1353 3634 frömbdet.
962 3707 2303 3915 Bor 5 jahren seye er Hanß Hehler
1012 3855 2415 4045 dem jung uf dem puel zu Schwartzen
1042 3976 2439 4157 burg durch das pfenster in die stuben
1004 4078 2392 4279 hingen gestigen und darus ein halben nit
1038 4180 2439 4393 vorn generen, selbiges in seine hushaltung
1014 4336 1346 4478 verbericht.
986 4513 2372 4767 Uli Schwingruber dem jungen habe
1022 4706 2416 4885 er durch mittel eines Starcken Steckens
1017 4803 2460 5016 vor 2 jahren und erhar sein gaden zergraben
1018 4918 2308 5112 und hingen gebrochen, darab ein kübel
1019 5057 2520 5254 mit ancken, so ungefahr 4 pfund gsein genommen
998 5158 2241 5370 und in seiner hushaltung verbrucht.
976 5376 2451 5652 Peter felin seye er auch under einer schwellen
979 5554 2342 5754 durch in sein gaden gebrochen und daruß
997 5658 2404 5873 b leiben brot genommen, die sein er genoßen.
2753 1557 2915 1734 42.
2756 2589 2889 2721 43.
2810 3249 2942 3441 44
4351 1427 4513 1536 143
3033 1517 4418 1722 Denne vor 2 jahren seye er in Peter
3133 1650 4486 1832 werlins im durebaden spycher, so offen
3132 1766 4553 1926 geweßen gegangen, darus 2 kasen ein halb
3137 1833 4550 2004 mas wyßes mal 5 leiben brot und ein
3123 1953 4544 2129 halben bachen schwynigs fleisch daruf ge
3125 2060 4584 2273 tragen, das fleiß und die kasten habe er
3104 2192 4616 2391 In fryburg verkoufft, das übrige aber genossen
3060 2480 4535 2750 Item vor ungefahr 4 jahren habe er anet
3116 2643 4560 2822 halb dem schwartz waßer ein geiß genommen,
3140 2751 4535 2913 und zu Freburg umb er konen verkaufft,
3129 2837 4575 3052 wüße aber nit weßen selbige gewesen seye.
3267 3070 3792 3267 ntlichen das
3062 3216 4615 3412 Gor einem jahr habe er ein roß ab der
3132 3336 4602 3530 Bundisperger allment hinweg gefhüert
3123 3431 4623 3655 so Hanß Webers im gfell gsyn so sol
3151 3573 4594 3752 welches er einem gewüßen Burgunder,
3147 3687 4580 3869 so imme unbekandt an der Hansen brügg
3116 3798 4071 4015 umb 20 ß verlauffen habe
3093 4103 4615 4318 Bber disere durch zuuor gemelten Hanß Bart
3156 4264 4655 4420 begangne diebstähl habendt mahl und obere
3132 4359 4601 4546 Schuldtheiß Raht und Burger erkendt, daß
3157 4482 4647 4636 er von dero statt und Landt, sonderlich aber
3160 4587 4636 4771 auch vf der Vogley Schwartzenburg Endtlich
3172 4695 4629 4913 gewisen, vnd noch darzu mit ruten
3159 4842 4537 5032 usgeschmeitzt werden solle, Actum 6.
3897 4987 4023 5102 3.
3124 5000 3626 5156 Jun. 165
