5472 7296
671 1382 810 1557 96.
845 1384 2411 1633 also daß sy uff solche eheversprechung
847 1500 2350 1727 Zenoffermahlen den bei schlaff mit dem
868 1602 2429 1781 anderen vollbracht, beiderseiths gantz nit
1385 1704 2479 1878 daß solche ehe nit allein von
870 1753 1392 1905 wüßent
821 1774 2426 1988 der Oberkeit, sondern von Gottselbsten in
817 1888 2427 2100 seinem h. wort verbotten, Als er aber
849 1972 2467 2178 von etlichen verstanden, wie die all zu nache
857 2060 2426 2269 Verwandtschafft dergleich Ehe nit gestatten
849 2165 2476 2369 könne, heige er sich, umb gwüßen bricht
844 2261 2339 2458 zuuernemmen, zu herren decan zu thun
849 2347 2455 2517 verfügt und befragt, ob dergleich personen
873 2454 2437 2643 sich zusamen verheürathen könte oder nit, keine aber
870 2534 2458 2721 nit angemeldet, daß der beischlaff albereit,
868 2633 2402 2782 mit diser seiner fr Bruders dochter ge¬
1492 2715 2424 2880 snachdem er aber nun von
852 2754 1123 2888 schricht.
839 2807 2407 3005 herr Decan vernommen, daß ein sölche ehe
810 2897 2277 3069 wie das gesatz und hiemit verbotten,
834 2997 2415 3182 sye er mit trawrigen hertzen heimgangen,
891 3087 2429 3259 sölches seiner vermeint frawen groffen
842 3163 2304 3354 baret, vnd sich ira verders nit beladen,
863 3258 2396 3409 die dan auch in wenigs Zeits darnach
856 3335 2437 3465 widerumb von Ime, mit schwangeren leib
859 3423 2377 3592 vnd großem kummer beiderriths frunden
877 3514 2368 3684 und verwandten, zu iremelteren heim
853 3618 2454 3775 Rogh vnd in vier monat darnach hinge¬
882 3699 2368 3865 farlich eines uneßen und nit mehr dan
849 3796 2232 3959 8 nannt getragnen kindts genesen,
853 3887 2392 4038 welches der dochter Vatter vnd bruder
851 3999 2376 4121 ime tod nachts zu hauß gebracht, so er
854 4066 1980 4220 alsbald im kilchhof vergraben.
699 4390 2313 4586 Als nun den 9. decemb. 1613 obgehörten
830 4544 2395 4677 Margreth Möwer, zusampt Irer Mutter,
841 4614 2272 4769 us ir ganten befelch alhar beschickt und
844 4703 2455 4860 Wie sy mit der geburt umbgangen befragt,
840 4788 2416 4951 auch gegen ermeltem hoffner controntirt
852 4888 2419 5040 worden, hatt dieselbige sein hoffners obge¬
840 4973 2392 5125 thane bekantnuß bestättiget, darbei auch be
832 5060 2327 5222 züget, daß sy vor der eheversprechung,
830 5184 2348 5306 nach hernach als sy vernommen, daß sölche ehr
841 5234 2371 5394 verbotten, mit Ime loffner nichts zuschaffen
823 5308 1271 5435 gehabt,
1268 5334 2319 5458 vol habe sy im die ber
824 5411 2324 5549 wandtschafft offt vorgehalten, er habe aber
824 5484 2350 5651 Ira tederwylen vorgeworffen, daß er im
829 5545 2414 5713 nichts verwandt, wolle auch bei der oberkeit
819 5664 2289 5791 vmb die bestättigung der ehe nachwerben
2287 5695 2385 5801 1
815 5736 2291 5930 Darmit er sy bedorlet, so lang, das sy
2917 1363 4540 1589 entlich uff empfangnen bricht, daß des
2931 1521 4585 1684 gleich ehe verbotten, mit schwangeren leib
2921 1593 4485 1769 höchst bekümmerend von imme gangen und in
2935 1687 4620 1863 26 wochen ungfarlich nach dem erst beischlaff
2950 1786 4545 1977 eines kindts genesen, welches gantz recht
2945 1884 4655 2063 ohne grynen vnd Zeicht des lebens, so vier hette
2935 1990 4633 2163 gspüren mögen an die welt gebohren worden.
2885 2242 4658 2439 Barbara Springen von Schorren, gedachter
2937 2380 4556 2535 Margreth Blöwerin Mutter, hatt vff
2941 2467 4611 2601 ernsthafftiges befragen, wie diß kind an die
2944 2577 4192 2710 welt gebohren worden anzeigt,
2950 2671 4657 2836 Nachdem die Ire dochter vernomen, daß
2963 2747 4683 2939 die zwüschen ira und Christen hoffner versprochne
2945 2839 4628 2999 Ehe, von der Oberkeit nit könne noch werde
2980 2941 4571 3098 guttgeheißen werden, Sondern dergleich
2956 3049 4583 3210 Ehe heiter verbotten, seye sy in große be¬
2955 3137 4605 3299 trubnuß und also mit schwängeren lyb
2950 3239 4594 3397 von Ime Hoffner zu Ira widerumb In Ir
2962 3332 4516 3485 huß kommen, ein zeit lang übel uf und in
2965 3437 4559 3601 großem kummer gewesen, vnd in solchem
2941 3533 4536 3651 kummer etwas vor wienacht, hiemit vil
2937 3628 4640 3787 zu frü in irem und ires höhnis weib bei syn
2965 3746 4580 3904 des kindts gewesen, vor der geniste
2964 3842 4537 3999 aber seye sy selbst zum hoffner gangen,
2954 3928 4574 4089 Ime vermeldende, daß ire dochter zu
2943 4037 4662 4187 Rindts nothl, da er damahlen versprochen,
2966 4133 4513 4293 er wolle alsbald kommen, solle nur
2953 4227 4693 4375 Mar dannen gehen und die sach nach. Woruff
2962 4340 4578 4500 sy stracks nach haus gangen und alsbald
2955 4446 4678 4606 bej Iren ankunfft, habe sey das kind in der
2962 4533 4632 4707 gemist empfangen und gstecht, daß es ein
2944 4631 4636 4822 sehr schlechte vnd ausgetragne frucht
2968 4746 4625 4922 welche schier wie lumpen gewesen vnd
2976 4843 4596 5015 kümerlich habe mögen erkent werden.
3028 4954 4611 5117 daß es ein dochterli, vnd das leben
2961 5036 4699 5201 habe, dan so vil sy vermeine, seige es nit
2989 5132 4456 5306 mehr dan ein eintzig athen zug gethan
3020 5222 4657 5390 wußte doch selbiges so gar eigentlich nit
2962 5311 4666 5499 zusagen, das nachdem sy imme ein nägelin
2978 5423 4650 5591 in mand thun wöllen, heige es kein dürung
2934 5517 4661 5693 des lebels mehr gethan, woruff diß
2944 5619 4547 5797 todne kind, er mann und sohn, dem Vatter
2931 5716 4602 5877 loffner zu bracht, der daßelbige alsbald
2965 5811 4370 5987 uff dem kilchhof nachts begraben.
