<?xml version="1.0" encoding="UTF-8" standalone="yes"?>
<PcGts xmlns="http://schema.primaresearch.org/PAGE/gts/pagecontent/2013-07-15" xmlns:xsi="http://www.w3.org/2001/XMLSchema-instance" xsi:schemaLocation="http://schema.primaresearch.org/PAGE/gts/pagecontent/2013-07-15 http://schema.primaresearch.org/PAGE/gts/pagecontent/2013-07-15/pagecontent.xsd">
    <Metadata>
        <Creator>prov=University of Rostock/Institute of Mathematics/CITlab|PLANET AI GmbH/Gundram Leifert/gundram.leifert@planet-ai.de:name=German_Kurrent_XVI-XVIII_M1(htr_id=19584)::::v=2.6.6
prov=University of Rostock/Institute of Mathematics/CITlab|PLANET AI GmbH/Tobias Gruening/tobias.gruening@planet-ai.de:name=de.uros.citlab.module.baseline2polygon.B2PSeamMultiOriented:v=2.6.6
prov=University of Rostock/Institute of Mathematics/CITlab|PLANET AI GmbH/Tobias Gruening/tobias.gruening@planet-ai.de:name=/net_tf/LA73_249_0mod360.pb:de.uros.citlab.segmentation.CITlab_LA_ML:v=2.6.6
Transkribus</Creator>
        <Created>2020-10-05T15:03:51.054+02:00</Created>
        <LastChange>2022-09-09T15:59:34.862+02:00</LastChange>
        <TranskribusMetadata docId="1334831" pageId="52360953" pageNr="25" tsid="114642730" status="IN_PROGRESS" userId="9570" imgUrl="https://files.transkribus.eu/Get?id=PINCUYYDBLXWFMHSQCGTQWWD&amp;fileType=view" xmlUrl="https://files.transkribus.eu/Get?id=YQNAIOFMMQJNYIJLWLYWEJOA" imageId="16066715"/>
    </Metadata>
    <Page imageFilename="Turmbuch_StAB B IX 476_00025-20200925_082624.jpg" imageWidth="5472" imageHeight="7296">
        <ReadingOrder>
            <OrderedGroup id="ro_1687513721352" caption="Regions reading order">
                <RegionRefIndexed index="0" regionRef="r1"/>
                <RegionRefIndexed index="1" regionRef="r2"/>
                <RegionRefIndexed index="2" regionRef="r3"/>
            </OrderedGroup>
        </ReadingOrder>
        <TextRegion orientation="0.0" id="r1" custom="readingOrder {index:0;}">
            <Coords points="784,1469 784,1634 940,1634 940,1469"/>
            <TextLine id="r1l1" custom="readingOrder {index:0;}">
                <Coords points="774,1605 808,1614 834,1584 862,1586 877,1597 891,1593 911,1570 951,1572 943,1478 901,1479 874,1467 855,1490 845,1486 829,1499 797,1504 782,1522 768,1525"/>
                <Baseline points="784,1584 810,1578 836,1575 862,1571 888,1569 914,1570 940,1572"/>
                <TextEquiv>
                    <Unicode>48.</Unicode>
                </TextEquiv>
            </TextLine>
            <TextEquiv>
                <Unicode>48.</Unicode>
            </TextEquiv>
        </TextRegion>
        <TextRegion orientation="0.0" id="r2" custom="readingOrder {index:1;}">
            <Coords points="690,1448 690,6684 2578,6684 2578,1448"/>
            <TextLine id="r2l1" custom="readingOrder {index:0;}">
                <Coords points="1122,1644 1297,1558 1368,1616 1518,1542 1644,1563 1726,1519 2521,1523 2513,1422 2405,1456 2275,1387 2164,1454 1994,1405 1788,1461 1588,1437 1466,1505 1238,1425 1108,1444"/>
                <Baseline points="1130,1588 1198,1582 1267,1573 1336,1565 1405,1555 1474,1547 1543,1538 1612,1530 1681,1521 1750,1513 1819,1506 1887,1501 1956,1496 2025,1492 2094,1488 2163,1488 2232,1488 2301,1490 2370,1494 2439,1499 2508,1508"/>
                <TextEquiv>
                    <Unicode>Daß beyders halben habe man sich berathschlaget,</Unicode>
                </TextEquiv>
            </TextLine>
            <TextLine id="r2l2" custom="readingOrder {index:1;} place {offset:27; length:9;}">
                <Coords points="1135,1702 1327,1712 1390,1645 1491,1695 1661,1613 2445,1593 2484,1524 2261,1543 2182,1495 1929,1550 1854,1518 1744,1568 1518,1542 1420,1607 1294,1566 1129,1634"/>
                <Baseline points="1146,1684 1212,1675 1279,1666 1345,1657 1412,1647 1479,1639 1545,1629 1612,1621 1678,1612 1745,1605 1812,1599 1878,1593 1945,1588 2011,1583 2078,1579 2144,1577 2211,1576 2278,1576 2344,1576 2411,1578 2478,1582"/>
                <TextEquiv>
                    <Unicode>die ergowischen stett, als hoffingen und fraw</Unicode>
                </TextEquiv>
            </TextLine>
            <TextLine id="r2l3" custom="readingOrder {index:2;}">
                <Coords points="1158,1815 1487,1709 1532,1741 1854,1688 1943,1740 2069,1668 2207,1716 2406,1668 2507,1719 2510,1547 2364,1634 1666,1615 1495,1690 1441,1656 1332,1712 1150,1705"/>
                <Baseline points="1166,1760 1233,1752 1300,1741 1367,1734 1434,1725 1501,1716 1568,1711 1635,1703 1702,1695 1769,1688 1836,1683 1903,1678 1970,1673 2037,1669 2104,1665 2171,1662 2238,1660 2305,1660 2372,1658 2439,1660 2506,1660"/>
                <TextEquiv>
                    <Unicode>In: vnd die stuck daselbsten zu nemmen, auch sich</Unicode>
                </TextEquiv>
            </TextLine>
            <TextLine id="r2l4" custom="readingOrder {index:3;}">
                <Coords points="1154,1879 1307,1905 1439,1814 1613,1862 1709,1793 1877,1825 2145,1756 2223,1823 2282,1790 2343,1819 2398,1762 2497,1762 2492,1703 2407,1667 2370,1706 2324,1671 2285,1710 2100,1691 1943,1739 1854,1687 1604,1752 1488,1709 1415,1769 1274,1751 1149,1804"/>
                <Baseline points="1162,1838 1228,1833 1294,1827 1360,1821 1426,1814 1492,1807 1558,1800 1624,1793 1690,1785 1756,1778 1823,1772 1889,1764 1955,1759 2021,1754 2087,1750 2153,1747 2219,1746 2285,1744 2351,1746 2417,1748 2484,1752"/>
                <TextEquiv>
                    <Unicode>mit proclant uß den Closteren zuuersechen.</Unicode>
                </TextEquiv>
            </TextLine>
            <TextLine id="r2l5" custom="readingOrder {index:4;} person {offset:46; length:3; continued:true;}">
                <Coords points="1135,2006 1427,1992 1467,1956 1764,1994 1895,1914 1960,1963 2036,1903 2110,1950 2160,1901 2392,1944 2429,1861 2261,1795 2061,1836 1974,1797 1744,1875 1514,1859 1405,1926 1242,1876 1127,1894"/>
                <Baseline points="1146,1982 1209,1976 1273,1970 1337,1965 1400,1959 1464,1954 1528,1947 1591,1941 1655,1936 1719,1930 1783,1924 1846,1918 1910,1913 1974,1909 2037,1905 2101,1902 2165,1900 2228,1898 2292,1898 2356,1898 2420,1900"/>
                <TextEquiv>
                    <Unicode>do seye auch by ir guten herren schultheissen von</Unicode>
                </TextEquiv>
            </TextLine>
            <TextLine id="r2l6" custom="readingOrder {index:5;} person {offset:0; length:12; continued:true;} person {offset:31; length:5;}">
                <Coords points="1075,2101 1370,2044 1583,2075 1844,2011 1992,2033 2139,1978 2322,2028 2404,1986 2398,1918 2320,1943 2239,1904 2135,1955 2032,1904 1963,1962 1903,1919 1748,1986 1568,1944 1410,2011 1341,1969 1068,2014"/>
                <Baseline points="1086,2076 1151,2069 1216,2064 1281,2057 1346,2049 1412,2043 1477,2037 1542,2031 1607,2026 1672,2018 1738,2014 1803,2008 1868,2003 1933,1998 1998,1994 2064,1990 2129,1986 2194,1983 2259,1980 2324,1978 2390,1976"/>
                <TextEquiv>
                    <Unicode>Gtraffenried Schure, durch Ire Kergs</Unicode>
                </TextEquiv>
            </TextLine>
            <TextLine id="r2l7" custom="readingOrder {index:6;}">
                <Coords points="1151,2170 1244,2149 1299,2187 1389,2138 1435,2177 1499,2124 1565,2148 1637,2111 1740,2158 1883,2142 1988,2068 2252,2102 2450,2070 2447,2025 2361,1992 2244,2029 2199,1992 2134,2033 1669,2038 1588,2080 1505,2048 1440,2089 1375,2044 1147,2116"/>
                <Baseline points="1162,2150 1225,2143 1289,2136 1353,2130 1417,2123 1481,2118 1544,2111 1608,2105 1672,2101 1736,2095 1800,2088 1863,2083 1927,2080 1991,2074 2055,2071 2119,2067 2182,2063 2246,2060 2310,2058 2374,2055 2438,2054"/>
                <TextEquiv>
                    <Unicode>räth samptlich abgerathen worden, die</Unicode>
                </TextEquiv>
            </TextLine>
            <TextLine id="r2l8" custom="readingOrder {index:7;}">
                <Coords points="1148,2259 1363,2206 1576,2250 1627,2197 1853,2169 2023,2200 2116,2150 2226,2204 2307,2146 2561,2183 2557,2079 2182,2110 1990,2067 1889,2136 1141,2165"/>
                <Baseline points="1158,2232 1227,2225 1297,2219 1366,2212 1436,2204 1506,2196 1575,2191 1645,2183 1714,2178 1784,2172 1854,2165 1923,2160 1993,2155 2062,2151 2132,2148 2202,2144 2271,2142 2341,2140 2410,2140 2480,2140 2550,2142"/>
                <TextEquiv>
                    <Unicode>Nüwebrugg inzunemmen, und volgents sich</Unicode>
                </TextEquiv>
            </TextLine>
            <TextLine id="r2l9" custom="readingOrder {index:8;} place {offset:4; length:14;}">
                <Coords points="1160,2324 1715,2268 1805,2302 1938,2247 2108,2294 2182,2239 2463,2245 2458,2177 2372,2155 2227,2203 2172,2167 2069,2203 1873,2167 1533,2253 1367,2210 1157,2275"/>
                <Baseline points="1170,2308 1234,2304 1298,2299 1362,2293 1426,2287 1490,2281 1554,2275 1618,2270 1682,2264 1746,2258 1810,2253 1874,2247 1938,2243 2002,2238 2066,2235 2130,2232 2194,2228 2258,2227 2322,2226 2386,2226 2450,2228"/>
                <TextEquiv>
                    <Unicode>der Hummenen brugg zu bemechtig, alles</Unicode>
                </TextEquiv>
            </TextLine>
            <TextLine id="r2l10" custom="readingOrder {index:9;}">
                <Coords points="1149,2440 1313,2378 1509,2353 1597,2402 2070,2316 2196,2384 2257,2335 2548,2326 2545,2262 2242,2277 2190,2240 2101,2293 1958,2251 1772,2305 1554,2279 1356,2345 1143,2329"/>
                <Baseline points="1158,2384 1226,2381 1295,2377 1364,2371 1433,2366 1502,2361 1571,2356 1640,2350 1709,2345 1778,2340 1847,2334 1915,2329 1984,2326 2053,2322 2122,2318 2191,2316 2260,2314 2329,2314 2398,2314 2467,2314 2536,2316"/>
                <TextEquiv>
                    <Unicode>zu dem end damit die Statt runfft herumb</Unicode>
                </TextEquiv>
            </TextLine>
            <TextLine id="r2l11" custom="readingOrder {index:10;}">
                <Coords points="1151,2497 1408,2526 1579,2513 1809,2426 2308,2419 2302,2339 2234,2368 2072,2318 1942,2377 1874,2344 1566,2401 1509,2353 1386,2421 1293,2399 1147,2440"/>
                <Baseline points="1162,2470 1218,2468 1275,2466 1331,2462 1388,2459 1445,2454 1501,2449 1558,2444 1614,2439 1671,2434 1728,2428 1784,2423 1841,2419 1897,2415 1954,2411 2011,2408 2067,2405 2124,2402 2180,2402 2237,2402 2294,2404"/>
                <TextEquiv>
                    <Unicode>von inen praequiert werden könne.</Unicode>
                </TextEquiv>
            </TextLine>
            <TextLine id="r2l12" custom="readingOrder {index:11;} person {offset:24; length:4;} person {offset:33; length:5; continued:true;}">
                <Coords points="1131,2660 2184,2576 2525,2638 2519,2480 2280,2504 2157,2448 2052,2514 1873,2460 1669,2534 1494,2506 1343,2559 1125,2521"/>
                <Baseline points="1142,2628 1210,2624 1278,2620 1347,2617 1415,2613 1484,2608 1552,2604 1620,2602 1689,2598 1757,2594 1826,2590 1894,2588 1962,2585 2031,2582 2099,2580 2168,2578 2236,2577 2304,2576 2373,2576 2441,2576 2510,2576"/>
                <TextEquiv>
                    <Unicode>Iffgehörter Statthalter Berg vnd Chris</Unicode>
                </TextEquiv>
            </TextLine>
            <TextLine id="r2l13" custom="readingOrder {index:12;} person {offset:0; length:9; continued:true;} place {offset:26; length:11;}">
                <Coords points="1167,2759 1260,2715 1496,2738 1837,2676 2194,2668 2267,2719 2319,2667 2520,2686 2517,2630 2280,2579 1589,2614 1441,2670 1162,2644"/>
                <Baseline points="1178,2712 1244,2708 1310,2704 1377,2700 1443,2697 1510,2692 1576,2688 1642,2683 1709,2679 1775,2676 1842,2672 1908,2669 1974,2666 2041,2663 2107,2662 2174,2660 2240,2658 2306,2658 2373,2658 2439,2660 2506,2662"/>
                <TextEquiv>
                    <Unicode>Zimmerman habent inen von Stäffisburg</Unicode>
                </TextEquiv>
            </TextLine>
            <TextLine id="r2l14" custom="readingOrder {index:13;}">
                <Coords points="1182,2816 1283,2844 1365,2795 1496,2836 1593,2779 1839,2805 1953,2747 2076,2793 2245,2737 2327,2787 2372,2745 2550,2762 2547,2699 2373,2663 1755,2682 1179,2757"/>
                <Baseline points="1194,2798 1261,2794 1328,2788 1395,2783 1462,2778 1530,2772 1597,2767 1664,2761 1731,2758 1798,2753 1866,2750 1933,2746 2000,2742 2067,2740 2134,2738 2202,2736 2269,2736 2336,2734 2403,2736 2470,2736 2538,2738"/>
                <TextEquiv>
                    <Unicode>uß zugeschriben, daß sy vorhabens höltzer</Unicode>
                </TextEquiv>
            </TextLine>
            <TextLine id="r2l15" custom="readingOrder {index:14;}">
                <Coords points="1188,2914 1325,2876 1400,2908 1668,2858 1712,2894 1904,2834 2396,2825 2394,2790 2180,2747 2074,2793 1873,2775 1835,2812 1752,2767 1523,2828 1183,2815"/>
                <Baseline points="1198,2872 1257,2869 1316,2866 1375,2862 1435,2859 1494,2856 1553,2852 1613,2847 1672,2844 1731,2840 1791,2836 1850,2834 1909,2830 1968,2828 2028,2824 2087,2822 2146,2820 2206,2818 2265,2816 2324,2816 2384,2816"/>
                <TextEquiv>
                    <Unicode>zufellen, in die Ahren zu werffen, vnd</Unicode>
                </TextEquiv>
            </TextLine>
            <TextLine id="r2l16" custom="readingOrder {index:15;} place {offset:29; length:6;}">
                <Coords points="1175,2963 1348,2944 1447,2989 1518,2944 1804,2919 1965,2959 2193,2898 2405,2945 2432,2857 2087,2834 1917,2884 1793,2847 1718,2893 1610,2857 1389,2905 1171,2881"/>
                <Baseline points="1186,2946 1247,2944 1309,2940 1371,2938 1433,2934 1495,2930 1556,2927 1618,2924 1680,2920 1742,2916 1804,2913 1865,2910 1927,2906 1989,2904 2051,2902 2113,2900 2174,2899 2236,2898 2298,2898 2360,2898 2422,2900"/>
                <TextEquiv>
                    <Unicode>dardurch die Mullinen an der Matten</Unicode>
                </TextEquiv>
            </TextLine>
            <TextLine id="r2l17" custom="readingOrder {index:16;}">
                <Coords points="1188,3049 1230,3042 1261,3065 1336,3031 1357,3052 1446,3027 1513,3051 1529,3036 1607,3048 1627,3030 1679,3043 1700,3037 1696,2927 1587,2964 1518,2943 1493,2960 1466,2935 1380,2955 1246,2952 1186,2985"/>
                <Baseline points="1198,3018 1223,3018 1249,3015 1275,3013 1301,3012 1326,3011 1352,3010 1378,3008 1404,3008 1430,3006 1455,3006 1481,3005 1507,3004 1533,3004 1559,3004 1584,3002 1610,3002 1636,3001 1662,3000 1688,3000"/>
                <TextEquiv>
                    <Unicode>alhie Zūverderb</Unicode>
                </TextEquiv>
            </TextLine>
            <TextLine id="r2l18" custom="readingOrder {index:17;}">
                <Coords points="2131,3108 2197,3110 2239,3131 2314,3098 2361,3104 2406,3144 2436,3118 2462,3125 2462,3076 2434,3069 2389,3031 2302,3022 2257,3039 2246,3030 2203,3039 2175,3011 2130,3002"/>
                <Baseline points="2142,3106 2167,3102 2193,3099 2219,3097 2244,3094 2270,3094 2296,3092 2321,3092 2347,3093 2373,3095 2398,3098 2424,3101 2450,3106"/>
                <TextEquiv>
                    <Unicode>die burg</Unicode>
                </TextEquiv>
            </TextLine>
            <TextLine id="r2l19" custom="readingOrder {index:18;}">
                <Coords points="1160,3242 1901,3177 2075,3220 2155,3160 2530,3181 2527,3117 2170,3122 2055,3075 1979,3122 1909,3083 1857,3137 1540,3078 1338,3148 1156,3124"/>
                <Baseline points="1170,3210 1237,3208 1304,3204 1372,3200 1439,3196 1507,3192 1574,3189 1641,3185 1709,3181 1776,3178 1844,3174 1911,3172 1978,3170 2046,3166 2113,3164 2181,3164 2248,3162 2315,3162 2383,3162 2450,3162 2518,3164"/>
                <TextEquiv>
                    <Unicode>Verners hatt er angeben, daß sy willens</Unicode>
                </TextEquiv>
            </TextLine>
            <TextLine id="r2l20" custom="readingOrder {index:19;}">
                <Coords points="1180,3321 1235,3277 1318,3305 1564,3255 1725,3299 1991,3243 2335,3258 2370,3226 2418,3267 2443,3160 2357,3201 2204,3206 2158,3165 2115,3206 2031,3174 1936,3203 1895,3166 1177,3232"/>
                <Baseline points="1190,3274 1252,3270 1314,3266 1376,3262 1438,3258 1501,3256 1563,3254 1625,3250 1687,3248 1749,3246 1812,3244 1874,3242 1936,3242 1998,3240 2060,3238 2123,3238 2185,3236 2247,3234 2309,3234 2371,3232 2434,3230"/>
                <TextEquiv>
                    <Unicode>gewesen, die Statt Inzunemmen, wan sey</Unicode>
                </TextEquiv>
            </TextLine>
            <TextLine id="r2l21" custom="readingOrder {index:20;}">
                <Coords points="1179,3366 1754,3322 1868,3370 2134,3308 2355,3359 2478,3307 2475,3232 2401,3273 2176,3234 1755,3301 1561,3256 1510,3296 1274,3278 1177,3322"/>
                <Baseline points="1190,3346 1253,3344 1317,3340 1381,3338 1445,3336 1509,3332 1572,3330 1636,3328 1700,3325 1764,3322 1828,3320 1891,3317 1955,3314 2019,3312 2083,3310 2147,3308 2210,3308 2274,3306 2338,3304 2402,3302 2466,3302"/>
                <TextEquiv>
                    <Unicode>nur hetten können, auch die burgerschafft</Unicode>
                </TextEquiv>
            </TextLine>
            <TextLine id="r2l22" custom="readingOrder {index:21;}">
                <Coords points="1192,3483 1485,3411 2427,3414 2504,3397 2501,3313 2356,3356 2133,3310 1870,3371 1530,3341 1416,3385 1341,3332 1187,3368"/>
                <Baseline points="1200,3424 1264,3419 1329,3416 1393,3413 1458,3410 1522,3407 1587,3404 1651,3402 1716,3400 1780,3397 1845,3396 1909,3393 1974,3390 2038,3388 2103,3387 2167,3384 2232,3382 2296,3380 2361,3378 2425,3376 2490,3374"/>
                <TextEquiv>
                    <Unicode>ußthürnt und einen anderen rath zu setzen</Unicode>
                </TextEquiv>
            </TextLine>
            <TextLine id="r2l23" custom="readingOrder {index:22;} person {offset:10; length:10;} person {offset:25; length:13;}">
                <Coords points="1122,3530 1758,3490 1844,3544 1904,3490 2188,3477 2359,3533 2511,3479 2490,3405 2215,3436 2080,3389 1359,3422 1308,3466 1218,3428 1120,3481"/>
                <Baseline points="1134,3504 1202,3504 1270,3502 1338,3500 1406,3498 1475,3496 1543,3494 1611,3491 1679,3488 1747,3486 1816,3483 1884,3480 1952,3479 2020,3476 2088,3474 2157,3472 2225,3472 2293,3470 2361,3470 2429,3470 2498,3470"/>
                <TextEquiv>
                    <Unicode>Darzu das Ulli Galli der Bergen Michel</Unicode>
                </TextEquiv>
            </TextLine>
            <TextLine id="r2l24" custom="readingOrder {index:23;} person {offset:0; length:18;}">
                <Coords points="1173,3609 1255,3592 1331,3647 1393,3593 1619,3582 1726,3636 1770,3590 2060,3560 2463,3582 2462,3523 2325,3530 2230,3478 1864,3533 1755,3494 1705,3540 1621,3495 1505,3545 1391,3501 1331,3543 1170,3512"/>
                <Baseline points="1184,3588 1247,3586 1310,3582 1373,3581 1437,3578 1500,3576 1563,3574 1627,3572 1690,3569 1753,3566 1817,3564 1880,3562 1943,3561 2006,3559 2070,3558 2133,3556 2196,3556 2260,3556 2323,3555 2386,3556 2450,3556"/>
                <TextEquiv>
                    <Unicode>Statthalter Berger vnd weibel von</Unicode>
                </TextEquiv>
            </TextLine>
            <TextLine id="r2l25" custom="readingOrder {index:24;} place {offset:0; length:9;}">
                <Coords points="1173,3689 1246,3710 1299,3670 1445,3672 1493,3707 1578,3648 1708,3716 1803,3674 1910,3708 2018,3654 2084,3701 2214,3651 2210,3571 2158,3559 2054,3594 1782,3560 1577,3619 1526,3579 1438,3627 1343,3591 1170,3614"/>
                <Baseline points="1184,3672 1234,3670 1285,3668 1336,3666 1387,3662 1438,3659 1488,3658 1539,3655 1590,3653 1641,3650 1692,3648 1742,3646 1793,3644 1844,3642 1895,3640 1946,3640 1996,3638 2047,3638 2098,3636 2149,3636 2200,3636"/>
                <TextEquiv>
                    <Unicode>Rötenbach Insonderheit gerath.</Unicode>
                </TextEquiv>
            </TextLine>
            <TextLine id="r2l26" custom="readingOrder {index:25;}">
                <Coords points="1176,3788 1344,3801 1493,3749 1821,3800 1884,3758 2213,3771 2431,3729 2428,3652 2122,3718 1949,3671 1896,3716 1806,3674 1694,3720 1577,3650 1494,3707 1446,3671 1297,3671 1235,3715 1173,3689"/>
                <Baseline points="1188,3776 1249,3771 1311,3768 1372,3765 1434,3762 1495,3760 1557,3758 1618,3756 1680,3754 1741,3753 1803,3752 1864,3750 1926,3748 1987,3746 2049,3746 2110,3744 2172,3741 2233,3738 2295,3736 2356,3734 2418,3730"/>
                <TextEquiv>
                    <Unicode>und seye dilarswyß grett worden, das</Unicode>
                </TextEquiv>
            </TextLine>
            <TextLine id="r2l27" custom="readingOrder {index:26;} person {offset:0; length:17;} person {offset:22; length:14;}">
                <Coords points="1167,3874 2332,3816 2427,3858 2557,3818 2555,3736 1864,3762 1818,3802 1578,3808 1492,3750 1439,3794 1164,3787"/>
                <Baseline points="1178,3852 1246,3850 1314,3846 1383,3844 1451,3841 1520,3838 1588,3834 1656,3832 1725,3830 1793,3827 1862,3825 1930,3822 1998,3820 2067,3818 2135,3816 2204,3814 2272,3812 2340,3810 2409,3808 2477,3806 2546,3804"/>
                <TextEquiv>
                    <Unicode>Niclauß Lewenberg vnd daniel Kupffer</Unicode>
                </TextEquiv>
            </TextLine>
            <TextLine id="r2l28" custom="readingOrder {index:27;} person {offset:14; length:10;}">
                <Coords points="1168,3983 1296,3926 1408,3972 1641,3906 1728,3965 1792,3913 1993,3969 2135,3903 2275,3946 2437,3864 2436,3822 1359,3846 1165,3889"/>
                <Baseline points="1178,3926 1240,3924 1302,3922 1365,3920 1427,3919 1490,3918 1552,3916 1614,3916 1677,3914 1739,3912 1802,3911 1864,3910 1926,3908 1989,3906 2051,3904 2114,3902 2176,3899 2238,3896 2301,3892 2363,3889 2426,3884"/>
                <TextEquiv>
                    <Unicode>schultheißen. Ulli Galli anstatt e</Unicode>
                </TextEquiv>
            </TextLine>
            <TextLine id="r2l29" custom="readingOrder {index:28;}">
                <Coords points="1154,4048 2168,3983 2324,3981 2377,4024 2526,3982 2524,3902 2278,3947 2072,3911 2001,3965 1816,3911 1726,3965 1504,3927 1399,3973 1301,3926 1237,3980 1152,3958"/>
                <Baseline points="1166,4010 1233,4010 1300,4007 1368,4006 1435,4004 1503,4002 1570,4002 1637,4000 1705,3998 1772,3996 1840,3994 1907,3994 1974,3991 2042,3990 2109,3987 2177,3985 2244,3982 2311,3979 2379,3976 2446,3973 2514,3968"/>
                <TextEquiv>
                    <Unicode>seckelin von Werdts, der Bergmachel</Unicode>
                </TextEquiv>
            </TextLine>
            <TextLine id="r2l30" custom="readingOrder {index:29;}">
                <Coords points="1170,4094 2517,4064 2516,4015 2273,3986 1169,4037"/>
                <Baseline points="1182,4084 1248,4084 1314,4084 1380,4084 1446,4084 1512,4084 1578,4082 1644,4082 1710,4080 1776,4078 1843,4077 1909,4076 1975,4073 2041,4070 2107,4068 2173,4065 2239,4062 2305,4058 2371,4056 2437,4052 2504,4048"/>
                <TextEquiv>
                    <Unicode>Anstatthl. verner frischinen, Er aber</Unicode>
                </TextEquiv>
            </TextLine>
            <TextLine id="r2l31" custom="readingOrder {index:30;}">
                <Coords points="1180,4201 1264,4179 1319,4227 1520,4169 1669,4212 1795,4168 1989,4211 2086,4156 2236,4190 2282,4172 2279,4082 2027,4069 1963,4108 1879,4073 1642,4076 1580,4134 1510,4085 1288,4120 1221,4084 1177,4114"/>
                <Baseline points="1190,4170 1244,4170 1298,4170 1352,4170 1406,4169 1460,4168 1514,4166 1568,4165 1622,4164 1676,4162 1730,4160 1784,4158 1838,4156 1892,4154 1946,4152 2000,4150 2054,4148 2108,4146 2162,4144 2216,4142 2270,4140"/>
                <TextEquiv>
                    <Unicode>brichtschreiben werden söllind.</Unicode>
                </TextEquiv>
            </TextLine>
            <TextLine id="r2l32" custom="readingOrder {index:31;}">
                <Coords points="869,4216 888,4217 924,4193 979,4222 1018,4202 1055,4221 1133,4201 1139,4098 1064,4078 1040,4093 998,4077 984,4088 952,4058 915,4044 891,4062 877,4059"/>
                <Baseline points="884,4158 910,4160 936,4161 963,4162 989,4162 1016,4164 1042,4165 1069,4167 1095,4169 1122,4172"/>
                <TextEquiv>
                    <Unicode>zu einen</Unicode>
                </TextEquiv>
            </TextLine>
            <TextLine id="r2l33" custom="readingOrder {index:32;}">
                <Coords points="2237,4231 2256,4236 2265,4228 2292,4244 2322,4218 2348,4224 2369,4212 2385,4219 2432,4208 2463,4238 2484,4235 2482,4120 2383,4113 2364,4130 2348,4121 2310,4129 2271,4158 2236,4156"/>
                <Baseline points="2248,4216 2276,4214 2304,4213 2332,4212 2360,4212 2388,4210 2416,4210 2444,4210 2472,4212"/>
                <TextEquiv>
                    <Unicode>den buren</Unicode>
                </TextEquiv>
            </TextLine>
            <TextLine id="r2l34" custom="readingOrder {index:33;}">
                <Coords points="1155,4359 1262,4312 1517,4348 1706,4301 1886,4356 2181,4287 2352,4337 2539,4312 2536,4194 2284,4247 2181,4177 2081,4233 1598,4200 1404,4249 1266,4180 1152,4225"/>
                <Baseline points="1166,4306 1234,4304 1302,4302 1370,4302 1438,4300 1506,4300 1574,4300 1642,4298 1710,4298 1778,4298 1846,4296 1914,4296 1982,4294 2050,4293 2118,4290 2186,4288 2254,4285 2322,4280 2390,4276 2458,4271 2526,4264"/>
                <TextEquiv>
                    <Unicode>Er habe auch disenerwyß von Inen gehört,</Unicode>
                </TextEquiv>
            </TextLine>
            <TextLine id="r2l35" custom="readingOrder {index:34;}">
                <Coords points="1218,4453 1467,4392 1606,4442 1756,4385 2239,4437 2315,4372 2426,4401 2425,4333 2357,4346 2257,4289 2197,4327 1999,4305 1885,4357 1750,4314 1696,4355 1634,4300 1513,4354 1456,4308 1216,4319"/>
                <Baseline points="1228,4392 1287,4391 1346,4389 1405,4388 1465,4388 1524,4386 1583,4386 1643,4386 1702,4385 1761,4384 1821,4384 1880,4384 1939,4382 1998,4382 2058,4380 2117,4378 2176,4376 2236,4374 2295,4372 2354,4369 2414,4366"/>
                <TextEquiv>
                    <Unicode>daß sy die jungen wybs persohnen</Unicode>
                </TextEquiv>
            </TextLine>
            <TextLine id="r2l36" custom="readingOrder {index:35;}">
                <Coords points="946,4494 967,4499 1001,4485 1005,4490 1020,4477 1043,4486 1055,4482 1062,4488 1095,4490 1103,4389 1051,4388 1000,4414 967,4381 955,4380"/>
                <Baseline points="960,4466 991,4464 1022,4466 1053,4471 1084,4474"/>
                <TextEquiv>
                    <Unicode>m</Unicode>
                </TextEquiv>
            </TextLine>
            <TextLine id="r2l37" custom="readingOrder {index:36;}">
                <Coords points="1170,4486 1591,4487 1650,4534 1706,4483 2039,4469 2146,4531 2207,4481 2306,4517 2376,4471 2532,4526 2529,4359 2244,4438 2069,4403 1992,4437 1895,4387 1837,4434 1763,4386 1599,4443 1300,4404 1169,4449"/>
                <Baseline points="1182,4478 1248,4478 1315,4478 1382,4476 1449,4476 1516,4476 1582,4474 1649,4474 1716,4472 1783,4470 1850,4470 1916,4468 1983,4468 2050,4466 2117,4465 2184,4464 2250,4464 2317,4462 2384,4462 2451,4462 2518,4464"/>
                <TextEquiv>
                    <Unicode>in der Statt behalt, die alt fortschaffen.</Unicode>
                </TextEquiv>
            </TextLine>
            <TextLine id="r2l38" custom="readingOrder {index:37;}">
                <Coords points="1189,4587 2402,4585 2571,4550 2571,4475 2493,4520 2371,4481 2049,4524 1987,4473 1703,4487 1654,4532 1588,4490 1188,4500"/>
                <Baseline points="1200,4552 1268,4556 1336,4558 1404,4560 1472,4560 1540,4560 1608,4560 1676,4560 1744,4558 1812,4557 1880,4556 1948,4554 2016,4552 2084,4551 2152,4550 2220,4550 2288,4548 2356,4550 2424,4550 2492,4552 2560,4554"/>
                <TextEquiv>
                    <Unicode>und die männer widermach wöllind.</Unicode>
                </TextEquiv>
            </TextLine>
            <TextLine id="r2l39" custom="readingOrder {index:38;}">
                <Coords points="1142,4725 1306,4680 1405,4733 1492,4688 1767,4689 1963,4745 2162,4680 2381,4719 2522,4667 2522,4627 2247,4617 2180,4567 1896,4606 1626,4563 1431,4620 1245,4577 1141,4617"/>
                <Baseline points="1154,4682 1221,4682 1289,4680 1357,4680 1425,4680 1493,4680 1560,4680 1628,4681 1696,4682 1764,4682 1832,4682 1899,4684 1967,4684 2035,4682 2103,4682 2171,4681 2238,4680 2306,4678 2374,4674 2442,4671 2510,4666"/>
                <TextEquiv>
                    <Unicode>Vnd seige der Herzeichel Jeder wylen</Unicode>
                </TextEquiv>
            </TextLine>
            <TextLine id="r2l40" custom="readingOrder {index:39;}">
                <Coords points="1158,4787 1468,4768 1586,4835 1781,4779 2484,4794 2543,4784 2542,4693 2290,4697 2237,4738 2032,4695 1969,4745 1768,4692 1404,4733 1305,4680 1157,4719"/>
                <Baseline points="1170,4768 1238,4768 1306,4768 1374,4770 1442,4770 1510,4770 1578,4770 1646,4770 1714,4770 1782,4770 1850,4770 1918,4770 1986,4770 2054,4768 2122,4767 2190,4766 2258,4764 2326,4762 2394,4759 2462,4756 2530,4752"/>
                <TextEquiv>
                    <Unicode>die Statt angryffen vnd bereinen wöllen,</Unicode>
                </TextEquiv>
            </TextLine>
            <TextLine id="r2l41" custom="readingOrder {index:40;}">
                <Coords points="1163,4858 1328,4899 1555,4849 1770,4886 2430,4860 2429,4794 2326,4779 2281,4815 2203,4775 2002,4811 1787,4776 1595,4834 1467,4768 1296,4810 1162,4788"/>
                <Baseline points="1174,4854 1236,4854 1298,4854 1360,4854 1422,4854 1485,4854 1547,4854 1609,4856 1671,4854 1733,4854 1796,4854 1858,4854 1920,4852 1982,4852 2044,4851 2107,4849 2169,4846 2231,4844 2293,4842 2355,4840 2418,4834"/>
                <TextEquiv>
                    <Unicode>Worzu die entlibuch und Lucerner</Unicode>
                </TextEquiv>
            </TextLine>
            <TextLine id="r2l42" custom="readingOrder {index:41;}">
                <Coords points="1106,4984 1211,4947 1275,5010 1585,4954 2115,4996 2286,4970 2285,4888 2195,4858 2116,4904 1930,4904 1831,4863 1718,4912 1560,4848 1337,4899 1205,4856 1105,4916"/>
                <Baseline points="1118,4952 1175,4950 1233,4948 1291,4948 1349,4946 1407,4946 1464,4946 1522,4944 1580,4944 1638,4944 1696,4944 1753,4944 1811,4944 1869,4942 1927,4942 1985,4942 2042,4940 2100,4938 2158,4935 2216,4932 2274,4928"/>
                <TextEquiv>
                    <Unicode>sehr hitzig vnd rasend gewesen.</Unicode>
                </TextEquiv>
            </TextLine>
            <TextLine id="r2l43" custom="readingOrder {index:42;}">
                <Coords points="1097,5169 1232,5104 1476,5114 1555,5176 1690,5123 1777,5166 1979,5123 2466,5165 2576,5126 2577,5046 2448,4998 1916,5076 1446,5069 1305,5016 1098,5087"/>
                <Baseline points="1110,5114 1182,5110 1255,5107 1328,5106 1401,5106 1474,5106 1546,5107 1619,5110 1692,5112 1765,5114 1838,5116 1910,5119 1983,5122 2056,5122 2129,5124 2202,5124 2274,5122 2347,5120 2420,5117 2493,5111 2566,5104"/>
                <TextEquiv>
                    <Unicode>In irem rathschlag habe er auch gehört, daß</Unicode>
                </TextEquiv>
            </TextLine>
            <TextLine id="r2l44" custom="readingOrder {index:43;}">
                <Coords points="1167,5213 1240,5181 1296,5231 1487,5199 1555,5240 1727,5198 2003,5266 2155,5214 2199,5250 2275,5209 2462,5235 2464,5158 2358,5137 2237,5183 2175,5127 2094,5171 1980,5122 1782,5166 1547,5125 1405,5160 1291,5107 1169,5116"/>
                <Baseline points="1180,5186 1243,5186 1307,5188 1370,5189 1434,5190 1498,5192 1561,5195 1625,5196 1688,5198 1752,5200 1816,5202 1879,5204 1943,5204 2006,5206 2070,5206 2134,5206 2197,5206 2261,5204 2324,5203 2388,5200 2452,5198"/>
                <TextEquiv>
                    <Unicode>sy sich an den vier Graffschaffen, den</Unicode>
                </TextEquiv>
            </TextLine>
            <TextLine id="r2l45" custom="readingOrder {index:44;}">
                <Coords points="1110,5277 1451,5288 1556,5337 1813,5291 1953,5342 2234,5291 2504,5335 2505,5227 2411,5216 2004,5265 1814,5211 1679,5254 1487,5199 1369,5245 1240,5184 1111,5209"/>
                <Baseline points="1122,5264 1190,5267 1259,5270 1327,5272 1396,5276 1464,5278 1533,5280 1601,5282 1670,5284 1738,5286 1807,5288 1875,5288 1944,5290 2012,5290 2081,5289 2149,5288 2218,5288 2286,5286 2355,5284 2423,5280 2492,5278"/>
                <TextEquiv>
                    <Unicode>Newenburgeren und mahl, wöltschen</Unicode>
                </TextEquiv>
            </TextLine>
            <TextLine id="r2l46" custom="readingOrder {index:45;}">
                <Coords points="1133,5405 1289,5361 1545,5410 1640,5372 1841,5407 1995,5384 2053,5420 2359,5386 2360,5332 2287,5347 2182,5293 1953,5352 1846,5301 1772,5344 1667,5295 1546,5342 1434,5286 1351,5315 1136,5278"/>
                <Baseline points="1146,5348 1206,5352 1266,5356 1326,5358 1386,5361 1446,5364 1506,5366 1566,5368 1626,5370 1686,5370 1747,5372 1807,5373 1867,5374 1927,5374 1987,5374 2047,5374 2107,5374 2167,5374 2227,5374 2287,5374 2348,5374"/>
                <TextEquiv>
                    <Unicode>underthanen habent nach wöllen.</Unicode>
                </TextEquiv>
            </TextLine>
            <TextLine id="r2l47" custom="readingOrder {index:46;}">
                <Coords points="949,5467 1192,5440 1299,5499 1391,5458 1458,5511 1532,5461 1773,5511 1840,5459 1992,5500 2137,5465 2137,5425 2007,5385 1724,5421 1654,5372 1547,5412 1367,5368 1171,5404 1109,5353 952,5340"/>
                <Baseline points="960,5452 1018,5447 1076,5442 1134,5440 1193,5438 1251,5438 1309,5438 1368,5439 1426,5440 1484,5443 1543,5445 1601,5448 1659,5451 1717,5454 1776,5456 1834,5458 1892,5460 1951,5462 2009,5462 2067,5460 2126,5460"/>
                <TextEquiv>
                    <Unicode>Ist einmahlen lähr ufzogen worden.</Unicode>
                </TextEquiv>
            </TextLine>
            <TextLine id="r2l48" custom="readingOrder {index:47;}">
                <Coords points="894,5569 1160,5533 1220,5583 1371,5529 1719,5541 1825,5605 2098,5541 2199,5589 2269,5540 2549,5542 2550,5480 2150,5454 1872,5514 1478,5441 1343,5501 1233,5442 1172,5486 894,5458"/>
                <Baseline points="906,5538 987,5533 1069,5529 1150,5528 1232,5526 1314,5528 1395,5528 1477,5532 1558,5534 1640,5536 1722,5540 1803,5542 1885,5545 1966,5546 2048,5546 2130,5546 2211,5544 2293,5541 2374,5536 2456,5528 2538,5518"/>
                <TextEquiv>
                    <Unicode> welche sein bronners gethane mißhandlung</Unicode>
                </TextEquiv>
            </TextLine>
            <TextLine id="r2l49" custom="readingOrder {index:48;}">
                <Coords points="923,5622 2209,5674 2277,5626 2567,5625 2568,5564 924,5573"/>
                <Baseline points="936,5604 1017,5604 1098,5604 1179,5606 1260,5607 1341,5610 1422,5612 1503,5615 1584,5618 1665,5620 1746,5623 1827,5626 1908,5628 1989,5628 2070,5630 2151,5628 2232,5628 2313,5626 2394,5622 2475,5618 2556,5612"/>
                <TextEquiv>
                    <Unicode>mihi rath und burgs by irem eid zu recht erkennt.</Unicode>
                </TextEquiv>
            </TextLine>
            <TextLine id="r2l50" custom="readingOrder {index:49;}">
                <Coords points="937,5705 961,5696 1061,5742 1116,5712 1163,5732 1215,5697 1283,5738 1344,5727 1345,5617 1258,5646 1209,5612 1185,5626 1127,5616 1086,5653 1028,5626 992,5656 938,5632"/>
                <Baseline points="950,5680 975,5680 1000,5682 1026,5683 1051,5684 1077,5684 1102,5686 1128,5686 1153,5686 1179,5686 1204,5686 1230,5686 1255,5686 1281,5686 1306,5686 1332,5686"/>
                <TextEquiv>
                    <Unicode>und gesprochen.</Unicode>
                </TextEquiv>
            </TextLine>
            <TextLine id="r2l51" custom="readingOrder {index:50;} person {offset:23; length:7;}">
                <Coords points="704,5804 1788,5823 2083,5884 2230,5820 2536,5841 2538,5761 2414,5738 2083,5797 1937,5717 1610,5784 1342,5713 1202,5770 708,5672"/>
                <Baseline points="716,5776 806,5778 896,5782 987,5786 1077,5789 1168,5794 1258,5799 1348,5805 1439,5810 1529,5813 1620,5819 1710,5822 1800,5826 1891,5828 1981,5830 2072,5830 2162,5830 2252,5828 2343,5825 2433,5820 2524,5812"/>
                <TextEquiv>
                    <Unicode>und dieweilen ermelter Bränner von allen jetz angehort blutigen</Unicode>
                </TextEquiv>
            </TextLine>
            <TextLine id="r2l52" custom="readingOrder {index:51;}">
                <Coords points="686,5864 2300,5937 2551,5887 2553,5826 1928,5871 688,5801"/>
                <Baseline points="700,5840 792,5842 884,5843 976,5846 1068,5850 1160,5854 1252,5859 1344,5864 1436,5869 1528,5876 1620,5881 1712,5884 1804,5889 1896,5892 1988,5894 2080,5896 2172,5896 2264,5894 2356,5890 2448,5886 2540,5878"/>
                <TextEquiv>
                    <Unicode>anschlegen gewüßt, dieselbige aber nit allem seiner herren oberkeit nit</Unicode>
                </TextEquiv>
            </TextLine>
            <TextLine id="r2l53" custom="readingOrder {index:52;}">
                <Coords points="683,5947 1054,5917 2345,6013 2572,5948 2574,5878 1865,5938 1221,5906 1107,5846 686,5865"/>
                <Baseline points="696,5918 789,5916 882,5916 975,5918 1068,5922 1162,5925 1255,5930 1348,5935 1441,5940 1534,5946 1628,5950 1721,5954 1814,5959 1907,5962 2000,5964 2094,5964 2187,5964 2280,5962 2373,5957 2466,5950 2560,5940"/>
                <TextEquiv>
                    <Unicode>geoffenbaret, sondern zu allen seinen willen gegeben und alles appirt.</Unicode>
                </TextEquiv>
            </TextLine>
            <TextLine id="r2l54" custom="readingOrder {index:53;}">
                <Coords points="684,5999 1495,6003 1890,6086 2120,6032 2535,6066 2538,5962 2264,6006 685,5945"/>
                <Baseline points="696,5990 787,5988 878,5986 970,5987 1061,5990 1153,5992 1244,5996 1335,6002 1427,6007 1518,6013 1610,6018 1701,6024 1792,6028 1884,6031 1975,6034 2067,6036 2158,6036 2249,6034 2341,6030 2432,6023 2524,6014"/>
                <TextEquiv>
                    <Unicode>auch sich zu irem der rebellarii schreiber und hiemit zu einem solchen</Unicode>
                </TextEquiv>
            </TextLine>
            <TextLine id="r2l55" custom="readingOrder {index:54;}">
                <Coords points="687,6080 1916,6095 2051,6156 2572,6118 2573,6062 2452,6032 1881,6078 1498,6004 689,5998"/>
                <Baseline points="698,6060 791,6058 884,6060 977,6062 1070,6064 1163,6068 1256,6072 1349,6076 1442,6081 1535,6086 1629,6091 1722,6095 1815,6098 1908,6102 2001,6104 2094,6104 2187,6104 2280,6102 2373,6099 2466,6094 2560,6086"/>
                <TextEquiv>
                    <Unicode>bösen instrument gebruchen laßen, als han mahl fl und B von</Unicode>
                </TextEquiv>
            </TextLine>
            <TextLine id="r2l56" custom="readingOrder {index:55;}">
                <Coords points="679,6143 1929,6169 2067,6230 2582,6131 680,6079"/>
                <Baseline points="690,6130 784,6128 878,6128 972,6130 1066,6132 1160,6136 1254,6141 1348,6146 1442,6150 1536,6155 1630,6160 1724,6164 1818,6167 1912,6170 2006,6170 2100,6170 2194,6168 2288,6164 2382,6157 2476,6149 2570,6136"/>
                <TextEquiv>
                    <Unicode>solchen und anderen obbekraut mißhandlung wegen bei irem end</Unicode>
                </TextEquiv>
            </TextLine>
            <TextLine id="r2l57" custom="readingOrder {index:56;}">
                <Coords points="693,6222 1486,6216 1989,6295 2489,6261 2584,6233 2587,6151 2050,6222 1918,6168 696,6138"/>
                <Baseline points="706,6192 799,6192 892,6194 985,6197 1079,6201 1172,6206 1265,6211 1359,6216 1452,6221 1545,6227 1639,6231 1732,6237 1825,6241 1918,6244 2012,6246 2105,6246 2198,6246 2292,6242 2385,6238 2478,6232 2572,6222"/>
                <TextEquiv>
                    <Unicode>zu recht erkent und gesprochen, daß er den nachrichter anbefolchen</Unicode>
                </TextEquiv>
            </TextLine>
            <TextLine id="r2l58" custom="readingOrder {index:57;}">
                <Coords points="703,6274 2243,6363 2569,6310 2572,6242 1989,6295 1486,6215 704,6225"/>
                <Baseline points="714,6264 806,6262 898,6263 990,6266 1082,6269 1175,6273 1267,6279 1359,6284 1451,6290 1543,6296 1636,6302 1728,6307 1820,6312 1912,6315 2004,6318 2097,6318 2189,6318 2281,6314 2373,6310 2465,6303 2558,6292"/>
                <TextEquiv>
                    <Unicode>werden, der zuere und uß uff gewönliche nicht statt führen, Ime</Unicode>
                </TextEquiv>
            </TextLine>
            <TextLine id="r2l59" custom="readingOrder {index:58;}">
                <Coords points="700,6345 2530,6417 2534,6309 2142,6361 703,6274"/>
                <Baseline points="712,6332 802,6332 892,6334 983,6336 1073,6340 1164,6344 1254,6349 1344,6354 1435,6361 1525,6365 1616,6372 1706,6376 1796,6381 1887,6385 1977,6387 2068,6388 2158,6388 2248,6387 2339,6384 2429,6378 2520,6370"/>
                <TextEquiv>
                    <Unicode>daselbsten das haupt abschlachen, daselbige volgents an galgen</Unicode>
                </TextEquiv>
            </TextLine>
            <TextLine id="r2l60" custom="readingOrder {index:59;}">
                <Coords points="699,6439 931,6464 1004,6408 2588,6525 2593,6386 2521,6369 2158,6429 703,6345"/>
                <Baseline points="712,6402 805,6402 898,6404 991,6406 1085,6411 1178,6416 1271,6422 1365,6427 1458,6434 1551,6438 1645,6445 1738,6450 1831,6454 1924,6458 2018,6460 2111,6462 2204,6462 2298,6460 2391,6456 2484,6451 2578,6444"/>
                <TextEquiv>
                    <Unicode>zuheffen, und hiemit nach diesem loblichen statt der recht von</Unicode>
                </TextEquiv>
            </TextLine>
            <TextLine id="r2l61" custom="readingOrder {index:60;}">
                <Coords points="701,6528 785,6491 866,6526 910,6492 948,6534 1029,6502 1253,6555 1301,6531 1398,6576 1445,6533 1615,6519 1616,6487 1482,6443 1445,6465 1247,6432 1165,6462 1008,6414 935,6461 892,6421 749,6462 705,6443"/>
                <Baseline points="714,6484 758,6482 803,6482 847,6484 892,6484 936,6486 981,6488 1025,6490 1070,6492 1114,6493 1159,6496 1203,6498 1248,6501 1292,6504 1337,6506 1381,6508 1426,6511 1470,6513 1515,6514 1559,6516 1604,6518"/>
                <TextEquiv>
                    <Unicode>leben zum tod hinrichten sölle.</Unicode>
                </TextEquiv>
            </TextLine>
            <TextLine id="r2l62" custom="readingOrder {index:61;}">
                <Coords points="682,6631 1178,6602 1260,6654 1655,6625 2231,6688 2255,6597 2127,6604 1986,6520 1791,6586 842,6504 687,6542"/>
                <Baseline points="696,6576 773,6580 850,6582 927,6586 1004,6590 1082,6594 1159,6598 1236,6602 1313,6607 1390,6610 1468,6616 1545,6620 1622,6626 1699,6632 1776,6636 1854,6641 1931,6646 2008,6651 2085,6656 2162,6661 2240,6664"/>
                <TextEquiv>
                    <Unicode>Dise urtheill ist vollstreckt worden 25. octobr 1653.</Unicode>
                </TextEquiv>
            </TextLine>
            <TextEquiv>
                <Unicode>Daß beyders halben habe man sich berathschlaget,
die ergowischen stett, als hoffingen und fraw
In: vnd die stuck daselbsten zu nemmen, auch sich
mit proclant uß den Closteren zuuersechen.
do seye auch by ir guten herren schultheissen von
Gtraffenried Schure, durch Ire Kergs
räth samptlich abgerathen worden, die
Nüwebrugg inzunemmen, und volgents sich
der Hummenen brugg zu bemechtig, alles
zu dem end damit die Statt runfft herumb
von inen praequiert werden könne.
Iffgehörter Statthalter Berg vnd Chris
Zimmerman habent inen von Stäffisburg
uß zugeschriben, daß sy vorhabens höltzer
zufellen, in die Ahren zu werffen, vnd
dardurch die Mullinen an der Matten
alhie Zūverderb
die burg
Verners hatt er angeben, daß sy willens
gewesen, die Statt Inzunemmen, wan sey
nur hetten können, auch die burgerschafft
ußthürnt und einen anderen rath zu setzen
Darzu das Ulli Galli der Bergen Michel
Statthalter Berger vnd weibel von
Rötenbach Insonderheit gerath.
und seye dilarswyß grett worden, das
Niclauß Lewenberg vnd daniel Kupffer
schultheißen. Ulli Galli anstatt e
seckelin von Werdts, der Bergmachel
Anstatthl. verner frischinen, Er aber
brichtschreiben werden söllind.
zu einen
den buren
Er habe auch disenerwyß von Inen gehört,
daß sy die jungen wybs persohnen
m
in der Statt behalt, die alt fortschaffen.
und die männer widermach wöllind.
Vnd seige der Herzeichel Jeder wylen
die Statt angryffen vnd bereinen wöllen,
Worzu die entlibuch und Lucerner
sehr hitzig vnd rasend gewesen.
In irem rathschlag habe er auch gehört, daß
sy sich an den vier Graffschaffen, den
Newenburgeren und mahl, wöltschen
underthanen habent nach wöllen.
Ist einmahlen lähr ufzogen worden.
 welche sein bronners gethane mißhandlung
mihi rath und burgs by irem eid zu recht erkennt.
und gesprochen.
und dieweilen ermelter Bränner von allen jetz angehort blutigen
anschlegen gewüßt, dieselbige aber nit allem seiner herren oberkeit nit
geoffenbaret, sondern zu allen seinen willen gegeben und alles appirt.
auch sich zu irem der rebellarii schreiber und hiemit zu einem solchen
bösen instrument gebruchen laßen, als han mahl fl und B von
solchen und anderen obbekraut mißhandlung wegen bei irem end
zu recht erkent und gesprochen, daß er den nachrichter anbefolchen
werden, der zuere und uß uff gewönliche nicht statt führen, Ime
daselbsten das haupt abschlachen, daselbige volgents an galgen
zuheffen, und hiemit nach diesem loblichen statt der recht von
leben zum tod hinrichten sölle.
Dise urtheill ist vollstreckt worden 25. octobr 1653.</Unicode>
            </TextEquiv>
        </TextRegion>
        <TextRegion orientation="0.0" id="r3" custom="readingOrder {index:2;}">
            <Coords points="3270,1492 3270,5660 4786,5660 4786,1492"/>
            <TextLine id="r3l1" custom="readingOrder {index:0;}">
                <Coords points="4550,1562 4578,1558 4592,1570 4608,1564 4636,1578 4671,1612 4683,1608 4738,1564 4761,1569 4763,1466 4726,1446 4695,1462 4663,1440 4649,1445 4635,1437 4601,1451 4585,1438 4552,1431"/>
                <Baseline points="4562,1544 4588,1546 4615,1548 4642,1547 4669,1546 4696,1546 4723,1549 4750,1552"/>
                <TextEquiv>
                    <Unicode>49.</Unicode>
                </TextEquiv>
            </TextLine>
            <TextLine id="r3l2" custom="readingOrder {index:1;} person {offset:0; length:12;}">
                <Coords points="3395,1685 3489,1665 3663,1700 3856,1662 3971,1737 4039,1686 4122,1685 4123,1565 3994,1551 3904,1609 3846,1585 3756,1614 3542,1564 3462,1643 3396,1635"/>
                <Baseline points="3406,1668 3441,1668 3476,1668 3511,1666 3546,1666 3582,1666 3617,1666 3652,1666 3687,1666 3722,1666 3758,1666 3793,1666 3828,1668 3863,1668 3898,1668 3934,1670 3969,1671 4004,1672 4039,1674 4074,1677 4110,1680"/>
                <TextEquiv>
                    <Unicode>liclaus Rutz</Unicode>
                </TextEquiv>
            </TextLine>
            <TextLine id="r3l3" custom="readingOrder {index:2;} place {offset:4; length:10;}">
                <Coords points="3314,1772 3446,1761 3516,1820 3636,1770 4154,1769 4255,1816 4393,1746 4394,1631 4337,1628 4260,1689 4123,1673 3968,1726 3860,1663 3712,1712 3314,1669"/>
                <Baseline points="3326,1762 3378,1757 3431,1755 3484,1754 3537,1752 3590,1752 3642,1752 3695,1752 3748,1752 3801,1754 3854,1754 3906,1756 3959,1756 4012,1758 4065,1758 4118,1758 4170,1758 4223,1758 4276,1756 4329,1754 4382,1750"/>
                <TextEquiv>
                    <Unicode>von Registorff ein Schumach.</Unicode>
                </TextEquiv>
            </TextLine>
            <TextLine id="r3l4" custom="readingOrder {index:3;}">
                <Coords points="3275,2065 3373,1997 3485,2038 3573,2003 3654,2055 3735,2015 3803,2079 3883,2020 4657,2077 4662,1926 4576,1964 4392,1920 4221,1974 4163,1939 4063,1969 4013,1918 3882,1966 3656,1898 3561,1940 3402,1885 3279,1929"/>
                <Baseline points="3288,2004 3355,2002 3423,2002 3491,2000 3559,2001 3627,2002 3695,2004 3763,2004 3831,2008 3899,2010 3967,2012 4034,2016 4102,2020 4170,2022 4238,2024 4306,2028 4374,2030 4442,2032 4510,2034 4578,2034 4646,2036"/>
                <TextEquiv>
                    <Unicode>Ist den 6. tag augusti 1653 von nichten, herren</Unicode>
                </TextEquiv>
            </TextLine>
            <TextLine id="r3l5" custom="readingOrder {index:4;} person {offset:0; length:6;} person {offset:12; length:18;}">
                <Coords points="3360,2093 3768,2129 3809,2090 4081,2142 4131,2107 4431,2139 4677,2101 4598,2019 4519,2081 3973,2020 3807,2073 3735,2015 3650,2066 3573,2005 3361,2058"/>
                <Baseline points="3372,2096 3436,2093 3501,2092 3565,2090 3630,2090 3695,2091 3759,2092 3824,2094 3888,2096 3953,2098 4018,2100 4082,2104 4147,2106 4211,2107 4276,2109 4340,2110 4405,2110 4470,2110 4534,2110 4599,2106 4664,2104"/>
                <TextEquiv>
                    <Unicode>entulo, den Abraham von Erlach, in</Unicode>
                </TextEquiv>
            </TextLine>
            <TextLine id="r3l6" custom="readingOrder {index:5;} place {offset:15; length:9;}">
                <Coords points="3331,2227 4697,2197 4697,2143 4580,2109 4417,2158 4290,2097 4163,2155 3985,2114 3724,2139 3681,2099 3458,2148 3331,2091"/>
                <Baseline points="3342,2194 3409,2190 3476,2186 3543,2184 3610,2182 3678,2182 3745,2182 3812,2184 3879,2186 3946,2187 4014,2189 4081,2190 4148,2192 4215,2194 4282,2194 4350,2194 4417,2194 4484,2192 4551,2188 4618,2184 4686,2178"/>
                <TextEquiv>
                    <Unicode>Großweybel von Wallenwyl und hrn</Unicode>
                </TextEquiv>
            </TextLine>
            <TextLine id="r3l7" custom="readingOrder {index:6;} person {offset:0; length:14;}">
                <Coords points="3306,2317 3506,2284 3621,2355 3727,2282 3811,2346 3863,2294 4145,2280 4439,2341 4632,2283 4712,2328 4731,2198 4289,2261 3800,2193 3616,2249 3555,2200 3482,2251 3377,2204 3306,2239"/>
                <Baseline points="3318,2292 3388,2287 3458,2284 3528,2282 3598,2281 3668,2280 3738,2280 3808,2280 3878,2282 3948,2282 4018,2284 4088,2286 4158,2286 4228,2288 4298,2288 4368,2288 4438,2288 4508,2286 4578,2284 4648,2281 4718,2276"/>
                <TextEquiv>
                    <Unicode>Abraham im hag wegen er mit synen zwey</Unicode>
                </TextEquiv>
            </TextLine>
            <TextLine id="r3l8" custom="readingOrder {index:7;} place {offset:13; length:12;}">
                <Coords points="3287,2426 3535,2393 3680,2456 3777,2383 3957,2441 4149,2386 4473,2382 4543,2432 4690,2371 4631,2283 4520,2346 4254,2346 4145,2280 3860,2297 3810,2348 3722,2309 3671,2357 3496,2288 3285,2325"/>
                <Baseline points="3298,2402 3367,2397 3436,2391 3505,2388 3574,2384 3643,2382 3712,2380 3781,2380 3850,2378 3919,2378 3988,2378 4057,2378 4126,2378 4195,2378 4264,2376 4333,2376 4402,2374 4471,2372 4540,2369 4609,2366 4678,2362"/>
                <TextEquiv>
                    <Unicode>brüederen zu Zolligkosten ein gwüße</Unicode>
                </TextEquiv>
            </TextLine>
            <TextLine id="r3l9" custom="readingOrder {index:8;}">
                <Coords points="3291,2534 3828,2479 3987,2534 4040,2488 4255,2534 4355,2484 4438,2517 4491,2468 4586,2518 4719,2469 4718,2415 4204,2380 4023,2455 3903,2395 3677,2462 3558,2399 3288,2444"/>
                <Baseline points="3302,2500 3372,2496 3442,2493 3512,2490 3582,2488 3653,2486 3723,2484 3793,2483 3863,2482 3933,2480 4004,2480 4074,2478 4144,2476 4214,2476 4284,2474 4355,2472 4425,2468 4495,2466 4565,2461 4635,2458 4706,2452"/>
                <TextEquiv>
                    <Unicode>Bättelts mit steinen nachts zu thodt ge</Unicode>
                </TextEquiv>
            </TextLine>
            <TextLine id="r3l10" custom="readingOrder {index:9;}">
                <Coords points="3352,2606 3459,2653 3730,2586 3971,2624 4099,2575 4715,2584 4713,2508 4180,2543 4129,2497 3971,2534 3833,2484 3639,2549 3349,2519"/>
                <Baseline points="3362,2590 3429,2588 3496,2586 3563,2584 3630,2583 3697,2582 3764,2580 3831,2578 3898,2578 3965,2576 4032,2575 4099,2573 4166,2572 4233,2570 4300,2568 4367,2565 4434,2562 4501,2559 4568,2554 4635,2550 4702,2546"/>
                <TextEquiv>
                    <Unicode>worffen, im strecke thurn examiniert.</Unicode>
                </TextEquiv>
            </TextLine>
            <TextLine id="r3l11" custom="readingOrder {index:10;}">
                <Coords points="3353,2705 3542,2739 3689,2688 3770,2738 3914,2679 4188,2716 4269,2665 4319,2687 4316,2586 4137,2579 4103,2615 4067,2590 3971,2624 3858,2594 3789,2645 3710,2598 3664,2632 3628,2605 3591,2644 3517,2618 3462,2655 3351,2651"/>
                <Baseline points="3364,2700 3411,2694 3458,2690 3505,2686 3552,2684 3599,2681 3646,2679 3693,2677 3740,2675 3787,2674 3835,2673 3882,2672 3929,2672 3976,2672 4023,2670 4070,2670 4117,2670 4164,2670 4211,2668 4258,2668 4306,2666"/>
                <TextEquiv>
                    <Unicode>worden, der hatt bekendt.</Unicode>
                </TextEquiv>
            </TextLine>
            <TextLine id="r3l12" custom="readingOrder {index:11;}">
                <Coords points="3260,2926 3393,2884 3771,2873 3862,2917 3933,2873 4718,2837 4716,2774 4501,2747 4345,2808 4214,2728 3990,2805 3887,2738 3681,2840 3590,2789 3459,2809 3393,2753 3256,2797"/>
                <Baseline points="3270,2892 3341,2888 3413,2882 3485,2879 3557,2875 3629,2873 3700,2870 3772,2868 3844,2866 3916,2864 3988,2862 4059,2860 4131,2858 4203,2857 4275,2856 4347,2854 4418,2852 4490,2850 4562,2847 4634,2845 4706,2842"/>
                <TextEquiv>
                    <Unicode>Daß also er mit seinen brüederen von ihres</Unicode>
                </TextEquiv>
            </TextLine>
            <TextLine id="r3l13" custom="readingOrder {index:12;}">
                <Coords points="3318,3016 3493,2976 3604,3027 3689,2985 3899,3006 3977,2957 4104,3010 4275,2933 4557,2966 4745,2917 4741,2834 4529,2878 4121,2860 4048,2918 3723,2875 3314,2917"/>
                <Baseline points="3330,2988 3400,2982 3470,2977 3540,2972 3610,2968 3680,2964 3750,2960 3820,2957 3890,2954 3960,2952 4031,2949 4101,2946 4171,2944 4241,2940 4311,2938 4381,2934 4451,2930 4521,2925 4591,2921 4661,2914 4732,2908"/>
                <TextEquiv>
                    <Unicode>Vatters hus das dorf Zollikoffen hinab</Unicode>
                </TextEquiv>
            </TextLine>
            <TextLine id="r3l14" custom="readingOrder {index:13;}">
                <Coords points="3305,3125 3629,3059 3747,3112 3824,3061 3929,3091 4211,3030 4744,3043 4738,2938 4623,2981 4281,2932 4102,3012 3977,2957 3895,3018 3668,2996 3613,3032 3413,2983 3300,3031"/>
                <Baseline points="3314,3082 3384,3077 3455,3071 3526,3065 3597,3061 3668,3057 3738,3053 3809,3048 3880,3044 3951,3042 4022,3038 4092,3034 4163,3032 4234,3029 4305,3026 4376,3024 4446,3020 4517,3018 4588,3013 4659,3010 4730,3006"/>
                <TextEquiv>
                    <Unicode>spatzieren gangen, seigendt, sy im heimweg</Unicode>
                </TextEquiv>
            </TextLine>
            <TextLine id="r3l15" custom="readingOrder {index:14;} person {offset:12; length:10;}">
                <Coords points="3325,3230 3628,3155 3875,3161 3969,3211 4095,3132 4264,3169 4405,3116 4689,3146 4717,3081 4455,3015 4371,3082 4307,3033 4180,3084 4032,3043 3904,3113 3831,3057 3767,3114 3638,3063 3455,3137 3320,3115"/>
                <Baseline points="3334,3168 3402,3167 3471,3164 3539,3160 3608,3157 3677,3152 3745,3149 3814,3144 3882,3140 3951,3135 4020,3132 4088,3128 4157,3124 4225,3122 4294,3119 4363,3117 4431,3116 4500,3116 4568,3116 4637,3116 4706,3120"/>
                <TextEquiv>
                    <Unicode>jemandts in Hanß Josen husmatten</Unicode>
                </TextEquiv>
            </TextLine>
            <TextLine id="r3l16" custom="readingOrder {index:15;}">
                <Coords points="3354,3324 3660,3245 3823,3241 3956,3305 4072,3233 4417,3217 4533,3275 4682,3201 4680,3147 4485,3126 4402,3194 4084,3145 3976,3207 3772,3164 3694,3217 3529,3169 3349,3226"/>
                <Baseline points="3362,3278 3427,3271 3492,3265 3558,3260 3623,3254 3689,3249 3754,3244 3819,3240 3885,3238 3950,3234 4016,3231 4081,3228 4146,3226 4212,3224 4277,3221 4343,3218 4408,3215 4473,3212 4539,3210 4604,3207 4670,3204"/>
                <TextEquiv>
                    <Unicode>gespürt nit wüßendt war es seye</Unicode>
                </TextEquiv>
            </TextLine>
            <TextLine id="r3l17" custom="readingOrder {index:16;}">
                <Coords points="3320,3420 3457,3372 3623,3406 3682,3350 3918,3406 3996,3338 4109,3329 4326,3333 4392,3382 4513,3318 4764,3373 4761,3234 4399,3285 4264,3240 3936,3313 3644,3265 3317,3361"/>
                <Baseline points="3330,3392 3401,3382 3472,3374 3543,3366 3614,3360 3686,3354 3757,3348 3828,3344 3899,3340 3970,3336 4042,3332 4113,3328 4184,3326 4255,3324 4326,3320 4398,3318 4469,3315 4540,3312 4611,3310 4682,3307 4754,3304"/>
                <TextEquiv>
                    <Unicode>Da dan sy all drey mit steinen geworffen,</Unicode>
                </TextEquiv>
            </TextLine>
            <TextLine id="r3l18" custom="readingOrder {index:17;}">
                <Coords points="3344,3509 4740,3417 4734,3326 4634,3377 4542,3335 4382,3385 4087,3334 3922,3406 3843,3356 3697,3358 3504,3429 3438,3386 3338,3415"/>
                <Baseline points="3354,3492 3422,3483 3491,3476 3559,3470 3628,3464 3697,3458 3765,3454 3834,3450 3902,3444 3971,3441 4040,3438 4108,3436 4177,3431 4245,3428 4314,3424 4383,3421 4451,3418 4520,3414 4588,3408 4657,3404 4726,3398"/>
                <TextEquiv>
                    <Unicode>und sich stracks us forcht, alß ob es ein</Unicode>
                </TextEquiv>
            </TextLine>
            <TextLine id="r3l19" custom="readingOrder {index:18;}">
                <Coords points="3353,3652 3708,3579 3858,3627 4018,3561 4318,3598 4405,3534 4703,3508 4697,3426 4424,3498 4328,3444 4171,3457 4132,3503 3936,3465 3806,3532 3483,3489 3347,3563"/>
                <Baseline points="3362,3610 3428,3600 3494,3591 3561,3584 3627,3577 3694,3570 3760,3566 3826,3560 3893,3557 3959,3552 4026,3549 4092,3546 4158,3542 4225,3538 4291,3533 4358,3528 4424,3524 4490,3519 4557,3512 4623,3504 4690,3496"/>
                <TextEquiv>
                    <Unicode>gspenst were, fort nach huß gemacht</Unicode>
                </TextEquiv>
            </TextLine>
            <TextLine id="r3l20" custom="readingOrder {index:19;}">
                <Coords points="3346,3747 3475,3700 3555,3763 3745,3687 3929,3719 4362,3649 4423,3680 4531,3630 4659,3652 4699,3640 4690,3516 4438,3583 4363,3555 4270,3611 4082,3576 4017,3626 3803,3638 3709,3578 3492,3676 3420,3629 3340,3662"/>
                <Baseline points="3356,3720 3422,3711 3489,3702 3555,3696 3622,3688 3688,3683 3755,3679 3821,3674 3888,3670 3954,3666 4021,3663 4087,3659 4154,3656 4220,3652 4287,3649 4353,3644 4420,3639 4486,3634 4553,3629 4619,3623 4686,3614"/>
                <TextEquiv>
                    <Unicode>und alß sy morgens vernommen, daß</Unicode>
                </TextEquiv>
            </TextLine>
            <TextLine id="r3l21" custom="readingOrder {index:20;}">
                <Coords points="3323,3854 3445,3880 3766,3789 3825,3822 4356,3762 4474,3794 4707,3720 4701,3641 4536,3641 4403,3724 4250,3666 4040,3755 3848,3681 3756,3752 3625,3721 3552,3764 3495,3723 3434,3789 3318,3786"/>
                <Baseline points="3334,3838 3402,3829 3470,3820 3538,3813 3606,3807 3674,3802 3742,3796 3810,3792 3878,3788 3946,3783 4014,3780 4082,3776 4150,3773 4218,3769 4286,3764 4354,3759 4422,3754 4490,3748 4558,3740 4626,3733 4694,3722"/>
                <TextEquiv>
                    <Unicode>daselbst ein frauw mit steinen zu thod</Unicode>
                </TextEquiv>
            </TextLine>
            <TextLine id="r3l22" custom="readingOrder {index:21;}">
                <Coords points="3348,3991 3413,3939 3604,3969 3872,3906 3999,3953 4119,3891 4251,3921 4307,3881 4453,3910 4545,3853 4778,3871 4791,3745 4690,3719 4475,3807 4272,3771 4078,3845 3971,3804 3853,3870 3626,3833 3546,3891 3341,3900"/>
                <Baseline points="3356,3950 3427,3942 3499,3935 3570,3927 3642,3921 3713,3916 3785,3910 3856,3903 3928,3898 3999,3892 4071,3887 4142,3883 4214,3877 4285,3872 4357,3867 4428,3861 4500,3856 4571,3851 4643,3845 4714,3840 4786,3834"/>
                <TextEquiv>
                    <Unicode>geworffen seye, heigindt sy sich us den landt</Unicode>
                </TextEquiv>
            </TextLine>
            <TextLine id="r3l23" custom="readingOrder {index:22;}">
                <Coords points="3371,4063 3597,4101 3770,4036 4068,4059 4134,4017 4186,4056 4299,3986 4363,4022 4441,3964 4761,3950 4757,3903 4551,3859 4451,3911 4125,3900 4025,3978 3797,3921 3610,3977 3413,3937 3364,3976"/>
                <Baseline points="3382,4046 3450,4044 3518,4042 3587,4039 3655,4035 3724,4031 3792,4026 3860,4022 3929,4017 3997,4010 4066,4005 4134,3999 4202,3994 4271,3988 4339,3982 4408,3977 4476,3972 4544,3968 4613,3963 4681,3960 4750,3956"/>
                <TextEquiv>
                    <Unicode>begeben und wol gsehen, daß er mit</Unicode>
                </TextEquiv>
            </TextLine>
            <TextLine id="r3l24" custom="readingOrder {index:23;}">
                <Coords points="3320,4247 3456,4183 3547,4223 3609,4182 3967,4191 4121,4118 4388,4152 4472,4083 4570,4122 4768,4064 4761,3987 4571,3971 4500,4050 4382,4001 4236,4059 4135,4013 4076,4066 3776,4037 3582,4116 3445,4054 3308,4104"/>
                <Baseline points="3326,4188 3397,4179 3468,4170 3540,4163 3611,4154 3683,4148 3754,4140 3825,4134 3897,4129 3968,4123 4040,4118 4111,4112 4182,4107 4254,4102 4325,4096 4397,4090 4468,4083 4539,4077 4611,4070 4682,4062 4754,4054"/>
                <TextEquiv>
                    <Unicode>ihnen gefalt habe. Dise seine thadt</Unicode>
                </TextEquiv>
            </TextLine>
            <TextLine id="r3l25" custom="readingOrder {index:24;}">
                <Coords points="3380,4305 3672,4305 3766,4265 3900,4302 3985,4241 4400,4236 4489,4196 4619,4232 4684,4184 4678,4105 4531,4101 4424,4152 4263,4107 4166,4195 3931,4174 3802,4215 3733,4177 3607,4232 3463,4188 3375,4240"/>
                <Baseline points="3390,4272 3454,4270 3518,4268 3582,4264 3646,4261 3710,4256 3774,4252 3838,4247 3902,4242 3966,4237 4031,4231 4095,4225 4159,4220 4223,4215 4287,4210 4351,4204 4415,4200 4479,4195 4543,4192 4607,4188 4672,4186"/>
                <TextEquiv>
                    <Unicode>aber, alß welche unwüßendt und us</Unicode>
                </TextEquiv>
            </TextLine>
            <TextLine id="r3l26" custom="readingOrder {index:25;}">
                <Coords points="3372,4409 3534,4437 3598,4380 3802,4398 4001,4348 4072,4404 4137,4361 4400,4379 4739,4304 4733,4225 4496,4249 4421,4215 4185,4287 4047,4231 3906,4308 3774,4270 3554,4325 3447,4281 3365,4325"/>
                <Baseline points="3382,4388 3449,4384 3516,4378 3583,4373 3650,4368 3718,4363 3785,4359 3852,4355 3919,4350 3986,4346 4054,4341 4121,4337 4188,4332 4255,4326 4322,4322 4390,4317 4457,4309 4524,4304 4591,4297 4658,4290 4726,4282"/>
                <TextEquiv>
                    <Unicode>keinem bösen vorsatz geschechen, seye immer</Unicode>
                </TextEquiv>
            </TextLine>
            <TextLine id="r3l27" custom="readingOrder {index:26;}">
                <Coords points="3367,4518 3459,4517 3522,4467 3729,4526 3810,4473 3958,4473 3951,4374 3925,4364 3870,4394 3827,4380 3734,4434 3677,4398 3629,4415 3580,4395 3534,4434 3360,4413"/>
                <Baseline points="3378,4500 3406,4500 3434,4499 3463,4497 3491,4496 3520,4493 3548,4492 3576,4490 3605,4488 3633,4485 3662,4482 3690,4480 3718,4478 3747,4476 3775,4474 3804,4472 3832,4470 3860,4468 3889,4468 3917,4467 3946,4466"/>
                <TextEquiv>
                    <Unicode>von hertzen leid.</Unicode>
                </TextEquiv>
            </TextLine>
            <TextLine id="r3l28" custom="readingOrder {index:27;}">
                <Coords points="3341,4698 3501,4662 3599,4710 3703,4644 3873,4692 4012,4621 4212,4653 4483,4578 4655,4643 4782,4568 4698,4513 4558,4541 4361,4473 4004,4568 3809,4500 3706,4580 3466,4516 3333,4569"/>
                <Baseline points="3350,4652 3421,4650 3492,4648 3563,4645 3634,4640 3705,4637 3776,4630 3847,4626 3918,4619 3989,4613 4060,4607 4131,4603 4202,4597 4273,4592 4344,4586 4415,4582 4486,4579 4557,4576 4628,4574 4699,4574 4770,4574"/>
                <TextEquiv>
                    <Unicode>fine seye auch gar nit bekandt, wer</Unicode>
                </TextEquiv>
            </TextLine>
            <TextLine id="r3l29" custom="readingOrder {index:28;}">
                <Coords points="3357,4797 3444,4820 3532,4758 3664,4806 3785,4736 4043,4753 4272,4698 4749,4711 4742,4606 4552,4646 4465,4581 4220,4654 3985,4631 3789,4701 3671,4652 3585,4714 3351,4694"/>
                <Baseline points="3368,4764 3436,4757 3504,4753 3572,4748 3641,4745 3709,4739 3777,4734 3846,4730 3914,4725 3982,4720 4051,4716 4119,4711 4187,4707 4255,4702 4324,4699 4392,4694 4460,4690 4529,4686 4597,4682 4665,4678 4734,4674"/>
                <TextEquiv>
                    <Unicode>den ersten ander oder dridten wurf</Unicode>
                </TextEquiv>
            </TextLine>
            <TextLine id="r3l30" custom="readingOrder {index:29;}">
                <Coords points="3383,4929 3553,4862 4166,4868 4534,4788 4757,4819 4766,4701 3375,4800"/>
                <Baseline points="3390,4866 3458,4861 3526,4855 3595,4850 3663,4844 3732,4839 3800,4836 3868,4831 3937,4826 4005,4823 4074,4818 4142,4814 4210,4810 4279,4807 4347,4803 4416,4798 4484,4794 4552,4791 4621,4785 4689,4781 4758,4776"/>
                <TextEquiv>
                    <Unicode>gethan, dan solches nachts und finster</Unicode>
                </TextEquiv>
            </TextLine>
            <TextLine id="r3l31" custom="readingOrder {index:30;}">
                <Coords points="3385,5045 3456,5003 3509,5030 3529,5018 3599,5032 3616,5018 3677,5030 3734,5016 3717,4869 3682,4889 3625,4865 3599,4892 3553,4862 3479,4939 3452,4928 3440,4944 3420,4936 3375,4956"/>
                <Baseline points="3392,5000 3419,4991 3446,4985 3473,4979 3500,4974 3527,4972 3554,4967 3581,4965 3608,4962 3635,4962 3662,4960 3689,4960 3716,4960"/>
                <TextEquiv>
                    <Unicode>geschëhen.</Unicode>
                </TextEquiv>
            </TextLine>
            <TextLine id="r3l32" custom="readingOrder {index:31;}">
                <Coords points="3360,5206 3577,5210 3744,5137 3914,5168 3995,5113 4269,5159 4424,5082 4671,5082 4667,5021 4360,5037 4174,4976 4103,5038 3871,5023 3742,5076 3535,5043 3356,5142"/>
                <Baseline points="3370,5166 3434,5158 3498,5151 3563,5145 3627,5138 3692,5133 3756,5128 3820,5124 3885,5120 3949,5117 4014,5112 4078,5110 4142,5105 4207,5102 4271,5098 4336,5094 4400,5090 4464,5086 4529,5081 4593,5076 4658,5068"/>
                <TextEquiv>
                    <Unicode>Ist ein mal lähr uf zogen worden.</Unicode>
                </TextEquiv>
            </TextLine>
            <TextLine id="r3l33" custom="readingOrder {index:32;}">
                <Coords points="3406,5509 3673,5416 3977,5439 4042,5403 4176,5455 4220,5409 4325,5437 4408,5372 4776,5342 4765,5202 4657,5268 4467,5242 4325,5340 4237,5299 4105,5359 4028,5310 3848,5361 3693,5297 3576,5350 3391,5300"/>
                <Baseline points="3414,5440 3481,5434 3548,5429 3616,5425 3683,5422 3751,5418 3818,5416 3885,5412 3953,5409 4020,5406 4088,5402 4155,5398 4222,5394 4290,5388 4357,5382 4425,5376 4492,5369 4559,5360 4627,5349 4694,5337 4762,5324"/>
                <TextEquiv>
                    <Unicode>Ist mit dem eidt von Ir gen Statt vnder</Unicode>
                </TextEquiv>
            </TextLine>
            <TextLine id="r3l34" custom="readingOrder {index:33;}">
                <Coords points="3383,5560 3620,5509 3914,5562 3987,5502 4063,5540 4229,5486 4415,5516 4643,5446 4756,5476 4749,5378 4689,5349 4173,5455 3896,5403 3605,5465 3376,5452"/>
                <Baseline points="3392,5532 3459,5526 3527,5520 3594,5515 3662,5512 3729,5506 3797,5504 3864,5499 3932,5496 3999,5493 4067,5490 4134,5486 4202,5481 4269,5478 4337,5473 4404,5468 4472,5461 4539,5454 4607,5446 4674,5436 4742,5426"/>
                <TextEquiv>
                    <Unicode>landt, jedoch vil gnad hin verwisen worden.</Unicode>
                </TextEquiv>
            </TextLine>
            <TextLine id="r3l35" custom="readingOrder {index:34;}">
                <Coords points="3356,5644 3517,5654 3594,5608 3761,5676 3907,5606 3964,5639 4070,5584 4251,5606 4244,5503 4067,5540 3969,5523 3913,5561 3615,5510 3454,5571 3349,5555"/>
                <Baseline points="3368,5638 3411,5635 3455,5631 3498,5627 3542,5622 3585,5617 3629,5613 3672,5609 3716,5604 3759,5600 3803,5597 3846,5593 3890,5589 3933,5586 3977,5584 4020,5582 4064,5580 4107,5580 4151,5580 4194,5580 4238,5580"/>
                <TextEquiv>
                    <Unicode>Den 30. augusti 1683.</Unicode>
                </TextEquiv>
            </TextLine>
            <TextEquiv>
                <Unicode>49.
liclaus Rutz
von Registorff ein Schumach.
Ist den 6. tag augusti 1653 von nichten, herren
entulo, den Abraham von Erlach, in
Großweybel von Wallenwyl und hrn
Abraham im hag wegen er mit synen zwey
brüederen zu Zolligkosten ein gwüße
Bättelts mit steinen nachts zu thodt ge
worffen, im strecke thurn examiniert.
worden, der hatt bekendt.
Daß also er mit seinen brüederen von ihres
Vatters hus das dorf Zollikoffen hinab
spatzieren gangen, seigendt, sy im heimweg
jemandts in Hanß Josen husmatten
gespürt nit wüßendt war es seye
Da dan sy all drey mit steinen geworffen,
und sich stracks us forcht, alß ob es ein
gspenst were, fort nach huß gemacht
und alß sy morgens vernommen, daß
daselbst ein frauw mit steinen zu thod
geworffen seye, heigindt sy sich us den landt
begeben und wol gsehen, daß er mit
ihnen gefalt habe. Dise seine thadt
aber, alß welche unwüßendt und us
keinem bösen vorsatz geschechen, seye immer
von hertzen leid.
fine seye auch gar nit bekandt, wer
den ersten ander oder dridten wurf
gethan, dan solches nachts und finster
geschëhen.
Ist ein mal lähr uf zogen worden.
Ist mit dem eidt von Ir gen Statt vnder
landt, jedoch vil gnad hin verwisen worden.
Den 30. augusti 1683.</Unicode>
            </TextEquiv>
        </TextRegion>
    </Page>
</PcGts>
