5472 7296
555 1460 696 1617 78
1006 1363 2317 1637 einen Eid vnd sonderbaren, und soll
1018 1515 2365 1732 zu anden geschworen habe, welche aber
1036 1593 2284 1797 dieselbig gewesen, konte Weerkommen
1030 1687 2206 1909 bricht gett, dan Ime söliches nit
993 1855 1409 2027 Inwüßen.
971 1912 2258 2193 Verners seye er bekantlich, daß
1038 2056 2306 2237 erjenzen uff Ulli Gallis weibet
1031 2155 2253 2354 Rugseggers vnd des Berg Michels
1046 2228 2236 2436 ernst meinendes anmahllen, als Ire
1011 2331 2197 2505 gmeinden, die zu signaw gehalten.
1050 2375 2275 2596 worden, in einem gwüßen bezicken
1049 2557 1460 2700 gebotten.
1061 2653 2289 2900 Diser Ulli Galli und der Berg
1064 2781 2257 2974 Wichel habent auch an der vff der
1066 2854 2373 3108 Mutten bej signaw gehaltnen gmeind
1101 2964 2246 3126 sovil durch Ir ansechen vermögen,
1077 3043 2199 3244 daß damahlen gmeinlich abgerathen
1051 3146 2318 3313 worden, die in derselbe Zeit ange¬
1070 3214 2234 3408 muthete huldigung nit zu leisten
1085 3331 2282 3508 biß Inen Brieff vnd Zigel vmb alle
1085 3411 2266 3573 Ire artikel von der oberkeit ein¬
1079 3510 2140 3682 gelifferet werde, widrigen
1049 3585 2388 3769 falls sich eher zur gegen wehr zustellen
1016 3680 2327 3871 Esy welicher Landtsgmeind er sich
1078 3799 2315 3953 leider auch befunden, wie zugleich
1020 3879 2266 4046 Hanß Newen schwander in der
1008 3983 2347 4119 Goschmatt, der Berglichel
1016 4074 2324 4247 Hans Pfäffli Dyßli Holtzman.
556 4183 2228 4336 Ed michel binner, Peter Saltzman ußem Eggiwyl
585 4277 1042 4364 hus, der kilchmeyer
1083 4260 2436 4433 vnd der Statthalter Berger, Item
564 4334 1057 4437 Im Eggiwyl, und der
569 4388 893 4519 Dni daselbst
1087 4377 2224 4525 Ampt anderen vil, an die er sich
1079 4459 2186 4623 nit mehr zu versinnen wüste.
1034 4593 2336 4752 Als aber morndrigen tags ein anderen
573 4680 1055 4839 vund hiemit die leste
1061 4726 2370 4867 Gmeind angesecht, vnd vff der Ramsey¬
1089 4813 2351 4958 weid durch antrib Ulli Gallis gehalten,
1085 4891 2408 5037 worden, heige man durch die mehrere
1058 4960 2403 5118 stimm deren er auch gewesen) ein andere
1074 5064 2238 5196 vnd dise resolution gefaßet, der
1072 5131 2308 5299 oberkeit zu schuldigen und sich in ire gnad
1043 5211 1343 5356 zu ergeben.
1788 5252 2345 5381 Ulli Galli aber
1047 5270 2368 5472 Item Mathyß Holtzman zu ich appach,
1080 5401 2355 5567 Peter Saltzman vnd Wilhelm Steiner,
1068 5498 2309 5673 seyen bei Irer vorigen meinung, sich zu-
1086 5589 1733 5746 wehren, verbliben.
4347 1397 4543 1568 79.
3041 1480 4481 1706 Wythers hatt er bekent, daß er hievor
3133 1630 4514 1803 in einer anderen gmeind rathen helffen, das
3106 1746 4556 1896 Reißgelt ußem schloß zuforderen, da dan
3132 1831 4487 1998 d zu solichen und Hans Pfäffli Caspar
3081 1929 4367 2071 Lüthi Daniel und Hans auch vnd
3138 1991 4545 2184 aßendicht landeger, samptlich von der selben
3126 2107 4538 2267 gmeind befelchnet werden, sölches ab
3137 2212 4493 2364 zuholen, maßen auch volgents beschehen.
3125 2328 4594 2571 do seye er auch uff ein zeit vom Hans Pfäffli
3133 2474 4557 2604 Bendicht Tellenbach und Claus Wermutt
3162 2567 4543 2718 nacher Kauflieschen Clauß Lewenberger
3170 2659 4475 2811 geschickt worden, von welichen er
3168 2757 4561 2903 ein zedel de dato 23. maii 1653 (welcher
3169 2841 4522 2994 bein handen) empfangen und denselben
3173 2938 4618 3093 nacher Signaw getragen, daß Innhalts
3165 3024 4413 3194 Ersamme, liebe vnd gutte frund vnd
3941 3130 4596 3270 Wir sind alsbald
3178 3136 3709 3277 Bundtsgnoßen.
3175 3236 4424 3369 durch ewere ußgeschane manner
3173 3304 4549 3450 meister Hans den Schmid und den Bend
3195 3397 4520 3527 schreiber Bränner vnd Nulans Zimmer
3199 3495 4520 3645 man, so bei uns postsweiß angelanget,
3213 3588 4511 3714 verstendiget worden, wie die sach bei
3178 3672 4442 3828 eüch wolt har gan gestalten und nit
3204 3757 4449 3920 mögen die Landrichter lugen, was sey
3196 3836 4572 4002 machen, wie hand gewüßen bricht, daß
3220 3941 4483 4076 die Züricher vnd St. Galler vnd andere
3198 4032 4537 4163 Völiker mit Ihnen, schon albereit durch den
3210 4127 4533 4299 Paß Mellinger nit gwalt getrungen und
3218 4218 4565 4371 die Graffschafft Lentzburg hatt mußen,
3219 4309 4528 4487 wehren und uns umb hilff anrüffen,
3219 4411 4574 4576 deren wir inen müßen beispringen, luth
3216 4492 4538 4659 Vnsers Bundts, hiemit wolledt Ir
3223 4601 4531 4740 ermahnt sein, starcke wachten uff die
3230 4690 4577 4856 Päß anzustellen, vnd nit ein jeder der
3223 4788 4533 4958 da kompt, unersucht fort passieren
3231 4894 4645 5027 laßen, hiemit wust Ir euch zuhalten
3211 4974 4549 5126 Datum deß Kaufli den 21. Megen
3849 5074 4626 5200 Wer wolgementer
3229 5088 3649 5214 1653 Jach.
3985 5147 4612 5315 Niclauß Lewen¬
3198 5187 3776 5337 Hundtsgnoßen,
3235 5247 4636 5431 Beeger Oberster, Johans Conrad Brännern
3225 5337 4586 5525 Gundschreiber, Gemeine offentieren
3206 5442 4618 5667 Diser zedel nun seye zu Signaw als¬
3249 5574 4696 5724 bald abgeschriben, der gmeind bei welchem
3262 5663 4582 5847 er sich nit befinden) abgelesen, vnd
3218 5772 4509 5931 daruf von selbiger gmeind domahlen
3242 5853 4393 6047 beschloßen worden nit zu huldig,
4713 5604 4775 5740 i
