5472 7296
768 3151 882 3320 1
662 4373 873 4536 20.
562 5117 1033 5312 des versprochnen
761 5231 1009 5370 gelts
709 1369 869 1505 58
710 2012 912 2166 1.
1058 1447 2598 1662 der statt Berg die oberkeit und ynwoner
1118 1592 2566 1766 ußruten und an derselben statt einen anderen
1113 1683 2591 1855 Raht setzen zuhelffen, auch sich an den truw ge¬
1111 1796 2546 1987 beliben underthanen mit gewerdter handt zu recht
1094 2002 2555 2216 Er möge auch wol glouben, daß geredt
1130 2132 2596 2300 worden syn, wan sy in die statt kämen.
1145 2231 2569 2417 und sich derselbigen bemechtiget, sy alles
1126 2323 2570 2479 bkünderen und die statt prys geben
1143 2436 2612 2621 wollind und er an deß herren seckelmr
1110 2536 2592 2723 von wertsstatt syn sölle, wüße aber
1113 2652 2555 2885 sich so eigentlich deß discouisus Son
1138 2783 1974 2986 eigentlich nit zu erseinen.
1092 3104 2515 3312 Ist er bekandtlich worden, Imfahl ein
1012 3243 2533 3407 gnedige oberkeit über alle ihre gefüerte
1122 3338 2540 3511 klegten nit also balden und nach selbigen tags
1142 3452 2522 3607 alß diß durch ein expres schryben begerdt
1153 3550 2556 3737 worden, mit vermöglichem bscheid begegendt
1076 3662 2570 3833 daß er durch synen ersten rahtschlag, so vill
1114 3758 2542 3944 vermögen, daß täglich für ihren kosten
1111 3871 2541 4064 5000 fl. (da Loüwrenberger aber
1139 3975 2561 4152 nmur 5000 lb haben wollen) genorderet
1134 4094 1601 4259 worden seye.
1038 4383 2479 4634 Do habe er auch zum letsten scherben
1109 4552 2471 4728 So sub datto 23. maii us rauffler an
1134 4661 2484 4856 inghen und oberen abgangen raht und
1089 4772 2529 4951 dar geben und hiemit vor der versprochner
1091 4878 2537 5073 schuldigung, im selbigen schryben, die gut-
1064 5002 2408 5195 gheißung ihres fundts erlegung der
1089 5120 2489 5307 50000 wein begerdt, auch syn von gott
1103 5241 2491 5416 yngesetzte Christenliche oberkeit dem
1102 5345 2493 5558 gottlosen und verstockten königen sharom
1065 5451 2603 5670 verglychen und betitlen helffen und betroüwt,
1082 5570 2598 5781 Im widrigen sy mit lyb gut und blut allen
1113 5678 2569 5895 heimbschen und frömbden gwalt widerstehen.
1111 5811 2527 5979 wöllindt, mit angehenkter protestion
1106 5866 2634 6145 für das jüngste Gericht, und anderen hochenpfandt
1113 6064 1352 6221 worten.
2810 1525 3035 1694 21.
4570 1474 4741 1620 59.
3121 1539 4701 1756 Nachdem die oberkeitliche huldigung erstattet
3269 1682 4761 1846 werden söllen und die übrigen syne mit gemeidt
3246 1765 4724 1939 und fundtsgnoßen imme darüber rahts gepflegt,
3206 1866 4743 2053 habe er ihnen zur antwort geben synethalb
3246 1948 4775 2139 söllen sy selbige nit underlaßen, inne betreffen
3241 2063 4695 2241 könne und wölle er nit schuldigen us sorg
3273 2160 4716 2332 wyl die redlischnerer vorbehalten, man
3267 2268 4722 2460 werde inne gfencklich ynziechen, dannenhero
3264 2373 4640 2566 domahlen selbige angemutete schuldigung
3244 2501 3932 2674 underlaßen worden.
3162 2631 4713 2826 Donst seye er auch in seiner jugent und bis uff
3216 2779 4707 2921 das zechende jahr seines alters mit einer alten
3245 2865 4702 3021 frawen, zu der töüfferischen heck gangen, sich
3222 2959 4741 3062 aber von ermelter Zeit an, derselben verners
3998 3037 4670 3186 syn eheweib aber
3261 3042 3854 3176 nit angenommen.
3249 3120 4579 3285 seye annoch mit diser zeit behaffet.
2937 3285 4558 3524 Ist ein mahl lähr und das andermahl mit dem
3215 3409 4183 3552 70 lbig stein ufzogen worden.
3079 3646 4800 3850 Vber welche sein Gallis gethane bekandtnuß
3159 3800 4780 3967 und hoches verbrechen Mahlen räth und Burger
3137 3890 4774 4078 bei irem Eid zu recht gesprochen und erkent
3147 3977 4619 4165 daß derselbige dem nachrichter anbe¬
3426 4099 3566 4177 wer
3154 4085 4781 4257 solchen, der Inne vnd diß vff gewonliche
3128 4180 4667 4357 Richtstatt führen, vnd daselbst mit dem
3119 4246 4568 4442 strang vom leben zum todt hinricht sölle
3128 4363 4128 4524 Nach der B. Geen recht
3131 4472 4493 4661 Ist vollstreckt worden 25. octobris 1653.
