5472 7296
625 1519 785 1669 24
1234 1454 1897 1669 Samuel Frey
1111 1804 2332 1977 tachdem ingst vnd oberen in
1175 1904 2364 2087 erfahrung gebracht, was maßen
1174 2009 2431 2198 Samuel frey, der gewesne Schultheiß
1150 2109 2411 2308 zu Lentzburg, bei diser Landts verderb¬
1149 2190 2498 2372 lich gehabten, nun mehr aber durch Gotten
1147 2288 2460 2471 sonderbaren gen bystand gestill vnruw
1190 2373 2476 2552 vnd rebellion, zwey Schreiben de datis
1182 2464 2510 2643 und 3. maii 1613 an einen seinen bekantn
1193 2579 2381 2760 gutten frund, Hans Caspar Müller
1195 2668 2396 2848 den alten Bärenwirth zu bemelten
1143 2760 2461 2933 Lentzburg abgehen laßen, daß der
1153 2867 2399 3046 Innhalts. Diewylen ingh und
1172 2945 2415 3108 Oberen, vff dero vnderthanen klagen,
1213 3067 2456 3227 wegen iren trangsalen, so sy von etlich
1219 3144 2455 3309 vögten vnd anderen erlitten, zu vnder¬
1187 3240 2415 3408 flidenlichen mahlen Irerpitt nit
1218 3325 2480 3513 allem gewahrt, das was inen vn¬
2384 3468 2421 3524 .
1212 3464 2378 3614 gütlich abgenommen worden, man
1217 3530 2422 3695 gnen widerumb ersetzt, Sonders
1211 3615 2511 3785 auch darbei erkent vnd gschloßen, was
1234 3712 2430 3841 man zu Statt vnd Land an freyheit
1213 3793 2455 3966 brieffen vnd gewonheit by 60 oder
1220 3888 2428 4032 70 minder oder mehr Jahren gehebt
1224 3969 2523 4134 vnd redlich genoßen, daßelbig Inen
1216 4053 2423 4245 eigentlich widerumb ohne fahlen,
1216 4164 2422 4332 mit guttem oberkeitlichem willen
1203 4255 2531 4424 zugestelt werden und in das künfftig
1212 4344 2502 4505 für sy vnd Ire nachkommen, ohne einich
1217 4435 2531 4608 abbruch der vogt und anderen rundig
1220 4535 2447 4700 nutzen solle, und daß man von
1214 4649 2371 4779 allen orthen und winklen alhar
1197 4721 2539 4846 kommen und niemandts nichts abgeschlagen,
1199 4824 2535 4972 sondern alles gütlich ertheilt werde.
1216 4912 2491 5054 Allein seyen die von Lentzburg, so sich
1193 5003 2547 5141 50 mahlen mehr, dan alle andere orth
1203 5070 2541 5250 zu erklagen, in dem inen an freyheit,
1204 5192 2508 5335 brieffen, wenig vnd zendens march,
1211 5277 2471 5447 und vilen anderen stucken, durch
1184 5373 2488 5523 herren landtvogt jenner und eine ad¬
1221 5458 2529 5637 harent widerheitere brieff vnd
1192 5584 2436 5739 marchen, so im schloß urbar und
1202 5664 2507 5835 anderen wahren gschrifften begriffen
1183 5780 2546 5945 Der Statt vnd burgerschafft zuwider
4486 1392 4687 1565 25.
3275 1541 4667 1742 entzogen worden, bißhar noch niemahlen
3299 1667 4697 1855 erschinden, sonders sich von dem Schwartzen
3295 1767 4589 1924 Priester vnd anderen, welche bischar
3307 1851 4716 2029 der Statt gifft gewesen, abschreiben laßen,
3287 1962 4678 2124 Vnd seye ins vmb ein batzen gefahr, wan
3314 2062 4601 2213 man nur bei der oberkeit jetzmahlen
3320 2185 4674 2290 anhalte, werde man gern versicherung geb
3292 2228 4601 2387 söllent nur von Räthen und Burgeren
3320 2356 4688 2470 auch gmeiner burgerschafft, damit die
3293 2420 4652 2569 Oberkeit den recht ernst seche Castet
3327 2500 4649 2661 den bewusten gifftigen alhier zu er¬
4651 2568 4686 2607 .
3324 2599 4697 2751 cheinen absenden, so sye Ire vorige sache
3328 2697 4652 2826 wie auch die syne als der, wie aller
3322 2780 4567 2922 welt bekant, umb unschuld verklagt.
3335 2862 4688 3026 worden) alles gentzlich ufgehebt und
3324 2980 4711 3110 Werdent alle die jenigen, so vorhin in Ehr
3321 3058 4702 3206 und trüwen des kegendents gsin und umb
3328 3152 4666 3288 Vnschaild, wie am Tag, verstoßen worden,
3309 3220 4631 3396 gwnstlich widerumb in vorigestell
3313 3334 4633 3482 gesetzt, vnd also bei vorigen rechten
3317 3428 4684 3594 und bruchen erhalten und die schuldigen
3324 3521 4515 3673 wie billich zurück gehalten werden,
3303 3621 4738 3800 Darumb sölle man fürterhin nit mehr
3335 3734 4642 3884 wie bishar schlaffen, Sonders Vf¬
3333 3836 4754 3984 wachen, und wan ime niemandts bei¬
3319 3910 4614 4081 stehen wölle, hab er eben so vil als die
3351 4019 4703 4173 anderen allesamen, als ein Amptman
3347 4112 4392 4247 vnd diener darzu zu reden,
3326 4185 4718 4385 hochmahlen vmb Gottes willen bittend,
3334 4298 4726 4447 daß man nit nur läth und burger, sonder
3342 4401 4735 4550 ein gantze gmeine Burgerschafft, so alle
3338 4493 4709 4660 antreffe, zusamen beschickt, vnd vmb alle
3325 4580 4736 4747 der Statt Lentzburg vorgehabte trey¬
3328 4650 4671 4845 heit Marchen vnd nutzungen bei der
3285 4770 4700 4934 oberkeit demütig anzuhalten, einen uß
3332 4893 4168 5069 schutz nach disern schicke,
3348 4977 4676 5144 sonderlichen aber seinethalben ein
3343 5077 4663 5260 Vmbfrag halte, wylen er bei der
3315 5161 4664 5347 Oberkeit allerdingen faltsch und lätz
3349 5254 4637 5432 angeben worden, ob der eint oder
3344 5337 4703 5522 ander etwas ob Ime zu klagen, vnd
3327 5427 4711 5620 darumb ein mehr machen, Wan
3328 5547 4764 5728 sölches gescheche, wölle er als an ohne
3318 5641 4713 5846 beschward der Statt, den sachen wol
3334 5744 4757 5931 weßen zuthun, damit man gienstlich
