5472 7296
453 1460 653 1662 160.
815 1563 2135 1828 es Hanß Uli Widmers Hans wär
783 1722 2168 1895 So wirdt man sagen den Jahn hielte Ime
758 1857 2120 2069 Solches angezundet, alß das zu Braw
767 2136 2126 2440 Hanß Guther genant Seiten Schnyder
757 2371 2092 2585 zu Lentzburg vermeldet, alß die
804 2471 2096 2720 brunst zu Graichen Vfgangen, hab
834 2615 2197 2789 er auch dahin alß ein seiner lauffer
837 2740 2210 2958 lauffen müeßen, domahlen seye Hans
779 2879 2106 3093 Heinrich Jahr bey deß Weybels Hans
791 3007 2177 3225 zu Greichen herfer zu imme kommen.
818 3136 2173 3311 und under anderen worten gesagt,
805 3256 2217 3453 er sey ein wenig zuuor in dem dorff
823 3377 2190 3599 Brauchen gsyn und wan er zahn unte
823 3536 2246 3746 jetzund verbliben wäre, wurde man
803 3660 2189 3875 den argwon faßen, alß wan er das
808 3820 1622 4037 hauß angestecket hette.
788 4264 2149 4513 Jacob aberstich genant Müller bube
841 4414 2133 4638 von Endtfelden zeüget, alß Hanß
805 4552 2213 4754 Hennig Jahr in wehrenden Anwesen
846 4665 2230 4917 von einem inne haber stichen unbekantn
853 4817 2248 5058 ort uf einem schwartzen pferdt, nacher
833 4939 2248 5211 Endtfeld kommen, Inne gezügen der
866 5105 2256 5327 gestalten vor etlichen underschidenlich
844 5248 2196 5523 persohnen angefahrt, wie daß immen
815 5364 2245 5633 gahnen fürkommen, daß er gezüg uf
814 5529 2204 5788 der oberen Bruggen zu Entfelden
850 5721 2317 5940 etwas imme nachtheilig geredt und wann
4174 1446 4400 1573 167.
2862 1578 4337 1849 Er gezeüg haber sich etwas an imme zahner
2869 1754 4241 1952 zusprechen habe, so gebe er imme ein tag
2867 1872 4129 2086 für seinen herren Lewenberger.
2812 2478 4310 2711 Derners haben underschidenliche durch den
2866 2622 4365 2843 Herren hofmeister zu Künigsfelden verhörderen
2931 2750 4339 2969 persohnen zuget, by iren eiden und in
2789 2898 3481 3086 bysen gutten trunken
2868 3057 4377 3325 Alß an dem frytag zuwegen, da alles volde
2664 3181 2755 3275 .
2951 3175 4457 3428 widerumb hinwäg und us den ambt eigen
2478 3243 2843 3418 kompt hernach
2478 3373 2908 3483 ist hiemit dopple
2924 3291 4457 3558 vom fahr windisch abzüchen wöllen, seye Hanß
2487 3444 2817 3593 Ingeschriben
2883 3470 4448 3727 Heinrich Zahn, daselbst in die stuben hingen tredten
4369 3674 4417 3741 .
2886 3611 4374 3849 habe er der menge, so darin und drußen
2960 3738 4399 3977 wahren zugesprochen und vermant
2950 3909 4412 4111 sy sollen noch nit hinwegg, es seye villichter
2930 4024 4421 4212 Frömbd volw uf der straß, darzu so
2934 4172 4348 4411 habindt ir g einen schon vihltausent.
2923 4296 4470 4496 cronen anerbotten. Er klage uf vier
2937 4422 4487 4644 landtvogt, seye einist meister wölle jetz
2975 4623 3768 4850 auch hinder sy haus etc.
2890 4881 4491 5179 benmeßig, daß er solche wort gredt und
3001 5068 4473 5297 von auf inß gemein gehördt worden.
2987 5169 4493 5409 sonderlich, daß man nit hinweg züchen
2993 5307 4426 5553 sölle, biß die gefangnen zu Zürich
3042 5508 3824 5728 wider ledig seyent.
3021 5700 4512 5972 Pfarthi alß von Brunegg har
