<?xml version="1.0" encoding="UTF-8" standalone="yes"?>
<PcGts xmlns="http://schema.primaresearch.org/PAGE/gts/pagecontent/2013-07-15" xmlns:xsi="http://www.w3.org/2001/XMLSchema-instance" xsi:schemaLocation="http://schema.primaresearch.org/PAGE/gts/pagecontent/2013-07-15 http://schema.primaresearch.org/PAGE/gts/pagecontent/2013-07-15/pagecontent.xsd">
    <Metadata>
        <Creator>prov=University of Rostock/Institute of Mathematics/CITlab|PLANET AI GmbH/Gundram Leifert/gundram.leifert@planet-ai.de:name=German_Kurrent_XVI-XVIII_M1(htr_id=19584)::::v=2.6.6
prov=University of Rostock/Institute of Mathematics/CITlab|PLANET AI GmbH/Tobias Gruening/tobias.gruening@planet-ai.de:name=de.uros.citlab.module.baseline2polygon.B2PSeamMultiOriented:v=2.6.6
prov=University of Rostock/Institute of Mathematics/CITlab|PLANET AI GmbH/Tobias Gruening/tobias.gruening@planet-ai.de:name=/net_tf/LA73_249_0mod360.pb:de.uros.citlab.segmentation.CITlab_LA_ML:v=2.6.6
Transkribus</Creator>
        <Created>2020-10-05T15:03:48.623+02:00</Created>
        <LastChange>2022-09-09T15:59:06.505+02:00</LastChange>
        <TranskribusMetadata docId="1334831" pageId="52360866" pageNr="10" tsid="114642641" status="IN_PROGRESS" userId="9570" imgUrl="https://files.transkribus.eu/Get?id=DEDGSPXJHKOHBKBYXNXFQUFJ&amp;fileType=view" xmlUrl="https://files.transkribus.eu/Get?id=OHODREBAOBEBVSSGGFXZCSAA" imageId="16066528"/>
    </Metadata>
    <Page imageFilename="Turmbuch_StAB B IX 476_00010-20200925_082402.jpg" imageWidth="5472" imageHeight="7296">
        <ReadingOrder>
            <OrderedGroup id="ro_1687513720656" caption="Regions reading order">
                <RegionRefIndexed index="0" regionRef="r1"/>
                <RegionRefIndexed index="1" regionRef="r2"/>
                <RegionRefIndexed index="2" regionRef="r3"/>
                <RegionRefIndexed index="3" regionRef="r4"/>
                <RegionRefIndexed index="4" regionRef="r5"/>
            </OrderedGroup>
        </ReadingOrder>
        <TextRegion orientation="0.0" id="r1" custom="readingOrder {index:0;}">
            <Coords points="614,1436 614,1596 764,1596 764,1436"/>
            <TextLine id="r1l1" custom="readingOrder {index:0;}">
                <Coords points="605,1552 618,1553 639,1572 645,1565 659,1573 680,1566 727,1532 762,1552 775,1551 771,1461 742,1465 716,1452 704,1457 668,1444 649,1451 632,1470 600,1465"/>
                <Baseline points="614,1546 639,1544 664,1542 689,1542 714,1542 739,1540 764,1536"/>
                <TextEquiv>
                    <Unicode>18.</Unicode>
                </TextEquiv>
            </TextLine>
            <TextEquiv>
                <Unicode>18.</Unicode>
            </TextEquiv>
        </TextRegion>
        <TextRegion orientation="0.0" id="r2" custom="readingOrder {index:1;}">
            <Coords points="932,5768 932,5920 952,5920 952,5768"/>
            <TextLine id="r2l1" custom="readingOrder {index:0;}">
                <Coords points="922,5873 932,5874 936,5879 941,5879 949,5884 951,5882 961,5883 966,5835 956,5834 953,5831 948,5835 940,5834 936,5837 926,5836"/>
                <Baseline points="932,5868 952,5870"/>
                <TextEquiv>
                    <Unicode>e</Unicode>
                </TextEquiv>
            </TextLine>
            <TextEquiv>
                <Unicode>e</Unicode>
            </TextEquiv>
        </TextRegion>
        <TextRegion orientation="0.0" id="r3" custom="readingOrder {index:2;}">
            <Coords points="924,1605 924,6110 2600,6110 2600,1605"/>
            <TextLine id="r3l1" custom="readingOrder {index:0;}">
                <Coords points="1141,1740 1895,1671 2058,1673 2120,1723 2186,1668 2270,1697 2415,1648 2496,1699 2526,1595 2401,1547 2267,1603 2095,1592 1994,1535 1670,1646 1552,1560 1396,1623 1216,1557 1133,1583"/>
                <Baseline points="1150,1716 1218,1712 1286,1708 1355,1703 1423,1698 1492,1693 1560,1689 1628,1684 1697,1680 1765,1677 1834,1673 1902,1668 1970,1666 2039,1662 2107,1659 2176,1656 2244,1654 2312,1652 2381,1651 2449,1650 2518,1650"/>
                <TextEquiv>
                    <Unicode>Vernern könne er nit laugnen, dan</Unicode>
                </TextEquiv>
            </TextLine>
            <TextLine id="r3l2" custom="readingOrder {index:1;} place {offset:16; length:11;}">
                <Coords points="1196,1862 1314,1805 1592,1819 1725,1778 1954,1819 2031,1770 2479,1733 2475,1675 2052,1724 1853,1680 1487,1763 1259,1714 1189,1752"/>
                <Baseline points="1202,1812 1265,1810 1328,1808 1392,1803 1455,1800 1519,1796 1582,1791 1645,1785 1709,1781 1772,1774 1836,1769 1899,1765 1962,1760 2026,1755 2089,1751 2153,1748 2216,1745 2279,1744 2343,1742 2406,1742 2470,1744"/>
                <TextEquiv>
                    <Unicode>daß er, als die Solothurner vor</Unicode>
                </TextEquiv>
            </TextLine>
            <TextLine id="r3l3" custom="readingOrder {index:2;} place {offset:0; length:6;}">
                <Coords points="1189,1932 1369,1914 1450,1969 1531,1904 1718,1950 1872,1855 2119,1893 2337,1838 2398,1886 2472,1837 2466,1759 2154,1791 2098,1760 1948,1820 1653,1796 1308,1870 1244,1830 1184,1868"/>
                <Baseline points="1198,1920 1261,1916 1324,1913 1387,1907 1450,1902 1514,1896 1577,1889 1640,1884 1703,1879 1766,1873 1830,1867 1893,1862 1956,1857 2019,1852 2082,1846 2146,1842 2209,1839 2272,1836 2335,1833 2398,1830 2462,1828"/>
                <TextEquiv>
                    <Unicode>Arberg abziechen wöllen, durch</Unicode>
                </TextEquiv>
            </TextLine>
            <TextLine id="r3l4" custom="readingOrder {index:3;}">
                <Coords points="1195,2057 2035,1954 2230,2012 2329,1966 2393,1997 2469,1942 2463,1871 2316,1851 2214,1909 2084,1877 1989,1914 1871,1870 1714,1950 1537,1904 1450,1968 1344,1976 1278,1928 1189,1977"/>
                <Baseline points="1202,2026 1264,2020 1327,2014 1390,2008 1453,2002 1516,1997 1578,1991 1641,1984 1704,1979 1767,1973 1830,1968 1892,1962 1955,1957 2018,1952 2081,1948 2144,1944 2206,1941 2269,1938 2332,1936 2395,1936 2458,1934"/>
                <TextEquiv>
                    <Unicode>den offentlichen Trommenschlag</Unicode>
                </TextEquiv>
            </TextLine>
            <TextLine id="r3l5" custom="readingOrder {index:4;}">
                <Coords points="1203,2160 1363,2102 1574,2129 1796,2052 1877,2103 2057,2042 2435,2099 2424,1930 2311,2000 2243,1950 2042,1958 1984,2018 1925,1985 1631,2052 1553,2016 1468,2060 1359,2028 1195,2058"/>
                <Baseline points="1210,2122 1270,2116 1331,2112 1391,2106 1452,2101 1513,2095 1573,2090 1634,2085 1694,2078 1755,2073 1816,2067 1876,2063 1937,2059 1997,2053 2058,2049 2119,2045 2179,2041 2240,2038 2300,2036 2361,2034 2422,2032"/>
                <TextEquiv>
                    <Unicode>solches verbiet, vnd dargegen</Unicode>
                </TextEquiv>
            </TextLine>
            <TextLine id="r3l6" custom="readingOrder {index:5;}">
                <Coords points="1217,2288 1282,2230 1566,2195 1632,2230 1847,2184 1937,2233 2053,2149 2283,2152 2331,2192 2422,2140 2532,2149 2526,2069 2429,2025 2343,2112 2008,2056 1909,2156 1615,2105 1445,2145 1365,2102 1207,2151"/>
                <Baseline points="1222,2218 1287,2214 1352,2212 1417,2207 1482,2203 1547,2198 1612,2193 1677,2187 1742,2180 1807,2175 1872,2169 1937,2165 2002,2159 2067,2154 2132,2148 2197,2144 2262,2141 2327,2138 2392,2136 2457,2134 2522,2132"/>
                <TextEquiv>
                    <Unicode>gebieten laßen, daß mennigklich</Unicode>
                </TextEquiv>
            </TextLine>
            <TextLine id="r3l7" custom="readingOrder {index:6;}">
                <Coords points="1233,2380 1324,2314 1509,2296 1827,2283 1893,2322 1964,2271 2247,2245 2395,2299 2459,2239 2498,2258 2489,2140 2332,2194 2051,2148 1939,2232 1847,2187 1781,2246 1312,2228 1225,2280"/>
                <Baseline points="1238,2316 1300,2312 1362,2308 1425,2304 1487,2299 1550,2294 1612,2288 1674,2283 1737,2277 1799,2272 1862,2266 1924,2260 1986,2255 2049,2250 2111,2246 2174,2241 2236,2238 2298,2234 2361,2232 2423,2232 2486,2230"/>
                <TextEquiv>
                    <Unicode>ohne Verneren befelch, nit wychen</Unicode>
                </TextEquiv>
            </TextLine>
            <TextLine id="r3l8" custom="readingOrder {index:7;} person {offset:28; length:9;}">
                <Coords points="1206,2436 2446,2371 2562,2350 2555,2256 2466,2297 2176,2259 1957,2329 1702,2288 1543,2340 1199,2346"/>
                <Baseline points="1214,2416 1280,2413 1347,2409 1414,2405 1481,2401 1548,2396 1614,2390 1681,2385 1748,2380 1815,2373 1882,2368 1948,2362 2015,2356 2082,2352 2149,2346 2216,2343 2282,2338 2349,2333 2416,2330 2483,2328 2550,2326"/>
                <TextEquiv>
                    <Unicode>wöllen biß die usschütz vom Muri feld inen bscheid</Unicode>
                </TextEquiv>
            </TextLine>
            <TextLine id="r3l9" custom="readingOrder {index:8;}">
                <Coords points="1190,2505 1233,2510 1324,2465 1428,2510 1634,2499 1687,2473 1736,2501 1797,2450 1890,2457 1913,2404 1796,2382 1753,2415 1673,2399 1649,2419 1614,2396 1479,2437 1407,2421 1185,2451"/>
                <Baseline points="1198,2490 1233,2487 1268,2484 1304,2481 1339,2477 1375,2474 1410,2472 1445,2469 1481,2467 1516,2464 1552,2461 1587,2458 1622,2455 1658,2452 1693,2450 1729,2446 1764,2443 1799,2442 1835,2437 1870,2436 1906,2432"/>
                <TextEquiv>
                    <Unicode>werden gebracht haben,</Unicode>
                </TextEquiv>
            </TextLine>
            <TextLine id="r3l10" custom="readingOrder {index:9;}">
                <Coords points="1175,2684 1322,2626 1390,2659 1753,2607 1926,2654 1995,2606 2396,2592 2394,2545 2200,2486 2014,2551 1830,2472 1687,2474 1594,2543 1336,2522 1232,2591 1171,2572"/>
                <Baseline points="1182,2628 1242,2625 1302,2620 1362,2617 1422,2614 1483,2612 1543,2610 1603,2606 1663,2604 1723,2602 1784,2600 1844,2598 1904,2596 1964,2594 2024,2592 2085,2589 2145,2586 2205,2584 2265,2581 2325,2576 2386,2572"/>
                <TextEquiv>
                    <Unicode>Entlichen an dem Tag, da sy von</Unicode>
                </TextEquiv>
            </TextLine>
            <TextLine id="r3l11" custom="readingOrder {index:10;} place {offset:0; length:6;}">
                <Coords points="1217,2740 1503,2750 1567,2705 1763,2726 1967,2685 2299,2726 2484,2670 2397,2588 2182,2628 2130,2589 1924,2656 1863,2616 1806,2664 1668,2619 1573,2675 1213,2654"/>
                <Baseline points="1226,2728 1288,2725 1350,2720 1413,2716 1475,2714 1538,2710 1600,2708 1662,2703 1725,2701 1787,2698 1850,2694 1912,2691 1974,2688 2037,2684 2099,2681 2162,2677 2224,2674 2286,2670 2349,2665 2411,2661 2474,2656"/>
                <TextEquiv>
                    <Unicode>Arberg ab: vnd dūrch das Closter</Unicode>
                </TextEquiv>
            </TextLine>
            <TextLine id="r3l12" custom="readingOrder {index:11;} place {offset:0; length:11;}">
                <Coords points="1213,2846 1566,2828 1779,2875 2149,2781 2307,2837 2463,2782 2459,2706 2061,2754 1835,2720 1720,2770 1574,2719 1414,2783 1303,2725 1207,2740"/>
                <Baseline points="1222,2830 1283,2828 1345,2828 1406,2826 1468,2822 1529,2820 1591,2816 1652,2813 1714,2810 1775,2805 1837,2801 1898,2796 1960,2793 2021,2789 2083,2784 2144,2780 2206,2778 2267,2774 2329,2772 2390,2770 2452,2768"/>
                <TextEquiv>
                    <Unicode>Trienisperg gezogen, und vom H</Unicode>
                </TextEquiv>
            </TextLine>
            <TextLine id="r3l13" custom="readingOrder {index:12;}">
                <Coords points="1196,2948 1536,2912 1654,2981 1746,2907 1817,2956 1921,2909 2015,2949 2112,2877 2328,2925 2483,2879 2478,2783 2061,2851 1986,2807 1781,2874 1557,2829 1190,2839"/>
                <Baseline points="1206,2930 1269,2928 1332,2925 1395,2922 1459,2918 1522,2915 1585,2911 1649,2909 1712,2906 1775,2902 1839,2898 1902,2894 1965,2892 2028,2888 2092,2884 2155,2880 2218,2876 2282,2874 2345,2871 2408,2866 2472,2864"/>
                <TextEquiv>
                    <Unicode>vogt befragt worden, was sy</Unicode>
                </TextEquiv>
            </TextLine>
            <TextLine id="r3l14" custom="readingOrder {index:13;}">
                <Coords points="1226,3085 1783,3011 2099,3040 2210,2984 2513,3028 2540,2881 2323,2935 2110,2878 2027,2950 1896,2962 1746,2908 1676,2963 1534,2912 1217,2940"/>
                <Baseline points="1232,3026 1297,3022 1362,3020 1427,3017 1492,3013 1557,3010 1622,3006 1687,3003 1752,3000 1817,2995 1883,2990 1948,2986 2013,2983 2078,2978 2143,2975 2208,2970 2273,2966 2338,2963 2403,2959 2468,2956 2534,2952"/>
                <TextEquiv>
                    <Unicode>Jetunder in denen rackholder stuc</Unicode>
                </TextEquiv>
            </TextLine>
            <TextLine id="r3l15" custom="readingOrder {index:14;}">
                <Coords points="1238,3188 1456,3105 1594,3159 1652,3095 2084,3111 2147,3060 2298,3135 2455,3057 2452,3009 2357,2988 2315,3024 2209,2984 2095,3042 2045,3005 1916,3053 1781,3011 1718,3058 1232,3078"/>
                <Baseline points="1244,3120 1304,3116 1364,3111 1424,3107 1484,3104 1544,3100 1604,3096 1664,3093 1724,3089 1784,3088 1844,3084 1904,3081 1964,3078 2024,3075 2084,3072 2144,3069 2204,3066 2264,3062 2324,3060 2384,3056 2444,3052"/>
                <TextEquiv>
                    <Unicode>gewonnen, vnd werden kosten be¬</Unicode>
                </TextEquiv>
            </TextLine>
            <TextLine id="r3l16" custom="readingOrder {index:15;}">
                <Coords points="1238,3276 1713,3186 1913,3226 1975,3172 2221,3211 2363,3162 2445,3216 2515,3171 2511,3097 2365,3081 2289,3133 1975,3097 1913,3150 1740,3106 1685,3153 1420,3114 1232,3158"/>
                <Baseline points="1244,3216 1307,3212 1370,3210 1433,3206 1496,3204 1559,3199 1622,3196 1685,3191 1748,3186 1811,3183 1874,3180 1937,3175 2000,3170 2063,3167 2126,3164 2189,3161 2252,3158 2315,3156 2378,3154 2441,3152 2504,3152"/>
                <TextEquiv>
                    <Unicode>zahlen werde, auch warumb sy</Unicode>
                </TextEquiv>
            </TextLine>
            <TextLine id="r3l17" custom="readingOrder {index:16;}">
                <Coords points="1232,3369 1414,3355 1509,3300 2480,3276 2506,3216 2363,3161 2233,3214 2113,3183 2074,3223 2007,3183 1913,3226 1766,3187 1635,3197 1552,3261 1226,3273"/>
                <Baseline points="1238,3314 1301,3312 1364,3309 1427,3305 1490,3302 1553,3298 1616,3294 1679,3288 1742,3284 1805,3280 1868,3276 1931,3272 1994,3268 2057,3265 2120,3261 2183,3258 2246,3255 2309,3254 2372,3252 2435,3250 2498,3250"/>
                <TextEquiv>
                    <Unicode>furgeben, daß vil frömde Volcker</Unicode>
                </TextEquiv>
            </TextLine>
            <TextLine id="r3l18" custom="readingOrder {index:17;}">
                <Coords points="1233,3443 1367,3474 1447,3417 1637,3406 1778,3458 1858,3391 2152,3371 2273,3416 2337,3351 2533,3371 2528,3297 2349,3256 2261,3325 2181,3277 2043,3332 1882,3280 1513,3306 1452,3370 1228,3367"/>
                <Baseline points="1242,3420 1306,3418 1370,3417 1434,3414 1498,3409 1562,3405 1626,3400 1690,3395 1754,3389 1818,3385 1882,3379 1946,3373 2010,3369 2074,3364 2138,3360 2202,3354 2266,3352 2330,3350 2394,3348 2458,3348 2522,3348"/>
                <TextEquiv>
                    <Unicode>verhanden, so sich aber nit erfinde,</Unicode>
                </TextEquiv>
            </TextLine>
            <TextLine id="r3l19" custom="readingOrder {index:18;}">
                <Coords points="1204,3617 1342,3541 1451,3524 1502,3566 1588,3509 2233,3491 2469,3553 2599,3457 2461,3390 2200,3451 2041,3395 1967,3457 1698,3466 1633,3407 1530,3480 1287,3431 1199,3487"/>
                <Baseline points="1210,3544 1279,3538 1348,3534 1417,3528 1486,3523 1555,3517 1624,3513 1693,3508 1762,3504 1831,3500 1900,3497 1969,3494 2038,3491 2107,3490 2176,3488 2245,3488 2314,3488 2383,3488 2452,3490 2521,3492 2590,3494"/>
                <TextEquiv>
                    <Unicode>Habe er Ime geantwortet, solches</Unicode>
                </TextEquiv>
            </TextLine>
            <TextLine id="r3l20" custom="readingOrder {index:19;}">
                <Coords points="1227,3680 1368,3631 1486,3678 1666,3606 1983,3664 2066,3606 2354,3590 2430,3639 2516,3548 1796,3506 1682,3565 1571,3533 1224,3606"/>
                <Baseline points="1234,3630 1297,3625 1361,3620 1425,3614 1488,3610 1552,3606 1616,3603 1679,3599 1743,3596 1807,3594 1871,3592 1934,3592 1998,3590 2062,3588 2125,3588 2189,3588 2253,3588 2316,3588 2380,3590 2444,3590 2508,3592"/>
                <TextEquiv>
                    <Unicode>wol gewüst zu haben, vnd sige</Unicode>
                </TextEquiv>
            </TextLine>
            <TextLine id="r3l21" custom="readingOrder {index:20;}">
                <Coords points="1219,3721 1607,3765 1709,3696 1846,3699 1912,3754 2221,3686 2295,3757 2384,3708 2467,3751 2610,3705 2609,3656 2507,3603 2402,3645 2350,3595 1987,3660 1713,3610 1463,3678 1300,3635 1218,3686"/>
                <Baseline points="1228,3716 1296,3712 1365,3710 1433,3708 1502,3704 1571,3702 1639,3700 1708,3698 1776,3695 1845,3693 1914,3690 1982,3690 2051,3688 2119,3686 2188,3686 2257,3684 2325,3684 2394,3684 2462,3686 2531,3686 2600,3688"/>
                <TextEquiv>
                    <Unicode>beßer vff dise waß wie sy gethan,</Unicode>
                </TextEquiv>
            </TextLine>
            <TextLine id="r3l22" custom="readingOrder {index:21;}">
                <Coords points="1217,3863 1316,3810 1372,3852 1528,3813 1586,3867 1841,3795 2069,3799 2129,3849 2238,3794 2495,3790 2494,3747 2391,3712 2292,3759 2192,3699 1937,3753 1679,3704 1588,3777 1214,3718"/>
                <Baseline points="1226,3810 1288,3808 1351,3808 1414,3808 1477,3806 1540,3804 1603,3804 1666,3802 1729,3799 1792,3798 1855,3796 1917,3794 1980,3792 2043,3790 2106,3790 2169,3788 2232,3788 2295,3787 2358,3786 2421,3786 2484,3788"/>
                <TextEquiv>
                    <Unicode>Jan wan sy die wältschen in die</Unicode>
                </TextEquiv>
            </TextLine>
            <TextLine id="r3l23" custom="readingOrder {index:22;}">
                <Coords points="1220,3932 1473,3910 1656,3966 1910,3884 2001,3963 2098,3891 2597,3934 2596,3867 2489,3800 2323,3850 2127,3849 2071,3805 1874,3859 1799,3815 1666,3870 1528,3813 1372,3853 1316,3809 1219,3863"/>
                <Baseline points="1230,3908 1297,3908 1365,3908 1433,3908 1501,3906 1569,3904 1636,3902 1704,3900 1772,3898 1840,3896 1908,3894 1975,3892 2043,3890 2111,3889 2179,3888 2247,3888 2314,3888 2382,3890 2450,3892 2518,3896 2586,3900"/>
                <TextEquiv>
                    <Unicode>Stattern hetten trassieren laßen,</Unicode>
                </TextEquiv>
            </TextLine>
            <TextLine id="r3l24" custom="readingOrder {index:23;}">
                <Coords points="1225,4013 1868,3987 1955,4031 2370,3978 2506,4024 2536,3947 2400,3904 2236,3941 2097,3891 1989,3957 1911,3882 1658,3968 1223,3929"/>
                <Baseline points="1234,3998 1298,3998 1363,3998 1427,3998 1492,3998 1557,3997 1621,3996 1686,3994 1750,3993 1815,3991 1880,3990 1944,3988 2009,3986 2073,3985 2138,3984 2202,3982 2267,3980 2332,3980 2396,3979 2461,3978 2526,3978"/>
                <TextEquiv>
                    <Unicode>were von der Oberkeit mit den</Unicode>
                </TextEquiv>
            </TextLine>
            <TextLine id="r3l25" custom="readingOrder {index:24;}">
                <Coords points="1230,4151 1332,4102 1505,4166 1601,4099 1744,4159 2005,4165 2211,4101 2289,4164 2393,4097 2497,4163 2585,4116 2585,4000 2393,4058 2075,3988 1969,4035 1873,3992 1230,4012"/>
                <Baseline points="1240,4092 1306,4094 1373,4094 1440,4096 1507,4096 1574,4096 1640,4096 1707,4096 1774,4096 1841,4096 1908,4096 1974,4096 2041,4096 2108,4094 2175,4094 2242,4094 2308,4092 2375,4092 2442,4092 2509,4092 2576,4092"/>
                <TextEquiv>
                    <Unicode>Einenthaleren kein friden gemacht</Unicode>
                </TextEquiv>
            </TextLine>
            <TextLine id="r3l26" custom="readingOrder {index:25;}">
                <Coords points="1254,4218 1286,4232 1323,4218 1368,4239 1397,4216 1435,4226 1474,4204 1584,4235 1656,4223 1717,4202 1717,4106 1638,4143 1589,4110 1535,4165 1329,4131 1254,4137"/>
                <Baseline points="1264,4204 1290,4203 1316,4202 1342,4202 1368,4201 1394,4200 1420,4200 1446,4201 1472,4202 1499,4202 1525,4202 1551,4202 1577,4202 1603,4202 1629,4202 1655,4202 1681,4202 1708,4200"/>
                <TextEquiv>
                    <Unicode>worden.</Unicode>
                </TextEquiv>
            </TextLine>
            <TextLine id="r3l27" custom="readingOrder {index:26;}">
                <Coords points="943,4433 1376,4421 1524,4481 1590,4431 1637,4476 1780,4419 2035,4456 2270,4399 2530,4459 2529,4336 2468,4319 2219,4349 1887,4273 1807,4347 1353,4300 1152,4341 1053,4270 941,4275"/>
                <Baseline points="952,4412 1030,4412 1108,4412 1187,4412 1265,4412 1344,4410 1422,4410 1500,4410 1579,4410 1657,4410 1736,4408 1814,4408 1892,4408 1971,4406 2049,4406 2128,4404 2206,4402 2284,4401 2363,4400 2441,4398 2520,4396"/>
                <TextEquiv>
                    <Unicode>Nach anhörung diß processes habent mahlen.</Unicode>
                </TextEquiv>
            </TextLine>
            <TextLine id="r3l28" custom="readingOrder {index:27;}">
                <Coords points="925,4531 1362,4516 1430,4562 1560,4503 1802,4552 1939,4499 2367,4520 2460,4454 1835,4418 1515,4480 1237,4412 1156,4472 1043,4427 924,4458"/>
                <Baseline points="934,4512 1009,4512 1085,4512 1161,4512 1237,4510 1313,4510 1388,4510 1464,4508 1540,4508 1616,4506 1692,4505 1767,4504 1843,4502 1919,4500 1995,4500 2071,4498 2146,4496 2222,4494 2298,4494 2374,4492 2450,4490"/>
                <TextEquiv>
                    <Unicode>Rath vnd Burger, vermach der gemeinen be¬</Unicode>
                </TextEquiv>
            </TextLine>
            <TextLine id="r3l29" custom="readingOrder {index:28;}">
                <Coords points="965,4644 1545,4611 1630,4661 1984,4594 2108,4655 2233,4594 2533,4594 2532,4505 1422,4564 963,4518"/>
                <Baseline points="974,4596 1051,4598 1129,4600 1206,4600 1284,4602 1361,4602 1439,4602 1516,4600 1594,4600 1671,4598 1749,4596 1826,4596 1904,4594 1981,4592 2059,4590 2136,4588 2214,4585 2291,4582 2369,4581 2446,4579 2524,4576"/>
                <TextEquiv>
                    <Unicode>leidigungs vergeß, ohngeacht seines schwär und</Unicode>
                </TextEquiv>
            </TextLine>
            <TextLine id="r3l30" custom="readingOrder {index:29;}">
                <Coords points="956,4741 1393,4700 1622,4762 1772,4695 1919,4725 1995,4685 2098,4739 2217,4684 2419,4690 2420,4595 2118,4656 1679,4622 1565,4663 1416,4610 1332,4662 1277,4627 955,4668"/>
                <Baseline points="966,4698 1038,4698 1110,4698 1182,4698 1254,4698 1327,4698 1399,4698 1471,4698 1543,4698 1615,4698 1688,4698 1760,4696 1832,4696 1904,4694 1976,4692 2049,4691 2121,4689 2193,4687 2265,4684 2337,4680 2410,4676"/>
                <TextEquiv>
                    <Unicode>hochbegangnen fählers imme das leben geschenckt.</Unicode>
                </TextEquiv>
            </TextLine>
            <TextLine id="r3l31" custom="readingOrder {index:30;}">
                <Coords points="936,4835 1009,4794 1305,4845 1393,4798 1615,4843 1705,4794 2464,4805 2464,4745 2367,4702 2301,4759 1991,4677 1868,4756 1691,4725 1469,4768 1398,4698 1283,4749 936,4741"/>
                <Baseline points="946,4794 1021,4792 1096,4792 1172,4792 1247,4792 1323,4792 1398,4794 1473,4794 1549,4794 1624,4794 1700,4794 1775,4794 1850,4794 1926,4794 2001,4794 2077,4792 2152,4790 2227,4788 2303,4785 2378,4781 2454,4778"/>
                <TextEquiv>
                    <Unicode>daby aber zu einer gl. vnd wolverdienten</Unicode>
                </TextEquiv>
            </TextLine>
            <TextLine id="r3l32" custom="readingOrder {index:31;}">
                <Coords points="940,4910 1434,4890 1601,4946 1685,4884 1978,4930 2472,4884 2471,4806 2307,4846 2265,4805 2148,4841 1706,4794 1322,4853 1008,4794 940,4843"/>
                <Baseline points="950,4878 1025,4880 1101,4882 1176,4884 1252,4886 1328,4888 1403,4889 1479,4890 1554,4890 1630,4890 1706,4890 1781,4890 1857,4890 1932,4888 2008,4886 2084,4884 2159,4882 2235,4879 2310,4876 2386,4872 2462,4868"/>
                <TextEquiv>
                    <Unicode>straff erkent, daß er beforderst mit</Unicode>
                </TextEquiv>
            </TextLine>
            <TextLine id="r3l33" custom="readingOrder {index:32;}">
                <Coords points="953,4986 1049,5035 1198,4968 1459,5040 1533,4997 1873,5049 1971,4988 2088,5041 2182,4982 2526,4982 2408,4890 1980,4934 1910,4896 1853,4947 1765,4883 1676,4950 1541,4907 1145,4939 1092,4890 953,4923"/>
                <Baseline points="962,4970 1039,4972 1117,4974 1195,4976 1272,4978 1350,4980 1428,4980 1505,4980 1583,4980 1661,4980 1739,4980 1816,4980 1894,4980 1972,4978 2049,4978 2127,4976 2205,4976 2282,4974 2360,4972 2438,4972 2516,4970"/>
                <TextEquiv>
                    <Unicode>abschwerung des vngutten fulen Pundts, den</Unicode>
                </TextEquiv>
            </TextLine>
            <TextLine id="r3l34" custom="readingOrder {index:33;}">
                <Coords points="958,5086 1140,5082 1209,5139 1273,5088 1546,5133 1701,5094 1766,5153 1832,5092 2164,5078 2283,5123 2466,5078 2326,4986 2077,5045 1966,4988 1866,5055 1791,5013 1460,5043 1187,4974 1060,5039 958,4996"/>
                <Baseline points="968,5066 1042,5068 1116,5071 1191,5074 1265,5076 1340,5077 1414,5079 1488,5080 1563,5082 1637,5082 1712,5082 1786,5082 1860,5082 1935,5082 2009,5082 2084,5080 2158,5078 2232,5074 2307,5071 2381,5067 2456,5062"/>
                <TextEquiv>
                    <Unicode>vewrenschuldigungs eid praestieren, ein</Unicode>
                </TextEquiv>
            </TextLine>
            <TextLine id="r3l35" custom="readingOrder {index:34;}">
                <Coords points="984,5179 1396,5229 1857,5191 1900,5235 1984,5181 2104,5232 2257,5183 2326,5242 2508,5169 2508,5091 2384,5069 2296,5132 2159,5099 1982,5146 1831,5091 1767,5152 1612,5090 1210,5139 984,5090"/>
                <Baseline points="994,5164 1069,5167 1144,5170 1219,5174 1294,5176 1370,5178 1445,5180 1520,5180 1595,5182 1670,5182 1746,5182 1821,5182 1896,5182 1971,5180 2046,5180 2122,5178 2197,5176 2272,5172 2347,5170 2422,5165 2498,5160"/>
                <TextEquiv>
                    <Unicode>vrphed über sich nemmen, ir gut ehren farb</Unicode>
                </TextEquiv>
            </TextLine>
            <TextLine id="r3l36" custom="readingOrder {index:35;}">
                <Coords points="964,5284 1354,5278 1413,5335 1646,5269 2523,5306 2484,5183 2329,5239 1790,5191 1517,5247 964,5192"/>
                <Baseline points="974,5258 1051,5261 1128,5264 1205,5268 1282,5270 1359,5272 1436,5274 1513,5276 1590,5276 1667,5278 1744,5278 1821,5278 1898,5278 1975,5276 2052,5276 2129,5274 2206,5272 2283,5270 2360,5268 2437,5266 2514,5262"/>
                <TextEquiv>
                    <Unicode>intrivation seines weibel diensts von sich</Unicode>
                </TextEquiv>
            </TextLine>
            <TextLine id="r3l37" custom="readingOrder {index:36;}">
                <Coords points="955,5361 1390,5366 1441,5410 1987,5372 2119,5440 2243,5374 2371,5404 2460,5328 2303,5280 2232,5323 2119,5279 1602,5326 1501,5282 1412,5335 1091,5254 955,5294"/>
                <Baseline points="964,5352 1038,5354 1112,5356 1186,5359 1261,5360 1335,5362 1409,5364 1484,5364 1558,5366 1632,5366 1707,5368 1781,5368 1855,5368 1929,5368 2004,5368 2078,5367 2152,5366 2227,5366 2301,5364 2375,5364 2450,5362"/>
                <TextEquiv>
                    <Unicode>geben und noch zwey taus und Pfundt zu</Unicode>
                </TextEquiv>
            </TextLine>
            <TextLine id="r3l38" custom="readingOrder {index:37;}">
                <Coords points="982,5512 1175,5469 1237,5508 1567,5471 1637,5518 2257,5467 2437,5523 2438,5430 2241,5377 2089,5438 1854,5372 1654,5423 1345,5364 1128,5416 984,5375"/>
                <Baseline points="992,5450 1063,5450 1135,5452 1207,5452 1279,5454 1351,5456 1422,5458 1494,5458 1566,5460 1638,5462 1710,5464 1781,5465 1853,5466 1925,5468 1997,5468 2069,5468 2140,5468 2212,5466 2284,5466 2356,5463 2428,5460"/>
                <TextEquiv>
                    <Unicode>igne handen ablegen und uff abtrage</Unicode>
                </TextEquiv>
            </TextLine>
            <TextLine id="r3l39" custom="readingOrder {index:38;}">
                <Coords points="914,5567 966,5605 1232,5538 1360,5607 1430,5561 2458,5583 2459,5525 2302,5496 1925,5520 1799,5474 1690,5527 1545,5475 1382,5519 1302,5467 1245,5515 1177,5468 916,5475"/>
                <Baseline points="924,5542 1000,5544 1076,5544 1152,5546 1228,5548 1305,5550 1381,5552 1457,5554 1533,5556 1609,5558 1686,5560 1762,5561 1838,5563 1914,5564 1990,5566 2067,5567 2143,5568 2219,5568 2295,5568 2371,5568 2448,5566"/>
                <TextEquiv>
                    <Unicode>Kostens, sampt einer gutten sensur ledig</Unicode>
                </TextEquiv>
            </TextLine>
            <TextLine id="r3l40" custom="readingOrder {index:39;}">
                <Coords points="980,5701 1089,5648 1145,5696 1340,5654 1454,5667 1557,5720 1724,5663 1789,5680 1790,5580 1726,5558 1576,5610 1524,5574 1458,5614 1339,5609 1236,5536 1170,5590 982,5580"/>
                <Baseline points="992,5634 1031,5638 1070,5640 1110,5642 1149,5644 1189,5645 1228,5646 1267,5646 1307,5646 1346,5646 1386,5646 1425,5646 1464,5646 1504,5648 1543,5648 1583,5648 1622,5648 1661,5648 1701,5650 1740,5652 1780,5654"/>
                <TextEquiv>
                    <Unicode>gelaßen werden sölle.</Unicode>
                </TextEquiv>
            </TextLine>
            <TextLine id="r3l41" custom="readingOrder {index:40;}">
                <Coords points="1931,5691 1984,5704 2070,5671 2184,5688 2235,5671 2376,5686 2434,5734 2475,5734 2576,5673 2575,5588 2506,5609 2459,5575 2391,5623 2328,5595 2185,5619 2098,5586 2002,5595 1929,5569"/>
                <Baseline points="1940,5672 1971,5672 2002,5670 2033,5670 2065,5669 2096,5668 2127,5668 2159,5668 2190,5668 2221,5668 2253,5666 2284,5666 2315,5666 2346,5666 2378,5664 2409,5664 2440,5664 2472,5662 2503,5660 2534,5659 2566,5658"/>
                <TextEquiv>
                    <Unicode>Actum 26. aug.</Unicode>
                </TextEquiv>
            </TextLine>
            <TextLine id="r3l42" custom="readingOrder {index:41;}">
                <Coords points="971,5767 987,5772 1018,5746 1048,5760 1070,5757 1092,5782 1126,5776 1147,5787 1173,5773 1188,5788 1215,5794 1220,5709 1195,5710 1159,5690 1143,5695 1098,5647 1073,5651 1033,5686 975,5703"/>
                <Baseline points="982,5748 1007,5746 1032,5744 1057,5745 1082,5747 1107,5750 1132,5752 1157,5753 1182,5756 1208,5758"/>
                <TextEquiv>
                    <Unicode>1653.</Unicode>
                </TextEquiv>
            </TextLine>
            <TextLine id="r3l43" custom="readingOrder {index:42;}">
                <Coords points="962,5891 1255,5883 1371,5941 1521,5902 1595,5947 1733,5906 1851,5960 1982,5895 2375,5958 2502,5890 2503,5833 2346,5855 2179,5764 1977,5850 964,5780"/>
                <Baseline points="972,5858 1048,5865 1124,5872 1200,5876 1276,5881 1352,5884 1428,5888 1504,5890 1580,5891 1656,5892 1732,5894 1808,5894 1884,5894 1960,5894 2036,5894 2112,5894 2188,5894 2264,5895 2340,5896 2416,5896 2492,5898"/>
                <TextEquiv>
                    <Unicode>gleichen tags ist er uff gethane huldigung</Unicode>
                </TextEquiv>
            </TextLine>
            <TextLine id="r3l44" custom="readingOrder {index:43;}">
                <Coords points="946,5981 1247,5978 1367,6034 1588,5986 1647,6035 2514,5985 2514,5886 2373,5958 949,5884"/>
                <Baseline points="956,5952 1033,5956 1110,5960 1188,5964 1265,5968 1343,5970 1420,5974 1497,5976 1575,5978 1652,5980 1730,5982 1807,5984 1884,5984 1962,5986 2039,5987 2117,5988 2194,5988 2271,5990 2349,5990 2426,5990 2504,5992"/>
                <TextEquiv>
                    <Unicode>vnd vnderschreibung steines vrphedt, uß</Unicode>
                </TextEquiv>
            </TextLine>
            <TextLine id="r3l45" custom="readingOrder {index:44;}">
                <Coords points="966,6064 1235,6139 1336,6097 1388,6139 1489,6093 1790,6149 2003,6097 2449,6102 2451,6033 2351,6005 2130,6046 2016,6001 1940,6038 1606,5999 1368,6035 1048,5962 968,5997"/>
                <Baseline points="976,6042 1049,6046 1122,6051 1195,6054 1268,6058 1342,6062 1415,6067 1488,6071 1561,6074 1634,6078 1708,6081 1781,6083 1854,6085 1927,6087 2000,6088 2074,6088 2147,6088 2220,6086 2293,6084 2366,6081 2440,6078"/>
                <TextEquiv>
                    <Unicode>der gefangenschafft gelaßen worden.</Unicode>
                </TextEquiv>
            </TextLine>
            <TextEquiv>
                <Unicode>Vernern könne er nit laugnen, dan
daß er, als die Solothurner vor
Arberg abziechen wöllen, durch
den offentlichen Trommenschlag
solches verbiet, vnd dargegen
gebieten laßen, daß mennigklich
ohne Verneren befelch, nit wychen
wöllen biß die usschütz vom Muri feld inen bscheid
werden gebracht haben,
Entlichen an dem Tag, da sy von
Arberg ab: vnd dūrch das Closter
Trienisperg gezogen, und vom H
vogt befragt worden, was sy
Jetunder in denen rackholder stuc
gewonnen, vnd werden kosten be¬
zahlen werde, auch warumb sy
furgeben, daß vil frömde Volcker
verhanden, so sich aber nit erfinde,
Habe er Ime geantwortet, solches
wol gewüst zu haben, vnd sige
beßer vff dise waß wie sy gethan,
Jan wan sy die wältschen in die
Stattern hetten trassieren laßen,
were von der Oberkeit mit den
Einenthaleren kein friden gemacht
worden.
Nach anhörung diß processes habent mahlen.
Rath vnd Burger, vermach der gemeinen be¬
leidigungs vergeß, ohngeacht seines schwär und
hochbegangnen fählers imme das leben geschenckt.
daby aber zu einer gl. vnd wolverdienten
straff erkent, daß er beforderst mit
abschwerung des vngutten fulen Pundts, den
vewrenschuldigungs eid praestieren, ein
vrphed über sich nemmen, ir gut ehren farb
intrivation seines weibel diensts von sich
geben und noch zwey taus und Pfundt zu
igne handen ablegen und uff abtrage
Kostens, sampt einer gutten sensur ledig
gelaßen werden sölle.
Actum 26. aug.
1653.
gleichen tags ist er uff gethane huldigung
vnd vnderschreibung steines vrphedt, uß
der gefangenschafft gelaßen worden.</Unicode>
            </TextEquiv>
        </TextRegion>
        <TextRegion orientation="0.0" id="r4" custom="readingOrder {index:3;}">
            <Coords points="3320,1558 3320,6110 4896,6110 4896,1558"/>
            <TextLine id="r4l1" custom="readingOrder {index:0;} place {offset:16; length:8;}">
                <Coords points="3476,1631 3551,1615 3624,1668 3710,1612 3871,1612 3954,1655 4008,1611 4110,1612 4526,1670 4529,1570 4413,1516 4339,1551 4246,1516 4176,1561 3955,1461 3794,1530 3629,1476 3545,1525 3479,1498"/>
                <Baseline points="3486,1608 3537,1608 3589,1608 3640,1608 3692,1608 3744,1606 3795,1606 3847,1606 3898,1607 3950,1608 4002,1608 4053,1610 4105,1610 4156,1614 4208,1616 4260,1618 4311,1620 4363,1625 4414,1629 4466,1634 4518,1640"/>
                <TextEquiv>
                    <Unicode>aspar gsell von Wittenen</Unicode>
                </TextEquiv>
            </TextLine>
            <TextLine id="r4l2" custom="readingOrder {index:1;} place {offset:3; length:5;} place {offset:20; length:9;}">
                <Coords points="3514,1781 3595,1731 3733,1783 3877,1718 4004,1777 4127,1722 4430,1771 4552,1751 4553,1659 4506,1682 4463,1647 4222,1663 4011,1613 3923,1670 3709,1614 3621,1667 3516,1620"/>
                <Baseline points="3524,1708 3574,1710 3625,1710 3676,1710 3727,1710 3778,1710 3829,1712 3880,1712 3931,1712 3982,1712 4033,1714 4083,1714 4134,1714 4185,1716 4236,1717 4287,1718 4338,1720 4389,1722 4440,1722 4491,1725 4542,1728"/>
                <TextEquiv>
                    <Unicode>Im Elsaß, nechst by Müllhußen.</Unicode>
                </TextEquiv>
            </TextLine>
            <TextLine id="r4l3" custom="readingOrder {index:2;}">
                <Coords points="3322,1966 3509,1895 3544,1929 3792,1892 3840,1937 3904,1897 4048,1930 4362,1901 4495,1944 4582,1906 4583,1784 4443,1853 4365,1813 3608,1817 3540,1777 3324,1838"/>
                <Baseline points="3332,1898 3394,1894 3456,1892 3518,1892 3580,1890 3642,1890 3704,1890 3766,1890 3828,1890 3890,1892 3952,1894 4014,1894 4076,1896 4138,1897 4200,1898 4262,1900 4324,1900 4386,1902 4448,1902 4510,1902 4572,1902"/>
                <TextEquiv>
                    <Unicode>Diser Ist wegen übertrettung deß</Unicode>
                </TextEquiv>
            </TextLine>
            <TextLine id="r4l4" custom="readingOrder {index:3;}">
                <Coords points="3410,1988 3724,1969 3926,2025 4191,1982 4288,2040 4365,1992 4537,2034 4638,1992 4640,1884 4496,1945 4359,1900 4031,1940 3918,1899 3839,1937 3790,1892 3411,1921"/>
                <Baseline points="3420,1972 3480,1972 3540,1970 3601,1970 3661,1970 3722,1971 3782,1972 3842,1973 3903,1974 3963,1976 4024,1977 4084,1978 4144,1980 4205,1981 4265,1982 4326,1983 4386,1984 4446,1984 4507,1984 4567,1982 4628,1982"/>
                <TextEquiv>
                    <Unicode>vß dem Land gegebenen Eidts, alhie</Unicode>
                </TextEquiv>
            </TextLine>
            <TextLine id="r4l5" custom="readingOrder {index:4;}">
                <Coords points="3398,2103 3606,2080 3715,2121 3820,2065 3996,2130 4047,2086 4314,2095 4538,2074 4552,2041 4370,1993 4285,2037 4176,1991 3866,2021 3707,1968 3597,2014 3494,1969 3399,2009"/>
                <Baseline points="3408,2058 3464,2056 3521,2056 3578,2056 3634,2056 3691,2056 3748,2058 3804,2058 3861,2060 3918,2060 3975,2062 4031,2064 4088,2064 4145,2066 4201,2066 4258,2066 4315,2066 4371,2066 4428,2066 4485,2066 4542,2064"/>
                <TextEquiv>
                    <Unicode>gfengklich eingesetzt, vnd den</Unicode>
                </TextEquiv>
            </TextLine>
            <TextLine id="r4l6" custom="readingOrder {index:5;}">
                <Coords points="3391,2177 3526,2159 3636,2234 3777,2161 3948,2234 3995,2191 4168,2218 4252,2165 4436,2224 4540,2165 4626,2214 4626,2089 4523,2063 4348,2114 4046,2087 3995,2130 3824,2071 3716,2120 3591,2081 3391,2103"/>
                <Baseline points="3400,2162 3460,2162 3521,2162 3582,2162 3643,2162 3704,2162 3764,2162 3825,2162 3886,2162 3947,2162 4008,2162 4068,2162 4129,2161 4190,2160 4251,2162 4312,2162 4372,2162 4433,2162 4494,2162 4555,2162 4616,2164"/>
                <TextEquiv>
                    <Unicode>12. aug 1653 uß in gut befelch</Unicode>
                </TextEquiv>
            </TextLine>
            <TextLine id="r4l7" custom="readingOrder {index:6;}">
                <Coords points="3391,2274 3597,2266 3758,2325 3845,2270 3962,2298 4009,2259 4164,2308 4441,2249 4653,2266 4653,2223 4541,2166 4451,2229 4280,2180 4054,2223 3999,2190 3950,2233 3793,2162 3635,2231 3525,2161 3391,2182"/>
                <Baseline points="3402,2256 3464,2258 3526,2258 3588,2258 3650,2258 3712,2260 3774,2260 3836,2260 3898,2260 3960,2260 4022,2260 4084,2260 4146,2258 4208,2258 4270,2258 4332,2258 4394,2258 4456,2258 4518,2258 4580,2258 4642,2260"/>
                <TextEquiv>
                    <Unicode>abermahlen, nach vorgelesner Eid¬</Unicode>
                </TextEquiv>
            </TextLine>
            <TextLine id="r4l8" custom="readingOrder {index:7;}">
                <Coords points="3390,2377 4002,2343 4182,2409 4255,2361 4602,2377 4636,2328 4032,2267 3969,2300 3857,2272 3765,2326 3538,2260 3390,2277"/>
                <Baseline points="3400,2350 3461,2350 3522,2350 3583,2350 3645,2350 3706,2352 3767,2352 3829,2352 3890,2352 3951,2352 4013,2353 4074,2354 4135,2354 4196,2354 4258,2356 4319,2356 4380,2356 4442,2356 4503,2356 4564,2356 4626,2356"/>
                <TextEquiv>
                    <Unicode>tafelen mit dem eidt verwisen und</Unicode>
                </TextEquiv>
            </TextLine>
            <TextLine id="r4l9" custom="readingOrder {index:8;} place {offset:27; length:6;}">
                <Coords points="3392,2469 3812,2439 3963,2508 4136,2436 4197,2478 4550,2455 4650,2506 4650,2373 4560,2394 4489,2353 4436,2390 4254,2362 4189,2409 3993,2347 3520,2414 3393,2381"/>
                <Baseline points="3402,2442 3463,2442 3525,2442 3587,2444 3649,2444 3711,2444 3773,2444 3835,2446 3897,2446 3959,2446 4021,2446 4082,2448 4144,2448 4206,2448 4268,2448 4330,2448 4392,2447 4454,2446 4516,2446 4578,2444 4640,2444"/>
                <TextEquiv>
                    <Unicode>durch die Profoßen vff die Grentz</Unicode>
                </TextEquiv>
            </TextLine>
            <TextLine id="r4l10" custom="readingOrder {index:9;} place {offset:6; length:7;}">
                <Coords points="3411,2583 3533,2572 3584,2611 3802,2548 4088,2616 4251,2540 4604,2577 4604,2499 4500,2469 4441,2508 4351,2476 4288,2503 4075,2453 3965,2509 3837,2509 3633,2437 3590,2478 3412,2465"/>
                <Baseline points="3422,2542 3480,2542 3539,2542 3597,2542 3656,2543 3715,2544 3773,2544 3832,2544 3890,2544 3949,2544 4008,2544 4066,2544 4125,2544 4183,2544 4242,2544 4301,2545 4359,2546 4418,2546 4476,2548 4535,2549 4594,2550"/>
                <TextEquiv>
                    <Unicode>gegen Fryburg geführt worden.</Unicode>
                </TextEquiv>
            </TextLine>
            <TextLine id="r4l11" custom="readingOrder {index:10;} person {offset:0; length:15;}">
                <Coords points="3410,3640 3686,3594 3886,3620 3990,3573 4047,3617 4246,3596 4333,3575 4329,3491 4180,3502 4024,3455 3925,3516 3822,3526 3712,3463 3604,3528 3481,3512 3405,3559"/>
                <Baseline points="3418,3618 3463,3614 3508,3612 3553,3609 3599,3605 3644,3601 3689,3598 3735,3596 3780,3592 3825,3589 3871,3587 3916,3584 3961,3582 4006,3580 4052,3577 4097,3576 4142,3574 4188,3572 4233,3570 4278,3569 4324,3568"/>
                <TextEquiv>
                    <Unicode>Hanß Uli Rüwhus</Unicode>
                </TextEquiv>
            </TextLine>
            <TextLine id="r4l12" custom="readingOrder {index:11;} place {offset:4; length:9;}">
                <Coords points="3541,3710 3613,3700 3646,3720 3690,3697 3752,3719 3842,3681 4092,3715 4128,3705 4123,3607 4049,3625 3985,3576 3904,3640 3804,3602 3763,3609 3706,3665 3536,3628"/>
                <Baseline points="3550,3688 3578,3690 3606,3690 3634,3690 3663,3690 3691,3689 3719,3686 3748,3684 3776,3682 3804,3680 3833,3677 3861,3675 3889,3672 3917,3669 3946,3668 3974,3667 4002,3665 4031,3664 4059,3665 4087,3666 4116,3668"/>
                <TextEquiv>
                    <Unicode>von Schwanden.</Unicode>
                </TextEquiv>
            </TextLine>
            <TextLine id="r4l13" custom="readingOrder {index:12;} person {offset:28; length:10; continued:true;}">
                <Coords points="3326,3984 3454,4031 3843,3964 4116,3999 4266,3941 4370,4012 4441,3960 4695,3995 4693,3857 4529,3839 4409,3884 4088,3805 3497,3934 3416,3895 3325,3924"/>
                <Baseline points="3336,3976 3403,3972 3470,3970 3538,3968 3605,3966 3673,3964 3740,3961 3807,3958 3875,3957 3942,3954 4010,3954 4077,3952 4144,3950 4212,3950 4279,3950 4347,3950 4414,3950 4481,3951 4549,3952 4616,3954 4684,3958"/>
                <TextEquiv>
                    <Unicode>Den 15. tag julii 1653 hatt Hanß Pelli</Unicode>
                </TextEquiv>
            </TextLine>
            <TextLine id="r4l14" custom="readingOrder {index:13;} person {offset:0; length:8; continued:true;}">
                <Coords points="3310,4111 4097,4040 4137,4079 4814,4075 4812,3966 4489,4005 4429,3963 4250,4016 4196,3968 3843,3965 3542,4032 3308,3999"/>
                <Baseline points="3320,4088 3394,4079 3468,4071 3542,4065 3616,4059 3691,4056 3765,4052 3839,4050 3913,4048 3987,4048 4062,4046 4136,4046 4210,4046 4284,4046 4358,4046 4433,4048 4507,4048 4581,4048 4655,4046 4729,4046 4804,4044"/>
                <TextEquiv>
                    <Unicode>Rünchins mit und ohne marter bekendt</Unicode>
                </TextEquiv>
            </TextLine>
            <TextLine id="r4l15" custom="readingOrder {index:14;} person {offset:22; length:11;}">
                <Coords points="3379,4209 3433,4184 3512,4240 3602,4170 4089,4140 4158,4201 4335,4140 4658,4137 4742,4186 4764,4071 4418,4110 4326,4052 4166,4089 4096,4040 3755,4128 3553,4078 3376,4109"/>
                <Baseline points="3388,4176 3456,4170 3524,4167 3593,4163 3661,4160 3730,4156 3798,4153 3866,4150 3935,4147 4003,4145 4072,4142 4140,4140 4208,4138 4277,4136 4345,4135 4414,4134 4482,4132 4550,4132 4619,4130 4687,4130 4756,4130"/>
                <TextEquiv>
                    <Unicode>Es seye eines Sontags daniel Ruch</Unicode>
                </TextEquiv>
            </TextLine>
            <TextLine id="r4l16" custom="readingOrder {index:15;} place {offset:4; length:7;} place {offset:15; length:7;}">
                <Coords points="3403,4270 3475,4307 3520,4266 3898,4289 3984,4232 4302,4233 4386,4290 4461,4234 4641,4276 4779,4226 4777,4183 4572,4140 4273,4193 4210,4158 4160,4201 4091,4140 3823,4209 3629,4180 3510,4235 3400,4197"/>
                <Baseline points="3412,4260 3479,4256 3547,4252 3615,4249 3683,4246 3751,4243 3818,4240 3886,4238 3954,4236 4022,4234 4090,4231 4157,4229 4225,4228 4293,4226 4361,4224 4429,4222 4496,4222 4564,4220 4632,4217 4700,4216 4768,4214"/>
                <TextEquiv>
                    <Unicode>von Walthus zu Rieders wyl zu imme</Unicode>
                </TextEquiv>
            </TextLine>
            <TextLine id="r4l17" custom="readingOrder {index:16;}">
                <Coords points="3395,4393 3514,4370 3617,4420 3719,4354 3929,4414 4225,4324 4534,4381 4598,4332 4831,4327 4827,4211 4727,4279 4463,4234 4392,4289 4312,4249 4210,4291 4047,4235 3978,4291 3707,4264 3648,4324 3390,4256"/>
                <Baseline points="3404,4362 3474,4356 3545,4351 3616,4348 3687,4343 3758,4340 3828,4336 3899,4334 3970,4331 4041,4330 4112,4328 4182,4326 4253,4324 4324,4322 4395,4322 4466,4320 4536,4318 4607,4317 4678,4316 4749,4314 4820,4312"/>
                <TextEquiv>
                    <Unicode>kommen, der habe imme anzeigt, es werde</Unicode>
                </TextEquiv>
            </TextLine>
            <TextLine id="r4l18" custom="readingOrder {index:17;} place {offset:20; length:7;}">
                <Coords points="3415,4498 3514,4457 3776,4486 3976,4449 4027,4487 4161,4449 4235,4491 4406,4434 4482,4494 4633,4418 4747,4477 4795,4448 4791,4350 4712,4329 4489,4398 4332,4392 4229,4326 4077,4336 3926,4418 3716,4352 3620,4422 3412,4408"/>
                <Baseline points="3424,4460 3492,4456 3560,4454 3628,4450 3696,4448 3764,4444 3832,4441 3900,4439 3968,4435 4036,4432 4104,4430 4172,4428 4240,4426 4308,4424 4376,4422 4444,4420 4512,4418 4580,4416 4648,4416 4716,4414 4784,4414"/>
                <TextEquiv>
                    <Unicode>ein landtsgmeind zu signauw gehalten.</Unicode>
                </TextEquiv>
            </TextLine>
            <TextLine id="r4l19" custom="readingOrder {index:18;}">
                <Coords points="3414,4591 3712,4563 3792,4621 3878,4546 4125,4584 4281,4528 4364,4586 4523,4526 4617,4572 4699,4519 4868,4526 4866,4471 4628,4420 4482,4495 4364,4442 4272,4489 3892,4457 3751,4526 3608,4471 3411,4518"/>
                <Baseline points="3424,4566 3495,4562 3567,4558 3639,4554 3710,4552 3782,4548 3854,4545 3925,4542 3997,4538 4069,4536 4141,4534 4212,4530 4284,4528 4356,4526 4427,4523 4499,4520 4571,4518 4642,4514 4714,4512 4786,4508 4858,4506"/>
                <TextEquiv>
                    <Unicode>werden, er solle dahin kommen, er ruch wolle</Unicode>
                </TextEquiv>
            </TextLine>
            <TextLine id="r4l20" custom="readingOrder {index:19;}">
                <Coords points="3424,4692 3505,4721 3556,4668 3663,4700 3709,4659 3786,4711 3937,4651 4185,4692 4309,4625 4444,4672 4567,4622 4834,4666 4850,4571 4749,4524 4351,4592 4168,4541 4047,4601 3848,4572 3777,4625 3600,4568 3421,4618"/>
                <Baseline points="3432,4656 3502,4656 3573,4654 3643,4654 3714,4652 3784,4649 3855,4646 3925,4644 3996,4642 4066,4639 4137,4636 4207,4634 4278,4631 4348,4628 4419,4626 4489,4622 4560,4621 4630,4618 4701,4617 4771,4616 4842,4614"/>
                <TextEquiv>
                    <Unicode>auch dahin. Worüberhin er uf angesetzten</Unicode>
                </TextEquiv>
            </TextLine>
            <TextLine id="r4l21" custom="readingOrder {index:20;}">
                <Coords points="3403,4773 3648,4827 3775,4757 4354,4742 4441,4781 4567,4720 4747,4788 4840,4722 4837,4618 4691,4679 4574,4622 4437,4695 4322,4653 4264,4705 4098,4663 3788,4713 3714,4664 3482,4726 3400,4675"/>
                <Baseline points="3412,4760 3482,4758 3553,4756 3624,4754 3695,4752 3766,4750 3837,4748 3908,4746 3979,4746 4050,4744 4121,4742 4191,4740 4262,4738 4333,4736 4404,4734 4475,4732 4546,4729 4617,4726 4688,4722 4759,4719 4830,4716"/>
                <TextEquiv>
                    <Unicode>tag dahin gangen und er dem schen alß</Unicode>
                </TextEquiv>
            </TextLine>
            <TextLine id="r4l22" custom="readingOrder {index:21;} person {offset:23; length:16;}">
                <Coords points="3403,4889 3553,4919 3608,4862 3678,4906 3983,4851 4473,4901 4585,4831 4840,4824 4838,4781 4622,4767 4566,4716 4423,4806 4357,4755 4243,4814 3927,4750 3647,4828 3401,4795"/>
                <Baseline points="3412,4866 3482,4864 3553,4861 3624,4858 3695,4856 3766,4854 3837,4852 3908,4850 3979,4849 4050,4848 4121,4846 4191,4844 4262,4842 4333,4842 4404,4840 4475,4838 4546,4836 4617,4834 4688,4831 4759,4828 4830,4824"/>
                <TextEquiv>
                    <Unicode>ob er ein ere kuhr von Christen schärer</Unicode>
                </TextEquiv>
            </TextLine>
            <TextLine id="r4l23" custom="readingOrder {index:22;}">
                <Coords points="3347,4986 3472,5025 3574,4965 3716,5023 4116,4964 4241,5009 4318,4956 4689,4970 4725,4931 4858,4982 4854,4853 4681,4886 4598,4827 4446,4907 4089,4869 3975,4913 3909,4866 3345,4911"/>
                <Baseline points="3358,4978 3432,4973 3506,4968 3581,4965 3655,4962 3730,4958 3804,4955 3878,4953 3953,4950 4027,4948 4102,4946 4176,4944 4250,4942 4325,4941 4399,4940 4474,4938 4548,4936 4622,4934 4697,4931 4771,4928 4846,4926"/>
                <TextEquiv>
                    <Unicode>daselbsten gekauffen vorhabens. Nachdem</Unicode>
                </TextEquiv>
            </TextLine>
            <TextLine id="r4l24" custom="readingOrder {index:23;}">
                <Coords points="3418,5094 3727,5072 3827,5116 3943,5063 4295,5045 4470,5096 4590,5043 4827,5047 4867,4997 4723,4933 4687,4971 4451,4953 4359,5010 4116,4967 3968,5015 3914,4979 3861,5032 3667,4989 3415,5025"/>
                <Baseline points="3426,5076 3497,5073 3569,5070 3640,5066 3712,5064 3784,5060 3855,5058 3927,5056 3998,5054 4070,5052 4142,5050 4213,5048 4285,5046 4356,5044 4428,5041 4500,5038 4571,5036 4643,5033 4714,5032 4786,5028 4858,5024"/>
                <TextEquiv>
                    <Unicode>aber alß er dort hin kommen, seye die gmeind</Unicode>
                </TextEquiv>
            </TextLine>
            <TextLine id="r4l25" custom="readingOrder {index:24;}">
                <Coords points="3415,5235 3592,5189 3645,5232 3713,5171 3892,5223 4107,5166 4162,5217 4297,5149 4485,5193 4568,5141 4826,5130 4823,5039 4470,5096 4342,5047 4268,5093 3956,5068 3867,5130 3605,5071 3412,5137"/>
                <Baseline points="3424,5184 3493,5179 3563,5176 3632,5172 3702,5170 3772,5167 3841,5164 3911,5162 3980,5158 4050,5157 4120,5154 4189,5152 4259,5150 4328,5148 4398,5146 4468,5142 4537,5140 4607,5137 4676,5134 4746,5131 4816,5128"/>
                <TextEquiv>
                    <Unicode>schon bysamen gsin und spat darzu kommen,</Unicode>
                </TextEquiv>
            </TextLine>
            <TextLine id="r4l26" custom="readingOrder {index:25;}">
                <Coords points="3398,5331 3510,5284 3893,5287 4007,5339 4110,5261 4211,5322 4318,5256 4419,5318 4546,5255 4626,5305 4712,5238 4856,5253 4852,5169 4769,5196 4704,5146 4480,5198 4380,5151 4308,5215 4157,5218 4100,5167 3936,5242 3743,5185 3574,5258 3394,5240"/>
                <Baseline points="3406,5296 3477,5290 3549,5285 3621,5281 3693,5278 3765,5274 3837,5271 3909,5268 3981,5266 4053,5264 4125,5262 4196,5258 4268,5256 4340,5254 4412,5250 4484,5247 4556,5242 4628,5238 4700,5233 4772,5227 4844,5220"/>
                <TextEquiv>
                    <Unicode>In welicheren man inne gefragt. Ob sy auch</Unicode>
                </TextEquiv>
            </TextLine>
            <TextLine id="r4l27" custom="readingOrder {index:26;}">
                <Coords points="3387,5489 3532,5483 3634,5413 3748,5456 3806,5399 4444,5368 4639,5405 4782,5331 4873,5348 4868,5261 4616,5310 4532,5258 4226,5338 4110,5264 4020,5343 3654,5296 3378,5350"/>
                <Baseline points="3392,5422 3465,5416 3539,5412 3612,5406 3686,5402 3759,5398 3833,5394 3906,5389 3980,5385 4053,5381 4127,5377 4200,5374 4274,5370 4347,5364 4421,5360 4494,5356 4568,5350 4641,5345 4715,5339 4788,5333 4862,5326"/>
                <TextEquiv>
                    <Unicode>usschutz us ihrer gmeind verordnet habend</Unicode>
                </TextEquiv>
            </TextLine>
            <TextLine id="r4l28" custom="readingOrder {index:27;}">
                <Coords points="3416,5540 3698,5527 3831,5574 3930,5501 4353,5471 4495,5515 4555,5466 4654,5513 4735,5453 4905,5444 4898,5325 4537,5432 4339,5379 4206,5444 4075,5401 3892,5456 3804,5400 3741,5461 3413,5491"/>
                <Baseline points="3424,5526 3497,5521 3571,5517 3644,5512 3718,5507 3792,5502 3865,5498 3939,5494 4012,5489 4086,5484 4160,5478 4233,5474 4307,5470 4380,5465 4454,5462 4528,5456 4601,5452 4675,5448 4748,5444 4822,5440 4896,5436"/>
                <TextEquiv>
                    <Unicode>Worüber er geantwortet Nein, man wüße</Unicode>
                </TextEquiv>
            </TextLine>
            <TextLine id="r4l29" custom="readingOrder {index:28;}">
                <Coords points="3418,5643 3734,5674 3862,5608 4148,5578 4271,5650 4415,5561 4520,5626 4609,5559 4854,5550 4871,5450 4643,5508 4572,5473 4510,5525 4398,5489 4335,5539 4239,5491 4101,5544 3960,5502 3834,5584 3717,5537 3415,5602"/>
                <Baseline points="3426,5630 3498,5628 3570,5626 3642,5622 3714,5619 3786,5615 3858,5610 3930,5606 4002,5600 4074,5594 4147,5589 4219,5583 4291,5578 4363,5572 4435,5566 4507,5560 4579,5555 4651,5550 4723,5545 4795,5541 4868,5538"/>
                <TextEquiv>
                    <Unicode>mener von nüt, hat auch anzeigt, daß</Unicode>
                </TextEquiv>
            </TextLine>
            <TextLine id="r4l30" custom="readingOrder {index:29;} person {offset:0; length:11;} place {offset:15; length:7;}">
                <Coords points="3407,5790 3807,5725 3864,5770 3956,5708 4051,5775 4232,5699 4874,5682 4865,5559 4800,5548 4585,5629 4428,5575 4263,5662 4147,5577 3743,5676 3398,5655"/>
                <Baseline points="3414,5748 3486,5744 3558,5739 3631,5734 3703,5728 3776,5724 3848,5718 3920,5714 3993,5708 4065,5704 4138,5698 4210,5693 4282,5688 4355,5683 4427,5679 4500,5674 4572,5669 4644,5663 4717,5658 4789,5654 4862,5648"/>
                <TextEquiv>
                    <Unicode>Uolli Galli zu Signauw ir redner ihn</Unicode>
                </TextEquiv>
            </TextLine>
            <TextLine id="r4l31" custom="readingOrder {index:30;}">
                <Coords points="3432,5892 4260,5811 4382,5843 4432,5799 4800,5774 4797,5725 4660,5681 4528,5749 4264,5698 4067,5792 3972,5712 3860,5781 3765,5745 3694,5804 3530,5742 3426,5783"/>
                <Baseline points="3438,5842 3505,5841 3573,5840 3640,5838 3708,5836 3776,5834 3843,5832 3911,5830 3978,5828 4046,5824 4114,5822 4181,5818 4249,5815 4316,5810 4384,5805 4451,5800 4519,5795 4587,5788 4654,5782 4722,5773 4790,5764"/>
                <TextEquiv>
                    <Unicode>und dem grief verlasen. In welichem</Unicode>
                </TextEquiv>
            </TextLine>
            <TextLine id="r4l32" custom="readingOrder {index:31;}">
                <Coords points="3404,6032 3656,5975 3748,6008 3853,5953 4012,6013 4160,5927 4353,5989 4660,5892 4814,5956 4832,5754 4711,5835 4599,5778 4503,5858 4445,5823 4306,5888 4068,5906 3954,5853 3912,5896 3852,5853 3753,5911 3687,5866 3632,5914 3568,5873 3396,5920"/>
                <Baseline points="3410,5982 3481,5975 3552,5968 3623,5963 3694,5957 3765,5952 3836,5948 3907,5944 3978,5940 4049,5936 4120,5932 4191,5927 4262,5924 4333,5919 4404,5913 4475,5908 4546,5902 4617,5896 4688,5887 4759,5878 4830,5870"/>
                <TextEquiv>
                    <Unicode>gestanden, daß zu komen versprochen</Unicode>
                </TextEquiv>
            </TextLine>
            <TextLine id="r4l33" custom="readingOrder {index:32;}">
                <Coords points="3448,6131 3867,6072 4125,6106 4199,6067 4247,6106 4435,6013 4767,6069 4830,6015 4819,5870 4639,5955 4523,5908 4369,5997 4188,5953 3964,6025 3856,5951 3716,6022 3657,5977 3441,6027"/>
                <Baseline points="3454,6086 3522,6082 3590,6079 3658,6076 3726,6072 3795,6068 3863,6065 3931,6060 3999,6056 4067,6050 4136,6046 4204,6041 4272,6035 4340,6029 4408,6023 4477,6018 4545,6010 4613,6004 4681,5998 4749,5990 4818,5982"/>
                <TextEquiv>
                    <Unicode>worden, seye man den landtlichen</Unicode>
                </TextEquiv>
            </TextLine>
            <TextEquiv>
                <Unicode>aspar gsell von Wittenen
Im Elsaß, nechst by Müllhußen.
Diser Ist wegen übertrettung deß
vß dem Land gegebenen Eidts, alhie
gfengklich eingesetzt, vnd den
12. aug 1653 uß in gut befelch
abermahlen, nach vorgelesner Eid¬
tafelen mit dem eidt verwisen und
durch die Profoßen vff die Grentz
gegen Fryburg geführt worden.
Hanß Uli Rüwhus
von Schwanden.
Den 15. tag julii 1653 hatt Hanß Pelli
Rünchins mit und ohne marter bekendt
Es seye eines Sontags daniel Ruch
von Walthus zu Rieders wyl zu imme
kommen, der habe imme anzeigt, es werde
ein landtsgmeind zu signauw gehalten.
werden, er solle dahin kommen, er ruch wolle
auch dahin. Worüberhin er uf angesetzten
tag dahin gangen und er dem schen alß
ob er ein ere kuhr von Christen schärer
daselbsten gekauffen vorhabens. Nachdem
aber alß er dort hin kommen, seye die gmeind
schon bysamen gsin und spat darzu kommen,
In welicheren man inne gefragt. Ob sy auch
usschutz us ihrer gmeind verordnet habend
Worüber er geantwortet Nein, man wüße
mener von nüt, hat auch anzeigt, daß
Uolli Galli zu Signauw ir redner ihn
und dem grief verlasen. In welichem
gestanden, daß zu komen versprochen
worden, seye man den landtlichen</Unicode>
            </TextEquiv>
        </TextRegion>
        <TextRegion orientation="0.0" id="r5" custom="readingOrder {index:4;}">
            <Coords points="4612,1406 4612,1580 4748,1580 4748,1406"/>
            <TextLine id="r5l1" custom="readingOrder {index:0;}">
                <Coords points="4594,1539 4627,1537 4641,1554 4659,1554 4687,1594 4729,1584 4746,1590 4770,1472 4747,1466 4735,1449 4728,1452 4703,1439 4684,1443 4659,1428 4639,1430 4619,1420"/>
                <Baseline points="4612,1506 4639,1510 4666,1517 4693,1525 4720,1530 4748,1528"/>
                <TextEquiv>
                    <Unicode>19.</Unicode>
                </TextEquiv>
            </TextLine>
            <TextEquiv>
                <Unicode>19.</Unicode>
            </TextEquiv>
        </TextRegion>
    </Page>
</PcGts>
