5472 7296
625 1395 825 1563 256
970 1523 2636 1732 Drittens habe sy Rosyna Christen mr Hans Rudolff
943 1639 2594 1811 Krusen des baders an der Spittalgaßen hinderlaßen
912 1735 1620 1892 Witfraw, gegen d
2086 1746 2638 1897 vorsinge
916 1824 2597 2001 fahr 4 Jahren verküpplen wollen, vndt zu dem end
913 1918 2567 2060 ermelte fraw in ihrer wohnung abgehalt und
918 2003 2676 2169 gedachtem so ein ehewerbung bei ira gepiet
871 2085 2575 2270 In hr. Damel Ruders Scheurlin neben der schantz
905 2163 2573 2346 zugeführt, volgents uff des er begeren, wein
921 2264 2631 2403 und brot geholt, sy darzwüschen allein bei einanderen
860 2344 2432 2515 gelaßen, vnd in etwas tagen darnach diser
875 2436 2562 2602 witfrawen ein halb man erbs bracht, daß sy sich
1832 2519 2603 2667 Vnd wylen dieselbige
926 2554 1639 2673 deßen nicht erklage,
939 2603 2521 2793 sich zu seinem muttwillen nit brauch laßen wöllen,
904 2690 2576 2860 abe nach Irem ußtritt, gedachter E Jra als
916 2796 2500 2936 der kupplerin selbst die unküsche that angemuthet,
907 2864 2437 3030 inmaßen sy sich das auch mit Ime vergangen
1871 2969 1916 3010 1
907 2927 2547 3130 vnd hiemit Iren dritten fähler verübt,
970 3141 2479 3333 Den vierten habe sy begangen, mit mr Tobias
924 3261 2380 3407 Odet vor vngefahr einem Jahr, vnder an der
926 3339 2263 3512 kleinen schantz, neben obberürtem scheürlin.
917 3479 2597 3672 Ebenmeßig vnd zum funfften, sye sey auch verschine
938 3595 2593 3769 ußtagen in herren Steffan perrets vogts zu Laupen
926 3676 2644 3838 Matten, mit Daniel francken dem Jungen in Cred
922 3771 2450 3922 naher in vnkische vermischung gerathen.
857 3865 2485 4060 Entlichen habe sy sich umb selbige zeit auch mit
942 3988 2560 4108 unrad fuhrer dem Nagelschreiber, in gedachts
913 4103 2411 4223 herren widers th�rlin, daselbsten er mit imme
917 4098 2519 4334 rlabent gestes fleischlichen vermischt, und also
931 4258 1901 4426 den sechsten fähler begangen.
865 4339 2600 4542 Ist 5 mahl lähr 2 mahl mit dem kleinst zwey mahl
867 4463 2566 4633 mit dem 70 ttig 3 mahl mit dem nach grösten und
922 4549 2556 4737 einmahl mit dem leütherigsten ufzogen worden.
914 4655 2420 4807 deßen gleichwol alle sin ungenecht hatt sy verners
926 4659 2549 4865 nichts bekennen wöllen, sondern die jenig, so sy hinder
902 4783 2568 4947 angeklagt, sich auch mit inen vergeßen zu haben widerumb
907 4878 2629 5027 an der Marter entschlagen, Als herrn Statthauptman
899 4972 2586 5106 von Graffenried, Hans Nusplinger den kärlisman,
906 5000 2648 5218 Mathyß Kühler den pfründer zu Frienisperg, Michel n
890 5091 2649 5282 einen müllerknecht und Niclans Morischeinen metzger
890 5258 1119 5390 knecht.
848 5281 2614 5470 Als den 11. julii in der gfangenschafft sy nachmahlen, obige ire
895 5362 2633 5593 f�hler vorgehalt und darbei anzeigt worden, daß Mathys
871 5452 2471 5626 kühler bekantlich sich mit ira verdrabt zu haben, auch
889 5483 2588 5732 obbereit in den vorgrichtlich gfangenschafft abbüßen,
867 5577 2661 5782 hatt sy entlichen ire hieuorige deßhalben gethane bekantnis
888 5697 2518 5869 daß sy sich mit disem kühler fleischlich vergeßen,
876 5811 1312 5946 bestättiget.
4424 1536 4658 1692 27
2955 1509 4666 1791 Vff weliche Ir der obgedachten Eva zwygartt
2714 1633 3010 1778 heit sehr.
2735 1664 4618 1874 minneren vnd Lebente Leben zuverfähler vnd verubte Kupplerey,
2742 1775 2994 1881 inter ledigen
3054 1782 4589 1925 ghl schulstheiß räth und burger zu abstraffung
2737 1829 2988 1928 mes erstli
3082 1854 4602 2037 diß mechtig einreißenden lasters, anderen zu einem
2724 1872 3049 2006 bhende verknecht
3071 1930 4493 2055 Exempel, vff Iren Eid zu recht erkent vnd
2726 1947 2979 2102 penschuchen
3811 1977 3904 2104 3
3040 1971 3460 2132 gesprochen.
3895 2008 4598 2137 aß sy dem Nachrichter
3052 2062 4626 2219 anbefolchen werde, der sy obeneß vff gewonliche
3034 2152 4639 2294 richtstatt führen, tra daselbsten das haupt abschlagen.
3046 2209 4677 2379 und also vom leben zum tod nach den reiferlichen.
3055 2302 4625 2459 und diser lobl statt Bern rechten, hinrichten sölle.
3033 2379 4315 2547 Ist exequirt worden 12. julii 1616
3229 3276 4490 3470 Jans Eychenberger ✳ der
3267 3428 4499 3617 Hinckendt Gott, purtig (als
3298 3582 4597 3753 er furgeben) von Rynach der
3300 3714 4619 3911 Grafschafft Lenzburg, welcher
3346 3851 4489 4031 sich aber bÿ den 20. oder
3352 3986 4578 4171 mehr Jahren lang, als ein
3391 4122 4540 4308 hinder sais alhie in Ir g
3391 4260 4493 4458 Statt haußhablich vf¬
3541 4436 4101 4612 enthalten.
2874 4694 4811 4894 Cachdem mein gn hrn. vnd Oberen
2742 4841 4791 5039 Obgedach sich erinneret, welicher gestalten Hans
2803 4995 2956 5097 ter
3031 4977 4790 5182 Erchenberger, sich hieuor mit Außfangung
3011 5123 4762 5332 Irg. vnderthanen, vermittlest vber¬
3035 5242 4615 5472 meßig gewordereten Costens, mit
3022 5402 4744 5600 einzuchung verdächtiger personen
3003 5481 4630 5740 vnnd abneurung Irer diebstalen,
3003 5626 4657 5905 auch vbung anderem vppigen vndt
2987 5786 4673 6075 leichtfertigenn Lebwesen, Sonderlich
3025 5919 4652 6218 aber jüngst, mit spargier vnd belusti¬
4261 6105 4517 6240 gung
