5472 7296
717 1461 946 1603 204
1189 1472 2587 1716 in dem verwichenen krieg zum Amenthal ge¬
1195 1624 2542 1820 wesen, seyen all fals hölzeren, der Tichel
1198 1733 2602 1903 Gott behüt unnß solle sy all nemmen und alls
1197 1849 2596 2042 die schnyderin sy abgemahnt, sy solle schwygen
1189 1968 2670 2158 sonsten wolle sy der die mälbürsten, so sy ohngefehr
1198 2089 2545 2259 in händen gehabt, umb den kopf geben, habe
1204 2185 2574 2338 sy zu allerley unflätige wort zugeredt vnnd
1214 2288 2518 2466 alle fule gesagt, seye also gar kein abmahnen
1209 2408 2560 2571 erheblich gewesen, vnndt habe solch vnwesen
1206 2502 2574 2677 by nachem ein halben tag gewart. Item da
1210 2611 2577 2783 die schnyderin ira abweret wollen, habe sy sich
1204 2704 2601 2917 gewendt, vnnd gesagt botten blut behut Goltt
1199 2818 2555 3017 laß nach de Creverenter ungeheydt. Jetzge
1212 2954 2556 3137 melte nachparen melden auch, sy haben die kinder
1212 3048 2597 3227 gefragt, wo zu vatter seye, da habe eins gesagt,
1203 3142 2492 3335 er seye im fryburg gepiet, das ander es
1193 3250 1895 3431 seye zu Schwartzenburg
1161 3384 2545 3604 Christian Balßinger züget, dise persohn seye
1207 3553 2550 3694 vor disem zu vilen malen by imme zu Stagen, das a
1199 3671 2466 3817 er gewohnt, glych wie ander bätelluth zu
1188 3746 2535 3928 herberig gewesen, mit einem lumpenträger
1187 3885 2569 4058 so sy gesagt zu Mann seye, ohnlengst aber vndt
1207 4002 2558 4184 ohngefehrdt vor 5 wuch seye der Lumpen
1200 4112 2583 4275 trager eintzig dahin kommen, vnndt weder hr
1222 4237 2570 4418 noch kinder by sich gehabt, seye ein junger mann
1206 4344 2624 4549 kurtzerstatur undt habe ein klein falls Bartli, seye
1213 4485 2599 4652 ein weltscher, welches uß syner sprach abzunemmen
1139 4601 2517 4799 Hanß Wyß aler wäber unnd syn fr zugen
1162 4729 2504 4895 sy seyen verwichenen Sambstags hinder dem
1164 4848 2532 5007 wirthshuß in irem garten gewesen, haben
1195 4929 2561 5114 alle fluch vnndt lesterwort, so sy so woll hinder
1194 5040 2565 5205 als vor dem wirthshuß gethan, auch gehört und
1213 5159 2591 5327 abe ernente persohn hinder dem huß gesagt, habe
1201 5236 2533 5454 man den einenthalenen die wehr gestolen, so alle
1188 5381 2608 5570 man sy behalten. Vnnd dis zug auch Hanß Dürtner
1172 5478 2577 5669 Gwaldt Trünkler vnndt Hanns Nora, jetz
1190 5593 2597 5798 gemelter Hanß Wyß vnndt syn fr nahen auch
1197 5743 2595 5906 sy haben gehört, daß Jacob Zenck zu zu gesagt,
1183 5847 2594 6020 sy wollen noch ein frische maß mit einanderen abeh
1187 5939 2532 6148 sy die Metz solle sechs krutzer geben, vnndt der
4562 1583 4729 1678 20
3133 1578 4612 1782 wolle auch sechs geben, darzu wolle er noch das brott
3129 1678 4586 1875 beholen, habe sy das gelt zu diserem wyn mit ein
3131 1763 4663 2004 anderen sollen sechen. Eben dise bezügen auch sy habe
3145 1872 3804 2018 gesagt, sy seye ein zur
3123 1982 4711 2247 Mr Christophor hunder der Herrschafftschryber bezügst,
3126 2134 4663 2328 er seye verwichenen sambstags mit einem guten fründt
3105 2240 4613 2443 gan Bümplitz ins dorff kommen, willens mit selbigen
3131 2341 4652 2541 in dem wirthshuß einen truncke zuthun, als er aber
3121 2436 4674 2630 für Hanß Morat des tischmachers huß kommen unnd
3142 2554 4716 2753 ein solch geschrey im wirthshuß gehört, habe er sich nider
3145 2644 4636 2884 gesetzt vnndt den by sich wesenden mann gehen laßen.
3143 2769 4677 2979 unndt nit ins wirthshuß wollen, wylen er gehört, daß
3147 2883 4628 3089 es gantz ergerlich zugehe, habe dis geschrey vnnd
3140 2989 4672 3197 etliche bauch gehört, aber die persohnen nit erkennen,
3133 3088 4722 3279 können, ußert Jacob Zencken deßen geschrey ihme zuuor
3129 3228 4716 3348 schon bekandt gewesen, Als er aber noch etwas vor des
3136 3305 4697 3470 Tischmachers huß sich still gehalten, seye der predicant
3135 3415 4724 3592 zu Ihm kommen, vnndt ohngefehrdt by einer viertel
3149 3523 4705 3705 stundt by imme sitzen gebliben, da seye Jacob Jenck
3152 3644 4769 3857 wol mutmaßlich, wyl er den Predicanten alda vermerckt
3137 3753 4733 3925 Is dem Wirthshuß hernß kommen, den Predicanten ange¬
3154 3857 4772 4036 redt, er solle hinder das wirthshuß kommen vnndt besetzen
3157 3963 4702 4150 was da für ein persohn seye, da dann der Predicant
3148 4084 4770 4252 ihne juncken vermahnt heimzugehen unndt still zu
3147 4200 4774 4387 syn sonderlich wylen es sambstags abendts gewesen
3147 4332 4785 4488 Junck aber Ihme gelenger je mehr angehalten, so daß
3080 4425 4773 4611 er, Predicant endtlich hinzu gegangen, vnndt Zeuck Ihme
3143 4571 4757 4725 anstatt des heimgehens, gestracht widerumb nach in
3143 4681 4810 4859 das wirthshuß, was sich nun da hinder dem wirthshuß
3156 4820 4790 4971 yngetragen, seye ihmme nit in wüßen, wol habe er ge
3181 4915 4762 5083 sort, daß das fluchen unndt geschrey nit uffgehört,
3153 5039 4771 5204 sonder ze lenger ze erger worden, vndt seye der Pre¬
3157 5148 4855 5340 dnant alsobaldt widerumb zu ihmme für des tischmachers
3168 5233 4679 5454 Hußkommen vnndt imme Jacob Zencken die gedachte
3163 5382 4780 5561 dirnen vnndt etliche Manner glych nach, vnndt da
3179 5513 4696 5728 habe dise wybspersohn zu Gottschändiges fluchen
3163 5616 4643 5830 wie auch die ergerlichen gehang, vff der gaßen
3159 5746 4819 5970 offentlich getriben, so daß der Predicant verursachet
3173 5885 4764 6064 vnnd gezwungen worden, auß artner dem
3146 5976 4767 6192 Sigerist, Hanß Nora dem Tischmacher, vnndt
