5472 7296
616 1458 788 1632 76.
1029 1453 2358 1706 bescheid widerumb nacher Hauß gang,
1072 1571 2312 1788 Die Jenigen aber, so Inne geschickt
1012 1662 2309 1851 und bei einanderen im hochenhuß gstig,
1049 1750 2448 1944 seyn gewesen, derener sich noch zuuersinn würde
1027 1850 2298 2058 Damel Kupffer, Ulli Galli. Weibel
1047 1941 2292 2133 Augsegger, Michel geschlimen, als die
1049 2037 2325 2205 furnemten, Item Adelrych vnd Hans
1076 2109 2193 2274 Meyer von Steinen der müli Uli zu
995 2191 2291 2375 Langnow Ulli im Hünerbach, Wilhelm
994 2272 2361 2470 Glaser im Schweinkhuß, Clauß Newen¬
1065 2375 2389 2539 schwander in Böschmatt, Hans Newen¬
1062 2455 2361 2624 chwander daselbst, Mathyß holtz man
997 2575 2355 2750 welche Persohnen samptlich die erste
1091 2659 2361 2802 ursach diß seines unheils, als die inne
1071 2754 2340 2925 zu vorbemelter Botschafft anfengklich
1091 2821 2129 3003 gebrucht und hiemit verführt.
1009 3021 2389 3228 Demnach habe er sich von seiner gmeind
1092 3160 2361 3348 furen ußgeschoßner an die Landts¬
1099 3247 2331 3418 gmeinden vnmißwald, Huttwyl
1095 3353 2380 3526 Vnd langenthal gebruch laßen, worzu
1092 3443 2364 3626 Ulli Galli und der Berg michel inne
1100 3547 2344 3689 durch andres Tierstenn in sonderheit
1094 3622 2249 3783 vermahnen laßen, mit beträwung,
1075 3714 2306 3873 wo fehrn er nit gehen, werde er nit
1120 3830 1446 3958 sicher sein.
1043 3897 2360 4103 gtein konne er nit laugnen, dan daß
1104 4013 2388 4169 er etliche brügel beschlagen, vnd an der
1078 4122 1388 4282 zahl 10
1070 4183 2345 4360 den ersten, dem zu Arrang gehenckten
1133 4301 2167 4473 Christen Glaser. Die übrigen
1897 4391 1986 4466 .
1122 4389 1995 4560 Christen das von Borgl
1095 4498 1857 4639 Hanßenzingg daselbst.
1099 4588 2424 4743 Hanßen schröter ußert steinen wonhafft
1110 4669 1895 4824 dem Tager zu Steinen,
1110 4730 2427 4940 Clauß Newenschwand in der Böschmatt
1102 4874 1742 5002 Jedem deren einer
1063 4940 2427 5092 Drey aber, Hanßen Anschliman von Blosen
1118 5039 2051 5182 desbergmichels bruder,
1135 5117 2402 5277 Den 10. wüße er nit, wenn er denselben
1137 5206 1481 5340 beschlagt.
1109 5295 2366 5457 für sein beschlagen lohn, seye Ime von einem,
1077 5378 2370 5553 bald in bald ein e g entrichtet worden.
1093 5487 2303 5669 sy hab nit imme zwar fürgeben dise be
1107 5570 2395 5765 schlagne trügel für Hanß Mehr zuge
1101 5660 1315 5774 bruch,
1312 5681 2291 5797 Mußte aber bekennen
1072 5780 2455 5936 gebüßt zu haben, daß sy sy zu handhabung
760 5956 2333 6117 und obgleichwol bekant, daß zu dignaw mehr
873 6065 2386 6250 brück beschlagen worden, habe dieselben doch nit
878 6126 2235 6349 fr sondern Uli Gammeter beschlagen etc.
4391 1392 4561 1527 77.
3083 1432 4528 1654 irer vermeinten gerechtigkeit und hiemit
3158 1578 4584 1764 wider die Jenigen, so wider sy hierin seÿn
3175 1670 4592 1852 werden, war die auch sein möcht nach
3181 1764 3636 1890 laßen. A
3173 1844 4506 2059 Verners habe er in hievorgedacht landts-
3174 1997 4471 2130 gmeind zu Guttwyl auch mit anderen, Iren
3163 2083 4522 2225 nichtswertigen Bund geschworen, aber die
3181 2167 4471 2305 letsten wort, als die Ime grausamlich
3172 2251 4479 2391 vorkommen, namlichen, welcher des und
3183 2334 4480 2478 halte, daß Imme Gott in seinem letzt und
3185 2423 4468 2567 gnädig sey, welcher aber denselbe nit
3180 2497 4464 2648 gehalte, daß imme gott in seinem letsten
3189 2609 4536 2751 und nit gnädig sey, habe er nit nachge
3235 2692 3555 2854 prochen.
3142 2814 4514 2993 So müße er auch, vorgehaltner maßen,
3179 2928 4601 3070 bekennen, daß er an der Landtsgmeind
3200 3032 4552 3191 zu habe angenthal in allem gebatt
3205 3124 4529 3283 so Herr Zimmel Prediant alhie, daselbst
3195 3220 4456 3371 vff den Kneien verrichtet, gelachet,
3275 3300 4604 3455 Die Vrsach aber deßelben seye gewesen
3213 3402 4473 3539 daß er gsehe, wie einem gwüßen
3164 3478 4611 3634 landtman, so zu ußerst am ring gestanden,
3203 3576 4532 3714 der Vestel broch, daß die hosen hinab
3213 3668 3558 3816 gefallen.
3610 3779 3767 3886 Item
3191 3793 4486 3991 da habe Er, daniel Verkommet der
3185 3932 4535 4066 Schärer und andres haupt der wagner
3200 4009 4525 4157 In signaw uff ein zeit den töüffer
3214 4128 4579 4251 stauch mit einem schreiben ufgehalten
3214 4187 4482 4342 Er stauch, aber zeige das schreiben
3242 4289 4567 4427 vnabgeforderet furen geben, welsches
3223 4362 4513 4527 hernach Caspar Lüthi der jung von
3202 4455 4016 4612 Lengenbach geoffnet.
3166 4617 4624 4814 Obgenanten beiden dem Schärer vnd Wagner
3207 4737 4600 4885 habe er auch gestattet, daß sy in seiner
3207 4848 4628 4982 Schmitten Kuglen gegoßen, Wer aber mehr
3252 4940 4431 5078 daselbsten gegoßen, wüße er sich nit
3252 5011 4649 5164 zuuersinnen, das er deßen so vil nit wahr¬
3236 5144 3611 5253 genomen.
3238 5222 4545 5396 In diser seiner Schmitten heige er von
3205 5325 4546 5483 Jetzgedachten Samuel Veerkommet, vff
3228 5425 4534 5554 ein zeit gehört, wie an einem gwüßen
3251 5478 4623 5628 marit im Oberen wirtshuß zu Langnow,
3234 5564 4586 5715 iren bei 10 oder 1, darund er verkommet
3239 5652 4542 5803 auch einer bei einanderen gewesen,
3237 5744 4586 5892 welche vff des Berglichels anmahnen
