<?xml version="1.0" encoding="UTF-8" standalone="yes"?>
<PcGts xmlns="http://schema.primaresearch.org/PAGE/gts/pagecontent/2013-07-15" xmlns:xsi="http://www.w3.org/2001/XMLSchema-instance" xsi:schemaLocation="http://schema.primaresearch.org/PAGE/gts/pagecontent/2013-07-15 http://schema.primaresearch.org/PAGE/gts/pagecontent/2013-07-15/pagecontent.xsd">
    <Metadata>
        <Creator>prov=University of Rostock/Institute of Mathematics/CITlab|PLANET AI GmbH/Gundram Leifert/gundram.leifert@planet-ai.de:name=German_Kurrent_XVI-XVIII_M1(htr_id=19584)::::v=2.6.6
prov=University of Rostock/Institute of Mathematics/CITlab|PLANET AI GmbH/Tobias Gruening/tobias.gruening@planet-ai.de:name=de.uros.citlab.module.baseline2polygon.B2PSeamMultiOriented:v=2.6.6
prov=University of Rostock/Institute of Mathematics/CITlab|PLANET AI GmbH/Tobias Gruening/tobias.gruening@planet-ai.de:name=/net_tf/LA73_249_0mod360.pb:de.uros.citlab.segmentation.CITlab_LA_ML:v=2.6.6
Transkribus</Creator>
        <Created>2020-10-05T15:03:53.062+02:00</Created>
        <LastChange>2022-09-09T15:59:54.159+02:00</LastChange>
        <TranskribusMetadata docId="1334831" pageId="52361023" pageNr="37" tsid="114642801" status="IN_PROGRESS" userId="9570" imgUrl="https://files.transkribus.eu/Get?id=KGEIFNAAEIWSJFKIOZZROKIO&amp;fileType=view" xmlUrl="https://files.transkribus.eu/Get?id=UTZXUYGGMNSQKFIHSIOLPRCE" imageId="16066812"/>
    </Metadata>
    <Page imageFilename="Turmbuch_StAB B IX 476_00037-20200925_082901.jpg" imageWidth="5472" imageHeight="7296">
        <ReadingOrder>
            <OrderedGroup id="ro_1687513721752" caption="Regions reading order">
                <RegionRefIndexed index="0" regionRef="r1"/>
                <RegionRefIndexed index="1" regionRef="r2"/>
                <RegionRefIndexed index="2" regionRef="r3"/>
            </OrderedGroup>
        </ReadingOrder>
        <TextRegion orientation="0.0" id="r1" custom="readingOrder {index:0;}">
            <Coords points="772,1576 772,6165 2488,6165 2488,1576"/>
            <TextLine id="r1l1" custom="readingOrder {index:0;} person {offset:0; length:11;} place {offset:16; length:3;}">
                <Coords points="1006,1795 1139,1803 1226,1707 1333,1694 1512,1755 1658,1660 2383,1661 2381,1600 2193,1494 2023,1571 1825,1531 1755,1580 1679,1539 1602,1607 1463,1567 1270,1637 1173,1564 990,1566"/>
                <Baseline points="1012,1724 1080,1717 1148,1709 1216,1703 1284,1695 1352,1686 1420,1679 1488,1672 1556,1665 1624,1658 1693,1653 1761,1646 1829,1642 1897,1639 1965,1636 2033,1634 2101,1634 2169,1635 2237,1638 2305,1642 2374,1648"/>
                <TextEquiv>
                    <Unicode>Hanns Joßen von Rum</Unicode>
                </TextEquiv>
            </TextLine>
            <TextLine id="r1l2" custom="readingOrder {index:1;}">
                <Coords points="1189,1839 1311,1884 1552,1805 1664,1863 1719,1812 1968,1837 2029,1768 2256,1750 2251,1683 2180,1717 1993,1649 1897,1688 1835,1654 1772,1690 1681,1666 1606,1746 1511,1756 1414,1698 1360,1752 1249,1744 1186,1792"/>
                <Baseline points="1198,1826 1250,1823 1302,1820 1355,1816 1407,1811 1460,1807 1512,1801 1564,1796 1617,1790 1669,1785 1722,1779 1774,1773 1826,1770 1879,1765 1931,1762 1984,1758 2036,1754 2088,1754 2141,1752 2193,1752 2246,1754"/>
                <TextEquiv>
                    <Unicode>lingen Bekandtnus.</Unicode>
                </TextEquiv>
            </TextLine>
            <TextLine id="r1l3" custom="readingOrder {index:2;}">
                <Coords points="1060,2038 1481,1974 1967,1986 2105,1910 2339,1926 2389,1914 2382,1822 2290,1803 2197,1854 2023,1794 1958,1848 1838,1805 1552,1893 1413,1835 1319,1893 1215,1843 1047,1880"/>
                <Baseline points="1066,1992 1131,1987 1197,1982 1262,1977 1328,1972 1394,1965 1459,1958 1525,1950 1590,1943 1656,1937 1722,1931 1787,1923 1853,1918 1918,1913 1984,1908 2049,1905 2115,1902 2181,1900 2246,1900 2312,1900 2378,1902"/>
                <TextEquiv>
                    <Unicode>Den 21. febr 1653. In bywesen</Unicode>
                </TextEquiv>
            </TextLine>
            <TextLine id="r1l4" custom="readingOrder {index:3;} person {offset:15; length:7;}">
                <Coords points="983,2151 1102,2204 1223,2143 1398,2165 1521,2097 1601,2131 1698,2070 2289,2040 2228,1952 2159,1998 2053,1948 2012,1995 1494,1991 1417,2053 1154,1998 979,2098"/>
                <Baseline points="992,2128 1056,2124 1120,2122 1184,2117 1249,2111 1313,2105 1377,2098 1442,2092 1506,2084 1570,2076 1635,2070 1699,2062 1763,2056 1827,2052 1892,2046 1956,2040 2020,2038 2085,2036 2149,2036 2213,2036 2278,2040"/>
                <TextEquiv>
                    <Unicode>Mh. Rahts Herr Martins</Unicode>
                </TextEquiv>
            </TextLine>
            <TextLine id="r1l5" custom="readingOrder {index:4;} person {offset:15; length:10;}">
                <Coords points="1096,2302 1268,2235 1417,2291 1651,2181 1746,2251 1904,2240 2007,2173 2308,2196 2353,2181 2344,2065 2255,2093 2159,2035 2060,2100 1891,2054 1673,2128 1553,2105 1308,2200 1196,2157 1088,2205"/>
                <Baseline points="1102,2252 1164,2246 1226,2241 1288,2235 1350,2228 1412,2222 1474,2216 1536,2209 1598,2202 1660,2195 1722,2190 1784,2184 1846,2179 1908,2175 1970,2171 2032,2168 2094,2166 2156,2164 2218,2164 2280,2164 2342,2166"/>
                <TextEquiv>
                    <Unicode>herren rahts h zächenders</Unicode>
                </TextEquiv>
            </TextLine>
            <TextLine id="r1l6" custom="readingOrder {index:5;}">
                <Coords points="1106,2399 1157,2425 1210,2368 1409,2331 1538,2425 1626,2420 1715,2336 1938,2294 2301,2303 2293,2196 1745,2250 1644,2188 1519,2253 1433,2217 1362,2257 1267,2236 1101,2326"/>
                <Baseline points="1114,2374 1172,2368 1231,2364 1290,2357 1349,2350 1408,2343 1466,2336 1525,2330 1584,2324 1643,2318 1702,2311 1760,2306 1819,2302 1878,2298 1937,2295 1996,2292 2054,2291 2113,2290 2172,2292 2231,2294 2290,2298"/>
                <TextEquiv>
                    <Unicode>vnd Ir Großweibels</Unicode>
                </TextEquiv>
            </TextLine>
            <TextLine id="r1l7" custom="readingOrder {index:6;}">
                <Coords points="1062,2648 1176,2650 1422,2546 1561,2581 1752,2545 1834,2597 1929,2506 2036,2502 2177,2577 2243,2516 2410,2494 2408,2450 2192,2413 2118,2467 1937,2379 1870,2438 1751,2464 1688,2423 1495,2503 1051,2462"/>
                <Baseline points="1068,2578 1134,2572 1201,2567 1267,2561 1334,2554 1401,2547 1467,2542 1534,2536 1600,2530 1667,2524 1734,2520 1800,2515 1867,2511 1933,2507 2000,2505 2066,2504 2133,2503 2200,2504 2266,2505 2333,2508 2400,2512"/>
                <TextEquiv>
                    <Unicode>Wegen eines durch Ihne zoßen</Unicode>
                </TextEquiv>
            </TextLine>
            <TextLine id="r1l8" custom="readingOrder {index:7;} person {offset:17; length:13;}">
                <Coords points="1103,2721 1497,2673 1584,2715 1749,2659 1856,2706 2039,2646 2235,2733 2479,2665 2477,2598 2362,2573 2296,2615 2197,2559 2141,2604 2038,2534 1876,2616 1768,2548 1709,2603 1545,2574 1443,2628 1366,2567 1271,2653 1100,2652"/>
                <Baseline points="1112,2708 1179,2702 1247,2694 1315,2687 1383,2682 1451,2674 1519,2669 1587,2663 1655,2658 1723,2654 1791,2650 1858,2648 1926,2646 1994,2644 2062,2646 2130,2647 2198,2650 2266,2655 2334,2662 2402,2670 2470,2680"/>
                <TextEquiv>
                    <Unicode>vor etwas Zeits, Peter Stryten</Unicode>
                </TextEquiv>
            </TextLine>
            <TextLine id="r1l9" custom="readingOrder {index:8;} place {offset:4; length:10;}">
                <Coords points="1107,2862 1646,2789 1871,2859 1993,2770 2180,2846 2296,2795 2467,2811 2465,2740 2319,2695 2230,2747 2074,2658 1795,2740 1615,2706 1537,2752 1302,2724 1219,2788 1104,2767"/>
                <Baseline points="1116,2838 1183,2829 1250,2822 1317,2815 1384,2808 1451,2801 1518,2797 1585,2791 1652,2788 1719,2784 1786,2780 1853,2779 1920,2778 1987,2778 2054,2778 2121,2779 2188,2782 2255,2785 2322,2789 2389,2795 2456,2802"/>
                <TextEquiv>
                    <Unicode>von Hallenbach, vff seiner heim¬</Unicode>
                </TextEquiv>
            </TextLine>
            <TextLine id="r1l10" custom="readingOrder {index:9;}">
                <Coords points="1113,3035 1394,2931 1780,2946 1933,2891 2388,2913 2389,2852 2295,2795 2208,2859 2108,2850 1992,2770 1893,2857 1510,2846 1356,2888 1299,2850 1107,2917"/>
                <Baseline points="1120,2960 1183,2954 1246,2946 1309,2940 1372,2934 1435,2929 1498,2922 1561,2917 1624,2912 1687,2908 1751,2903 1814,2900 1877,2898 1940,2894 2003,2894 2066,2892 2129,2892 2192,2894 2255,2896 2318,2899 2382,2902"/>
                <TextEquiv>
                    <Unicode>reiß, uß der weidt ent¬</Unicode>
                </TextEquiv>
            </TextLine>
            <TextLine id="r1l11" custom="readingOrder {index:10;}">
                <Coords points="1051,3148 1298,3125 1394,3171 1613,3092 1984,3062 2039,3104 2091,3058 2375,3045 2368,2927 2274,2978 2043,2904 1617,2982 1343,2970 1047,3077"/>
                <Baseline points="1060,3118 1125,3112 1190,3105 1255,3100 1320,3096 1386,3090 1451,3084 1516,3080 1581,3076 1646,3072 1712,3067 1777,3064 1842,3060 1907,3056 1972,3054 2038,3051 2103,3048 2168,3046 2233,3043 2298,3042 2364,3040"/>
                <TextEquiv>
                    <Unicode>fuerten Pferdts. Seye nit</Unicode>
                </TextEquiv>
            </TextLine>
            <TextLine id="r1l12" custom="readingOrder {index:11;}">
                <Coords points="1120,3246 1268,3300 1391,3217 1613,3220 1683,3267 1937,3206 2197,3266 2452,3207 2449,3136 2349,3121 2277,3166 2184,3103 2106,3152 1974,3073 1913,3126 1840,3094 1627,3159 1552,3113 1331,3190 1118,3185"/>
                <Baseline points="1130,3234 1195,3230 1261,3226 1326,3222 1392,3218 1458,3214 1523,3210 1589,3206 1654,3202 1720,3200 1786,3197 1851,3194 1917,3192 1982,3191 2048,3190 2113,3190 2179,3191 2245,3192 2310,3194 2376,3198 2442,3202"/>
                <TextEquiv>
                    <Unicode>weniger, dann das er dasel¬</Unicode>
                </TextEquiv>
            </TextLine>
            <TextLine id="r1l13" custom="readingOrder {index:12;}">
                <Coords points="1089,3413 1176,3443 1252,3367 1523,3418 1614,3357 1681,3402 1804,3330 2246,3354 2312,3338 2311,3295 2138,3228 1808,3271 1739,3233 1700,3273 1611,3219 1490,3262 1364,3238 1277,3315 1084,3267"/>
                <Baseline points="1098,3364 1158,3362 1218,3360 1278,3358 1338,3356 1399,3352 1459,3348 1519,3346 1579,3342 1639,3338 1700,3336 1760,3333 1820,3330 1880,3328 1940,3326 2001,3324 2061,3324 2121,3324 2181,3326 2241,3328 2302,3330"/>
                <TextEquiv>
                    <Unicode>biges Cleider) gehorten</Unicode>
                </TextEquiv>
            </TextLine>
            <TextLine id="r1l14" custom="readingOrder {index:13;}">
                <Coords points="1114,3543 1360,3567 1487,3495 1611,3524 1730,3469 1873,3507 2018,3465 2270,3481 2357,3536 2498,3505 2496,3387 2229,3431 2085,3360 1999,3388 1813,3329 1684,3402 1630,3365 1449,3425 1261,3376 1173,3444 1111,3421"/>
                <Baseline points="1122,3494 1190,3492 1258,3488 1326,3485 1395,3482 1463,3480 1531,3476 1600,3474 1668,3470 1736,3468 1805,3466 1873,3465 1941,3464 2009,3464 2078,3462 2146,3464 2214,3464 2283,3466 2351,3469 2419,3472 2488,3476"/>
                <TextEquiv>
                    <Unicode>maßen entfrömbdet, weliches</Unicode>
                </TextEquiv>
            </TextLine>
            <TextLine id="r1l15" custom="readingOrder {index:14;}">
                <Coords points="1124,3650 1378,3624 1525,3670 1794,3605 1956,3685 2077,3614 2276,3630 2275,3579 2143,3507 2013,3570 1820,3507 1655,3556 1489,3494 1360,3562 1123,3587"/>
                <Baseline points="1134,3630 1190,3628 1247,3628 1303,3626 1360,3624 1417,3624 1473,3622 1530,3620 1586,3618 1643,3616 1700,3614 1756,3614 1813,3612 1869,3610 1926,3610 1983,3608 2039,3608 2096,3608 2152,3610 2209,3610 2266,3612"/>
                <TextEquiv>
                    <Unicode>er aber seinem Meisten,</Unicode>
                </TextEquiv>
            </TextLine>
            <TextLine id="r1l16" custom="readingOrder {index:15;}">
                <Coords points="1125,3802 1583,3752 1620,3784 1674,3746 1833,3761 1914,3816 2028,3752 2230,3788 2243,3660 1882,3699 1668,3647 1572,3706 1438,3636 1378,3676 1248,3661 1123,3733"/>
                <Baseline points="1134,3770 1189,3768 1244,3767 1299,3766 1354,3764 1409,3762 1464,3761 1519,3758 1574,3757 1629,3756 1685,3754 1740,3752 1795,3751 1850,3750 1905,3749 1960,3748 2015,3748 2070,3746 2125,3746 2180,3747 2236,3748"/>
                <TextEquiv>
                    <Unicode>nachdem er in sich selbs</Unicode>
                </TextEquiv>
            </TextLine>
            <TextLine id="r1l17" custom="readingOrder {index:16;}">
                <Coords points="1105,3972 1237,3910 1744,3951 1991,3884 2314,3895 2345,3827 2136,3840 1972,3777 1916,3815 1785,3761 1667,3849 1403,3794 1208,3870 1101,3822"/>
                <Baseline points="1114,3904 1175,3904 1236,3902 1297,3902 1358,3900 1419,3898 1480,3897 1541,3895 1602,3894 1663,3892 1725,3890 1786,3888 1847,3886 1908,3884 1969,3882 2030,3882 2091,3880 2152,3880 2213,3880 2274,3880 2336,3880"/>
                <TextEquiv>
                    <Unicode>gangen angentz widerumb</Unicode>
                </TextEquiv>
            </TextLine>
            <TextLine id="r1l18" custom="readingOrder {index:17;}">
                <Coords points="1078,4100 1215,4049 1543,4105 1605,4052 1737,4040 2043,4092 2135,4025 2324,4054 2350,3951 2020,3933 1811,4004 1602,3943 1508,4012 1403,3946 1320,4022 1239,3973 1074,3974"/>
                <Baseline points="1086,4062 1148,4060 1211,4058 1274,4056 1337,4055 1400,4052 1462,4050 1525,4048 1588,4045 1651,4043 1714,4040 1776,4038 1839,4036 1902,4034 1965,4033 2028,4032 2090,4030 2153,4030 2216,4030 2279,4030 2342,4030"/>
                <TextEquiv>
                    <Unicode>zu gutem vermugen bezalt,</Unicode>
                </TextEquiv>
            </TextLine>
            <TextLine id="r1l19" custom="readingOrder {index:18;}">
                <Coords points="1149,4209 1510,4173 1655,4223 1788,4177 2058,4235 2134,4180 2404,4183 2402,4095 2287,4039 2163,4108 2093,4069 1883,4141 1735,4140 1619,4065 1541,4108 1146,4071"/>
                <Baseline points="1158,4188 1219,4186 1281,4183 1343,4180 1405,4178 1467,4176 1528,4176 1590,4174 1652,4172 1714,4172 1776,4171 1837,4170 1899,4170 1961,4168 2023,4168 2085,4166 2146,4164 2208,4164 2270,4160 2332,4159 2394,4156"/>
                <TextEquiv>
                    <Unicode>vnd Ihne darumb befridi¬</Unicode>
                </TextEquiv>
            </TextLine>
            <TextLine id="r1l20" custom="readingOrder {index:19;}">
                <Coords points="1098,4379 1282,4320 1510,4320 1598,4378 1660,4338 1821,4337 1872,4379 2089,4325 2167,4375 2225,4322 2373,4306 2372,4206 2199,4221 2150,4178 1962,4250 1786,4176 1657,4249 1588,4197 1537,4228 1433,4195 1312,4269 1192,4238 1097,4294"/>
                <Baseline points="1108,4330 1170,4325 1233,4320 1296,4316 1358,4312 1421,4310 1484,4308 1546,4307 1609,4306 1672,4306 1735,4306 1797,4306 1860,4306 1923,4306 1985,4306 2048,4306 2111,4308 2173,4308 2236,4308 2299,4308 2362,4306"/>
                <TextEquiv>
                    <Unicode>get, die vrsach aber dises</Unicode>
                </TextEquiv>
            </TextLine>
            <TextLine id="r1l21" custom="readingOrder {index:20;}">
                <Coords points="1098,4491 1766,4436 1960,4517 2111,4436 2418,4455 2458,4357 2289,4329 2182,4379 2085,4325 1893,4404 1421,4327 1232,4335 1097,4402"/>
                <Baseline points="1108,4456 1175,4452 1242,4448 1309,4444 1376,4442 1443,4440 1510,4438 1577,4438 1644,4436 1711,4436 1778,4436 1845,4436 1912,4436 1979,4436 2046,4436 2113,4436 2180,4436 2247,4436 2314,4434 2381,4434 2448,4432"/>
                <TextEquiv>
                    <Unicode>seines begangnen diebstals</Unicode>
                </TextEquiv>
            </TextLine>
            <TextLine id="r1l22" custom="readingOrder {index:21;}">
                <Coords points="1084,4609 1197,4577 1550,4616 1675,4565 2051,4619 2118,4573 2284,4581 2358,4624 2439,4572 2436,4448 2271,4528 2179,4467 2100,4507 2033,4467 1962,4527 1613,4533 1506,4452 1323,4532 1240,4467 1083,4524"/>
                <Baseline points="1094,4586 1160,4584 1227,4582 1294,4580 1360,4578 1427,4576 1494,4574 1560,4572 1627,4572 1694,4570 1761,4568 1827,4568 1894,4566 1961,4566 2027,4564 2094,4564 2161,4564 2227,4564 2294,4564 2361,4564 2428,4564"/>
                <TextEquiv>
                    <Unicode>seye, das er domalen truncken</Unicode>
                </TextEquiv>
            </TextLine>
            <TextLine id="r1l23" custom="readingOrder {index:22;}">
                <Coords points="1110,4734 1424,4785 1557,4722 1674,4779 1740,4731 1799,4775 1914,4688 2057,4737 2436,4714 2435,4644 2329,4617 2216,4656 2150,4594 2063,4625 1925,4576 1807,4584 1704,4663 1428,4618 1109,4683"/>
                <Baseline points="1120,4714 1185,4712 1250,4712 1315,4710 1381,4709 1446,4708 1511,4708 1577,4708 1642,4706 1707,4706 1773,4706 1838,4706 1903,4704 1968,4704 2034,4704 2099,4702 2164,4700 2230,4698 2295,4696 2360,4694 2426,4690"/>
                <TextEquiv>
                    <Unicode>weins gewesen, habe aber</Unicode>
                </TextEquiv>
            </TextLine>
            <TextLine id="r1l24" custom="readingOrder {index:23;}">
                <Coords points="1085,4886 1313,4933 1436,4841 1481,4879 1979,4900 2068,4857 2411,4849 2411,4786 2232,4807 2147,4747 2058,4800 1915,4698 1783,4798 1720,4748 1645,4787 1563,4718 1438,4813 1202,4739 1084,4789"/>
                <Baseline points="1096,4860 1161,4858 1226,4856 1291,4856 1357,4856 1422,4856 1487,4856 1553,4856 1618,4858 1683,4858 1749,4858 1814,4858 1879,4858 1944,4858 2010,4857 2075,4856 2140,4854 2206,4852 2271,4850 2336,4845 2402,4840"/>
                <TextEquiv>
                    <Unicode>den tag seines lebens, me¬</Unicode>
                </TextEquiv>
            </TextLine>
            <TextLine id="r1l25" custom="readingOrder {index:24;}">
                <Coords points="1126,4998 1214,4988 1374,5068 1618,5008 1778,5049 1945,4993 2059,5030 2201,4972 2296,5064 2382,5033 2382,4928 2141,4880 2025,4945 1899,4881 1854,4909 1763,4870 1622,4931 1422,4859 1295,4948 1127,4945"/>
                <Baseline points="1136,4984 1197,4985 1259,4986 1321,4988 1383,4990 1445,4990 1506,4992 1568,4992 1630,4994 1692,4994 1754,4994 1815,4996 1877,4996 1939,4996 2001,4994 2063,4994 2124,4994 2186,4992 2248,4990 2310,4989 2372,4986"/>
                <TextEquiv>
                    <Unicode>malen sich mit dergleichen</Unicode>
                </TextEquiv>
            </TextLine>
            <TextLine id="r1l26" custom="readingOrder {index:25;}">
                <Coords points="1101,5138 1469,5147 1597,5209 1655,5155 1932,5150 2083,5218 2305,5175 2309,5017 2067,5104 1952,4996 1817,5115 1442,5057 1297,5092 1179,5038 1103,5065"/>
                <Baseline points="1112,5120 1171,5123 1230,5126 1289,5128 1348,5130 1408,5132 1467,5136 1526,5138 1585,5140 1644,5142 1704,5143 1763,5144 1822,5146 1881,5148 1940,5148 2000,5148 2059,5148 2118,5148 2177,5148 2236,5147 2296,5146"/>
                <TextEquiv>
                    <Unicode>oder anderen gablenen ver¬</Unicode>
                </TextEquiv>
            </TextLine>
            <TextLine id="r1l27" custom="readingOrder {index:26;}">
                <Coords points="1089,5344 1251,5270 1356,5313 1735,5280 1788,5326 2145,5295 2245,5370 2333,5313 2334,5254 2278,5232 1949,5240 1867,5183 1784,5247 1656,5154 1600,5206 1552,5171 1382,5212 1092,5189"/>
                <Baseline points="1100,5270 1161,5272 1222,5272 1283,5274 1344,5274 1406,5276 1467,5278 1528,5280 1589,5282 1650,5284 1712,5286 1773,5288 1834,5288 1895,5290 1956,5292 2018,5292 2079,5292 2140,5292 2201,5292 2262,5292 2324,5290"/>
                <TextEquiv>
                    <Unicode>geßen, butte deßwegen</Unicode>
                </TextEquiv>
            </TextLine>
            <TextLine id="r1l28" custom="readingOrder {index:27;}">
                <Coords points="1120,5421 1172,5459 1277,5409 1343,5450 2229,5436 2391,5518 2395,5394 2216,5338 2086,5399 1927,5400 1745,5309 1615,5377 1505,5316 1431,5359 1251,5270 1122,5348"/>
                <Baseline points="1130,5416 1192,5414 1255,5412 1318,5412 1380,5412 1443,5414 1506,5416 1568,5418 1631,5422 1694,5426 1757,5430 1819,5432 1882,5435 1945,5438 2007,5440 2070,5442 2133,5442 2195,5442 2258,5441 2321,5438 2384,5434"/>
                <TextEquiv>
                    <Unicode>Gald den allmechtigen</Unicode>
                </TextEquiv>
            </TextLine>
            <TextLine id="r1l29" custom="readingOrder {index:28;}">
                <Coords points="1100,5597 1428,5543 1758,5614 2054,5577 2193,5609 2364,5570 2369,5440 2189,5526 2026,5438 1897,5512 1827,5470 1719,5523 1607,5474 1455,5518 1248,5463 1105,5490"/>
                <Baseline points="1112,5546 1174,5546 1236,5548 1298,5550 1360,5552 1422,5556 1484,5558 1546,5562 1608,5564 1670,5567 1732,5571 1794,5574 1856,5577 1918,5580 1980,5582 2042,5584 2104,5586 2166,5588 2228,5588 2290,5588 2352,5588"/>
                <TextEquiv>
                    <Unicode>vnd eingt oberkheit</Unicode>
                </TextEquiv>
            </TextLine>
            <TextLine id="r1l30" custom="readingOrder {index:29;}">
                <Coords points="1116,5702 1240,5733 1638,5700 1918,5804 2118,5710 2261,5821 2418,5762 2422,5691 2253,5693 2193,5639 2122,5676 2034,5590 1945,5579 1843,5637 1540,5602 1426,5669 1360,5605 1272,5665 1119,5627"/>
                <Baseline points="1126,5690 1190,5690 1254,5691 1318,5692 1382,5694 1446,5697 1510,5700 1574,5704 1638,5707 1702,5710 1767,5715 1831,5718 1895,5722 1959,5726 2023,5730 2087,5733 2151,5736 2215,5740 2279,5742 2343,5744 2408,5746"/>
                <TextEquiv>
                    <Unicode>umb und und verziehung </Unicode>
                </TextEquiv>
            </TextLine>
            <TextLine id="r1l31" custom="readingOrder {index:30;}">
                <Coords points="759,5868 1053,5817 1128,5877 1811,5897 1920,5971 2020,5901 2167,5935 2364,5847 2066,5750 1871,5849 1506,5727 1405,5780 1330,5708 1020,5784 856,5680 768,5710"/>
                <Baseline points="772,5812 851,5815 930,5819 1009,5824 1088,5830 1167,5837 1246,5844 1325,5852 1404,5858 1483,5867 1562,5874 1641,5880 1720,5885 1799,5891 1878,5895 1957,5898 2036,5898 2115,5898 2194,5896 2273,5892 2352,5884"/>
                <TextEquiv>
                    <Unicode>Ist den 24. novembr 1613 von mahl uff ein</Unicode>
                </TextEquiv>
            </TextLine>
            <TextLine id="r1l32" custom="readingOrder {index:31;}">
                <Coords points="768,5929 833,5893 1908,5987 1998,6041 2373,6031 2423,5875 2168,5935 2049,5898 1937,5957 1040,5826 774,5842"/>
                <Baseline points="780,5900 861,5904 942,5909 1023,5915 1104,5920 1186,5928 1267,5935 1348,5943 1429,5952 1510,5960 1592,5968 1673,5975 1754,5982 1835,5988 1916,5992 1998,5996 2079,5998 2160,6000 2241,5999 2322,5996 2404,5992"/>
                <TextEquiv>
                    <Unicode>autte sensur und daß er neben abtragen beficostens,</Unicode>
                </TextEquiv>
            </TextLine>
            <TextLine id="r1l33" custom="readingOrder {index:32;}">
                <Coords points="762,6033 835,6068 942,6008 1041,6070 1123,6016 1314,6109 1569,6070 1808,6151 1949,6086 2081,6135 2346,6117 2351,6057 2260,6004 1999,6044 1907,5986 1582,6015 1470,5947 1316,5979 773,5918"/>
                <Baseline points="776,5988 854,5990 932,5994 1010,6000 1088,6005 1166,6013 1244,6020 1322,6029 1400,6038 1478,6047 1556,6055 1634,6064 1712,6072 1790,6080 1868,6087 1946,6093 2024,6098 2102,6102 2180,6104 2258,6104 2336,6104"/>
                <TextEquiv>
                    <Unicode>zuhanden des züghusen entrichen sölle 20 lb.</Unicode>
                </TextEquiv>
            </TextLine>
            <TextLine id="r1l34" custom="readingOrder {index:33;}">
                <Coords points="777,6108 904,6166 941,6166 1041,6109 1077,6133 1123,6121 1158,6158 1186,6163 1219,6139 1271,6153 1276,6102 1208,6069 1183,6076 1111,6022 1041,6070 997,6059 939,6008 845,6066 810,6050 782,6060"/>
                <Baseline points="788,6094 814,6093 840,6092 867,6092 893,6094 919,6096 946,6098 972,6100 998,6102 1025,6104 1051,6107 1077,6111 1104,6115 1130,6118 1156,6122 1183,6127 1209,6130 1235,6135 1262,6140"/>
                <TextEquiv>
                    <Unicode>ledig erkent.</Unicode>
                </TextEquiv>
            </TextLine>
            <TextEquiv>
                <Unicode>Hanns Joßen von Rum
lingen Bekandtnus.
Den 21. febr 1653. In bywesen
Mh. Rahts Herr Martins
herren rahts h zächenders
vnd Ir Großweibels
Wegen eines durch Ihne zoßen
vor etwas Zeits, Peter Stryten
von Hallenbach, vff seiner heim¬
reiß, uß der weidt ent¬
fuerten Pferdts. Seye nit
weniger, dann das er dasel¬
biges Cleider) gehorten
maßen entfrömbdet, weliches
er aber seinem Meisten,
nachdem er in sich selbs
gangen angentz widerumb
zu gutem vermugen bezalt,
vnd Ihne darumb befridi¬
get, die vrsach aber dises
seines begangnen diebstals
seye, das er domalen truncken
weins gewesen, habe aber
den tag seines lebens, me¬
malen sich mit dergleichen
oder anderen gablenen ver¬
geßen, butte deßwegen
Gald den allmechtigen
vnd eingt oberkheit
umb und und verziehung 
Ist den 24. novembr 1613 von mahl uff ein
autte sensur und daß er neben abtragen beficostens,
zuhanden des züghusen entrichen sölle 20 lb.
ledig erkent.</Unicode>
            </TextEquiv>
        </TextRegion>
        <TextRegion orientation="0.0" id="r2" custom="readingOrder {index:1;}">
            <Coords points="3082,1467 3082,5915 4666,5915 4666,1467"/>
            <TextLine id="r2l1" custom="readingOrder {index:0;}">
                <Coords points="3162,1529 3201,1536 3211,1526 3223,1523 3235,1531 3274,1531 3276,1478 3264,1477 3254,1467 3248,1471 3233,1470 3216,1455 3201,1469 3179,1462 3164,1464"/>
                <Baseline points="3172,1510 3202,1511 3233,1511 3264,1514"/>
                <TextEquiv>
                    <Unicode>i</Unicode>
                </TextEquiv>
            </TextLine>
            <TextLine id="r2l2" custom="readingOrder {index:1;}">
                <Coords points="4365,1547 4393,1551 4410,1537 4424,1545 4458,1515 4483,1539 4505,1539 4550,1557 4549,1431 4521,1419 4505,1427 4478,1413 4460,1419 4442,1407 4401,1431 4365,1433"/>
                <Baseline points="4376,1518 4403,1512 4430,1510 4458,1510 4485,1512 4512,1513 4540,1514"/>
                <TextEquiv>
                    <Unicode>73.</Unicode>
                </TextEquiv>
            </TextLine>
            <TextLine id="r2l3" custom="readingOrder {index:2;}">
                <Coords points="3904,1530 3919,1530 3926,1534 3941,1532 3947,1542 3957,1537 3969,1539 3988,1431 3974,1429 3967,1421 3959,1424 3952,1416 3925,1414"/>
                <Baseline points="3916,1518 3960,1526"/>
                <TextEquiv>
                    <Unicode>6</Unicode>
                </TextEquiv>
            </TextLine>
            <TextLine id="r2l4" custom="readingOrder {index:3;} person {offset:0; length:12;}">
                <Coords points="3434,1603 3574,1605 3637,1634 3721,1600 3852,1657 3919,1621 4043,1657 4131,1607 4139,1492 4074,1490 3950,1541 3860,1487 3835,1506 3787,1490 3754,1519 3707,1487 3652,1523 3541,1506 3491,1537 3438,1526"/>
                <Baseline points="3444,1590 3477,1591 3511,1593 3545,1594 3579,1594 3613,1595 3646,1596 3680,1598 3714,1598 3748,1600 3782,1602 3815,1602 3849,1605 3883,1608 3917,1610 3950,1613 3984,1616 4018,1622 4052,1627 4086,1632 4120,1638"/>
                <TextEquiv>
                    <Unicode>Hans schafft</Unicode>
                </TextEquiv>
            </TextLine>
            <TextLine id="r2l5" custom="readingOrder {index:4;}">
                <Coords points="3269,1735 3313,1752 3371,1704 3479,1699 3587,1770 3702,1722 3862,1741 3970,1713 4108,1740 4110,1627 4043,1658 3932,1621 3839,1662 3751,1631 3622,1655 3396,1593 3271,1637"/>
                <Baseline points="3280,1694 3320,1694 3361,1693 3402,1692 3443,1692 3484,1692 3525,1692 3566,1692 3607,1692 3648,1692 3689,1692 3729,1692 3770,1694 3811,1694 3852,1696 3893,1699 3934,1700 3975,1704 4016,1708 4057,1711 4098,1716"/>
                <TextEquiv>
                    <Unicode>hieuorgenant</Unicode>
                </TextEquiv>
            </TextLine>
            <TextLine id="r2l6" custom="readingOrder {index:5;}">
                <Coords points="3070,1918 3266,1908 3315,1865 3483,1909 3750,1870 4243,1910 4347,1888 4349,1818 4199,1795 4141,1735 3861,1830 3720,1780 3365,1807 3326,1768 3188,1844 3073,1815"/>
                <Baseline points="3082,1864 3144,1864 3207,1864 3270,1864 3332,1866 3395,1866 3458,1866 3520,1868 3583,1870 3646,1870 3709,1872 3771,1874 3834,1875 3897,1877 3959,1878 4022,1881 4085,1882 4147,1884 4210,1886 4273,1888 4336,1890"/>
                <TextEquiv>
                    <Unicode>Derselbig hatt den 3. decembr 1653.</Unicode>
                </TextEquiv>
            </TextLine>
            <TextLine id="r2l7" custom="readingOrder {index:6;}">
                <Coords points="3174,1965 3328,1962 3375,1983 3525,1959 3612,2002 3651,1972 3714,1990 3746,1958 3807,1979 3808,1903 3757,1891 3722,1917 3653,1876 3558,1916 3533,1896 3395,1903 3369,1881 3277,1919 3223,1882 3174,1898"/>
                <Baseline points="3184,1954 3214,1956 3245,1957 3276,1958 3306,1958 3337,1958 3368,1958 3398,1958 3429,1958 3460,1957 3491,1956 3521,1956 3552,1956 3583,1956 3613,1956 3644,1956 3675,1958 3705,1958 3736,1960 3767,1962 3798,1964"/>
                <TextEquiv>
                    <Unicode>Verners verzecht.</Unicode>
                </TextEquiv>
            </TextLine>
            <TextLine id="r2l8" custom="readingOrder {index:7;} person {offset:37; length:7; continued:true;}">
                <Coords points="3163,2128 3379,2087 3855,2149 4112,2103 4166,2144 4248,2099 4515,2152 4538,2014 4115,2054 4030,1998 3918,2057 3580,1976 3422,2057 3330,1988 3165,1973"/>
                <Baseline points="3174,2080 3241,2080 3309,2082 3376,2082 3444,2083 3512,2084 3579,2086 3647,2087 3714,2088 3782,2090 3850,2092 3917,2094 3985,2094 4052,2096 4120,2097 4187,2098 4255,2098 4323,2098 4390,2098 4458,2098 4526,2098"/>
                <TextEquiv>
                    <Unicode>daß er mit hilff anderen, dem herren vogt zu</Unicode>
                </TextEquiv>
            </TextLine>
            <TextLine id="r2l9" custom="readingOrder {index:8;} person {offset:0; length:6; continued:true;}">
                <Coords points="3185,2191 3255,2233 3333,2174 4013,2248 4068,2196 4248,2238 4434,2211 4435,2117 4366,2147 4257,2110 4136,2163 4043,2111 3862,2152 3710,2115 3574,2141 3536,2104 3358,2150 3186,2116"/>
                <Baseline points="3196,2178 3257,2178 3318,2179 3380,2180 3441,2180 3503,2182 3564,2182 3625,2184 3687,2184 3748,2186 3810,2187 3871,2188 3932,2189 3994,2190 4055,2192 4117,2192 4178,2194 4239,2194 4301,2196 4362,2196 4424,2198"/>
                <TextEquiv>
                    <Unicode>dignaw, das Reißgelt ußem schloß</Unicode>
                </TextEquiv>
            </TextLine>
            <TextLine id="r2l10" custom="readingOrder {index:9;}">
                <Coords points="3175,2319 3486,2271 3717,2341 3783,2293 3983,2345 4480,2267 4480,2225 4320,2205 3909,2249 3562,2186 3495,2238 3333,2174 3265,2233 3176,2228"/>
                <Baseline points="3186,2276 3250,2274 3314,2272 3378,2272 3442,2272 3507,2272 3571,2272 3635,2274 3699,2276 3763,2276 3828,2278 3892,2280 3956,2280 4020,2282 4084,2282 4149,2282 4213,2282 4277,2280 4341,2279 4405,2276 4470,2272"/>
                <TextEquiv>
                    <Unicode>geforderet, uß sorg es seye daselbsten</Unicode>
                </TextEquiv>
            </TextLine>
            <TextLine id="r2l11" custom="readingOrder {index:10;}">
                <Coords points="3201,2371 3636,2373 3735,2415 4022,2365 4251,2425 4521,2425 4523,2319 4387,2295 4161,2291 3984,2346 3790,2298 3718,2342 3314,2281 3202,2306"/>
                <Baseline points="3212,2356 3277,2356 3342,2358 3407,2358 3472,2359 3537,2360 3602,2362 3667,2363 3732,2364 3797,2366 3862,2367 3927,2368 3992,2370 4057,2370 4122,2372 4187,2372 4252,2372 4317,2372 4382,2372 4447,2372 4512,2370"/>
                <TextEquiv>
                    <Unicode>nit wol verwahrt und mit bschlüßigen</Unicode>
                </TextEquiv>
            </TextLine>
            <TextLine id="r2l12" custom="readingOrder {index:11;}">
                <Coords points="3184,2510 3232,2474 3260,2491 3305,2459 3368,2454 3439,2485 3478,2457 3594,2459 3743,2520 3815,2468 3816,2420 3785,2433 3710,2400 3511,2409 3367,2384 3247,2405 3186,2378"/>
                <Baseline points="3196,2454 3226,2454 3256,2454 3287,2452 3317,2452 3348,2452 3378,2452 3408,2452 3439,2452 3469,2452 3500,2452 3530,2454 3560,2454 3591,2454 3621,2456 3652,2456 3682,2458 3712,2459 3743,2460 3773,2462 3804,2464"/>
                <TextEquiv>
                    <Unicode>ghalten versechen,</Unicode>
                </TextEquiv>
            </TextLine>
            <TextLine id="r2l13" custom="readingOrder {index:12;}">
                <Coords points="4029,2486 4104,2467 4128,2490 4157,2485 4179,2502 4234,2467 4443,2476 4443,2417 4398,2405 4346,2433 4282,2405 4240,2422 4203,2396 4138,2414 4075,2380 4028,2374"/>
                <Baseline points="4038,2460 4064,2458 4090,2458 4117,2458 4143,2458 4170,2458 4196,2456 4222,2456 4249,2456 4275,2456 4302,2456 4328,2456 4354,2456 4381,2456 4407,2457 4434,2458"/>
                <TextEquiv>
                    <Unicode>Doch habe er</Unicode>
                </TextEquiv>
            </TextLine>
            <TextLine id="r2l14" custom="readingOrder {index:13;}">
                <Coords points="3200,2559 3360,2547 3566,2607 3691,2558 3773,2617 3848,2560 4496,2580 4496,2481 4390,2465 4355,2499 3841,2480 3746,2523 3594,2459 3504,2510 3200,2494"/>
                <Baseline points="3210,2542 3273,2542 3337,2542 3401,2542 3465,2542 3529,2542 3592,2544 3656,2544 3720,2544 3784,2544 3848,2546 3911,2546 3975,2546 4039,2546 4103,2544 4167,2544 4230,2542 4294,2541 4358,2538 4422,2536 4486,2534"/>
                <TextEquiv>
                    <Unicode>damahlen zum herren vogt gsagt, im fahl</Unicode>
                </TextEquiv>
            </TextLine>
            <TextLine id="r2l15" custom="readingOrder {index:14;}">
                <Coords points="3201,2660 3297,2704 3378,2645 3660,2696 3934,2634 4030,2695 4333,2638 4576,2691 4591,2563 4444,2602 4322,2549 4164,2597 3829,2569 3770,2611 3691,2558 3567,2607 3317,2560 3201,2603"/>
                <Baseline points="3212,2632 3280,2632 3348,2634 3417,2634 3485,2634 3554,2634 3622,2634 3690,2634 3759,2634 3827,2634 3896,2634 3964,2634 4032,2634 4101,2634 4169,2634 4238,2634 4306,2634 4374,2634 4443,2634 4511,2634 4580,2636"/>
                <TextEquiv>
                    <Unicode>er inen gutt für das Reißgelt sein wolle</Unicode>
                </TextEquiv>
            </TextLine>
            <TextLine id="r2l16" custom="readingOrder {index:15;}">
                <Coords points="3181,2754 4524,2762 4479,2660 4433,2695 4100,2653 3902,2688 3817,2645 3598,2705 3181,2677"/>
                <Baseline points="3192,2734 3258,2732 3324,2732 3390,2731 3456,2730 3522,2730 3588,2730 3654,2730 3720,2730 3786,2730 3853,2730 3919,2732 3985,2732 4051,2732 4117,2734 4183,2734 4249,2734 4315,2736 4381,2736 4447,2736 4514,2738"/>
                <TextEquiv>
                    <Unicode>möge ers wol behalten,  vogt aber</Unicode>
                </TextEquiv>
            </TextLine>
            <TextLine id="r2l17" custom="readingOrder {index:16;}">
                <Coords points="3179,2895 3261,2845 3392,2881 3468,2819 3618,2871 3714,2830 3835,2892 4004,2833 4357,2892 4522,2864 4523,2781 4263,2757 4061,2802 3936,2747 3826,2795 3774,2759 3647,2788 3441,2735 3180,2783"/>
                <Baseline points="3190,2828 3256,2826 3322,2826 3388,2824 3454,2824 3520,2824 3586,2824 3652,2824 3718,2824 3784,2826 3851,2826 3917,2828 3983,2829 4049,2830 4115,2832 4181,2833 4247,2834 4313,2836 4379,2838 4445,2840 4512,2840"/>
                <TextEquiv>
                    <Unicode>habe es volgents guttwillig hinuß geben</Unicode>
                </TextEquiv>
            </TextLine>
            <TextLine id="r2l18" custom="readingOrder {index:17;} place {offset:31; length:6;}">
                <Coords points="3180,3047 3279,3088 3341,3040 3557,3035 3917,3079 4188,3051 4264,3102 4523,3079 4524,3010 4300,2976 4156,3016 3937,2945 3641,3005 3400,2942 3183,2951"/>
                <Baseline points="3192,3026 3258,3028 3324,3028 3390,3028 3456,3030 3522,3030 3588,3032 3654,3032 3720,3033 3786,3034 3852,3036 3918,3037 3984,3038 4050,3040 4116,3042 4182,3046 4248,3048 4314,3051 4380,3054 4446,3058 4512,3062"/>
                <TextEquiv>
                    <Unicode>So habe er auch den Schmid von dignaw,</Unicode>
                </TextEquiv>
            </TextLine>
            <TextLine id="r2l19" custom="readingOrder {index:18;}">
                <Coords points="3203,3126 3642,3117 3704,3171 3780,3121 4152,3137 4202,3176 4538,3145 4538,3094 4258,3100 4186,3052 3801,3085 3564,3040 3281,3087 3204,3055"/>
                <Baseline points="3214,3116 3279,3114 3345,3114 3411,3114 3476,3114 3542,3114 3608,3114 3673,3114 3739,3116 3805,3116 3871,3118 3936,3119 4002,3120 4068,3122 4133,3124 4199,3126 4265,3127 4330,3128 4396,3130 4462,3132 4528,3134"/>
                <TextEquiv>
                    <Unicode>in der Zeit, da Inen die Huldigung ange¬</Unicode>
                </TextEquiv>
            </TextLine>
            <TextLine id="r2l20" custom="readingOrder {index:19;}">
                <Coords points="3217,3221 3662,3210 3734,3251 3934,3196 4376,3264 4573,3230 4574,3183 4412,3133 4302,3172 3837,3134 3755,3180 3333,3131 3217,3162"/>
                <Baseline points="3226,3208 3292,3206 3359,3204 3426,3204 3493,3204 3560,3202 3627,3202 3694,3202 3761,3204 3828,3204 3895,3204 3961,3206 4028,3206 4095,3208 4162,3210 4229,3212 4296,3212 4363,3214 4430,3217 4497,3218 4564,3220"/>
                <TextEquiv>
                    <Unicode>gmuthet worden, als den 21. maii befelchnen</Unicode>
                </TextEquiv>
            </TextLine>
            <TextLine id="r2l21" custom="readingOrder {index:20;}">
                <Coords points="3192,3326 4209,3342 4472,3311 4502,3244 4364,3264 4251,3220 4120,3266 3932,3196 3854,3259 3786,3212 3690,3258 3444,3212 3192,3247"/>
                <Baseline points="3202,3294 3266,3292 3331,3290 3395,3288 3460,3287 3524,3286 3589,3286 3653,3286 3718,3286 3782,3286 3847,3288 3911,3288 3976,3288 4040,3290 4105,3291 4169,3292 4234,3294 4298,3294 4363,3296 4427,3296 4492,3298"/>
                <TextEquiv>
                    <Unicode>helffen nacher dan flu zu gehen umb</Unicode>
                </TextEquiv>
            </TextLine>
            <TextLine id="r2l22" custom="readingOrder {index:21;}">
                <Coords points="3236,3452 3401,3410 3480,3447 3549,3391 3608,3422 3957,3388 4061,3434 4211,3380 4270,3431 4363,3384 4540,3387 4540,3328 4379,3303 4199,3350 3236,3314"/>
                <Baseline points="3246,3382 3310,3382 3374,3382 3438,3380 3502,3380 3567,3380 3631,3380 3695,3380 3759,3378 3823,3378 3888,3378 3952,3378 4016,3378 4080,3378 4144,3378 4209,3378 4273,3378 4337,3378 4401,3376 4465,3376 4530,3376"/>
                <TextEquiv>
                    <Unicode>daselbsten zuvernemen, was der</Unicode>
                </TextEquiv>
            </TextLine>
            <TextLine id="r2l23" custom="readingOrder {index:22;} person {offset:0; length:11;}">
                <Coords points="3166,3502 3572,3474 3743,3526 4073,3468 4444,3536 4496,3482 4577,3504 4576,3398 3992,3434 3876,3386 3165,3451"/>
                <Baseline points="3176,3484 3245,3482 3315,3478 3384,3476 3454,3473 3523,3472 3593,3470 3662,3470 3732,3468 3801,3468 3871,3468 3940,3468 4010,3468 4079,3468 4149,3468 4218,3468 4288,3468 4357,3468 4427,3468 4496,3468 4566,3466"/>
                <TextEquiv>
                    <Unicode>Ewrenberger begert vnd Ime befelch</Unicode>
                </TextEquiv>
            </TextLine>
            <TextLine id="r2l24" custom="readingOrder {index:23;}">
                <Coords points="3219,3578 3247,3585 3263,3573 3296,3582 3312,3570 3355,3591 3387,3573 3395,3581 3416,3572 3440,3582 3452,3573 3475,3577 3474,3534 3453,3533 3388,3489 3352,3514 3323,3511 3311,3521 3293,3509 3266,3528 3217,3507"/>
                <Baseline points="3228,3568 3254,3566 3280,3565 3306,3564 3332,3564 3359,3562 3385,3562 3411,3562 3437,3563 3464,3564"/>
                <TextEquiv>
                    <Unicode>welle.</Unicode>
                </TextEquiv>
            </TextLine>
            <TextLine id="r2l25" custom="readingOrder {index:24;}">
                <Coords points="3181,3706 4585,3711 4584,3632 4383,3594 4068,3618 3926,3554 3717,3630 3621,3581 3465,3627 3180,3580"/>
                <Baseline points="3192,3688 3261,3690 3330,3691 3399,3692 3468,3692 3537,3692 3606,3692 3675,3691 3744,3690 3813,3690 3883,3688 3952,3688 4021,3688 4090,3686 4159,3686 4228,3686 4297,3686 4366,3686 4435,3686 4504,3686 4574,3688"/>
                <TextEquiv>
                    <Unicode>Gbei der letsten gmeind so bei dignaw</Unicode>
                </TextEquiv>
            </TextLine>
            <TextLine id="r2l26" custom="readingOrder {index:25;}">
                <Coords points="3199,3822 3477,3765 4601,3793 4600,3716 4529,3706 3198,3712"/>
                <Baseline points="3210,3770 3279,3770 3348,3770 3417,3769 3486,3768 3555,3768 3624,3768 3693,3768 3762,3768 3831,3766 3900,3766 3969,3766 4038,3765 4107,3764 4176,3764 4245,3764 4314,3762 4383,3762 4452,3762 4521,3760 4590,3760"/>
                <TextEquiv>
                    <Unicode>vff der Ramsey weid gehalten worden,</Unicode>
                </TextEquiv>
            </TextLine>
            <TextLine id="r2l27" custom="readingOrder {index:26;}">
                <Coords points="3206,3867 3982,3915 4238,3858 4380,3895 4569,3857 4568,3794 4365,3769 4274,3815 4072,3786 3945,3828 3892,3786 3754,3820 3654,3780 3569,3827 3392,3778 3342,3825 3205,3816"/>
                <Baseline points="3216,3860 3283,3858 3350,3858 3417,3856 3484,3856 3551,3856 3618,3856 3685,3856 3752,3856 3819,3856 3887,3855 3954,3854 4021,3854 4088,3854 4155,3854 4222,3852 4289,3850 4356,3850 4423,3848 4490,3845 4558,3842"/>
                <TextEquiv>
                    <Unicode>seye er auch gewesen, sich aber vff der</Unicode>
                </TextEquiv>
            </TextLine>
            <TextLine id="r2l28" custom="readingOrder {index:27;}">
                <Coords points="3177,4025 3286,3963 3439,4018 3485,3973 3814,3988 3867,3949 3952,4001 4106,3955 4411,3978 4555,3948 4555,3887 4049,3874 3980,3915 3527,3869 3289,3908 3226,3868 3176,3905"/>
                <Baseline points="3186,3962 3254,3960 3322,3958 3390,3956 3458,3954 3526,3952 3594,3952 3662,3950 3730,3950 3798,3950 3866,3948 3934,3948 4002,3948 4070,3948 4138,3948 4206,3948 4274,3948 4342,3946 4410,3946 4478,3946 4546,3946"/>
                <TextEquiv>
                    <Unicode>jenigen sythen begeben, sonder oberkeit</Unicode>
                </TextEquiv>
            </TextLine>
            <TextLine id="r2l29" custom="readingOrder {index:28;}">
                <Coords points="3204,4103 3280,4056 3409,4104 3645,4049 3758,4098 3984,4043 4546,4055 4572,3963 4062,3964 3949,4006 3866,3947 3803,4002 3704,3968 3614,4015 3485,3974 3441,4018 3269,3969 3201,4002"/>
                <Baseline points="3212,4056 3279,4054 3347,4052 3414,4050 3482,4048 3549,4046 3617,4044 3684,4042 3752,4040 3819,4039 3887,4038 3954,4036 4022,4034 4089,4032 4157,4030 4224,4028 4292,4026 4359,4024 4427,4023 4494,4021 4562,4018"/>
                <TextEquiv>
                    <Unicode>schuldigen wollen, so wyth, daß er auch</Unicode>
                </TextEquiv>
            </TextLine>
            <TextLine id="r2l30" custom="readingOrder {index:29;}">
                <Coords points="3203,4172 3860,4169 4000,4125 4211,4167 4602,4115 4600,4054 4514,4037 4298,4083 4237,4046 4058,4083 3890,4054 3727,4104 3254,4065 3201,4103"/>
                <Baseline points="3212,4144 3280,4142 3349,4142 3418,4140 3487,4140 3556,4138 3625,4136 3694,4134 3763,4132 3832,4129 3901,4128 3969,4125 4038,4122 4107,4120 4176,4117 4245,4114 4314,4110 4383,4108 4452,4105 4521,4102 4590,4098"/>
                <TextEquiv>
                    <Unicode>sich anerbotten, den Oberkeit, Innamen der</Unicode>
                </TextEquiv>
            </TextLine>
            <TextLine id="r2l31" custom="readingOrder {index:30;}">
                <Coords points="3127,4250 3336,4281 3578,4242 3695,4293 3738,4255 3776,4287 4240,4260 4235,4159 4098,4126 3933,4166 3885,4142 3852,4178 3728,4143 3670,4191 3459,4155 3400,4199 3239,4157 3183,4217 3125,4201"/>
                <Baseline points="3138,4242 3192,4240 3246,4238 3301,4237 3355,4236 3410,4234 3464,4232 3518,4228 3573,4226 3627,4224 3682,4222 3736,4218 3790,4216 3845,4214 3899,4210 3954,4208 4008,4205 4062,4202 4117,4200 4171,4196 4226,4194"/>
                <TextEquiv>
                    <Unicode>gmeind einen fusfahl zuthun</Unicode>
                </TextEquiv>
            </TextLine>
            <TextLine id="r2l32" custom="readingOrder {index:31;}">
                <Coords points="3187,4393 3508,4389 3578,4443 3843,4372 4446,4359 4512,4403 4629,4366 4628,4278 4509,4317 4292,4264 3896,4270 3777,4331 3602,4282 3324,4325 3185,4275"/>
                <Baseline points="3198,4368 3269,4373 3340,4376 3411,4378 3482,4378 3553,4378 3624,4378 3695,4376 3766,4374 3837,4372 3908,4370 3979,4367 4050,4364 4121,4362 4192,4360 4263,4358 4334,4356 4405,4356 4476,4356 4547,4356 4618,4356"/>
                <TextEquiv>
                    <Unicode>So vil den eid ires bösen Bundts belanget,</Unicode>
                </TextEquiv>
            </TextLine>
            <TextLine id="r2l33" custom="readingOrder {index:32;}">
                <Coords points="3197,4488 3740,4488 3787,4448 4228,4511 4298,4458 4346,4494 4633,4457 4631,4370 3854,4426 3719,4386 3578,4443 3195,4411"/>
                <Baseline points="3206,4466 3276,4468 3347,4468 3418,4468 3489,4466 3560,4466 3630,4464 3701,4462 3772,4460 3843,4459 3914,4456 3984,4454 4055,4452 4126,4450 4197,4446 4268,4444 4338,4442 4409,4440 4480,4438 4551,4435 4622,4434"/>
                <TextEquiv>
                    <Unicode>habe er denselb nit geschworen, und hiemit</Unicode>
                </TextEquiv>
            </TextLine>
            <TextLine id="r2l34" custom="readingOrder {index:33;}">
                <Coords points="3225,4584 3716,4553 4024,4600 4347,4535 4423,4574 4571,4536 4569,4469 3922,4513 3786,4448 3721,4508 3646,4467 3589,4524 3504,4483 3439,4526 3370,4479 3222,4494"/>
                <Baseline points="3234,4554 3300,4554 3366,4554 3432,4554 3499,4553 3565,4552 3631,4550 3698,4549 3764,4548 3830,4546 3897,4544 3963,4542 4029,4540 4095,4538 4162,4536 4228,4533 4294,4531 4361,4529 4427,4528 4493,4526 4560,4524"/>
                <TextEquiv>
                    <Unicode>disen bund weider boß noch gutt ge¬</Unicode>
                </TextEquiv>
            </TextLine>
            <TextLine id="r2l35" custom="readingOrder {index:34;}">
                <Coords points="3680,4672 3783,4655 3822,4675 3894,4632 3960,4674 4020,4648 4133,4672 4235,4618 4471,4643 4470,4576 4415,4584 4361,4548 4153,4598 4077,4561 4017,4601 3856,4570 3806,4600 3732,4557 3677,4575"/>
                <Baseline points="3688,4632 3726,4630 3765,4628 3803,4628 3842,4626 3881,4626 3919,4626 3958,4626 3996,4625 4035,4624 4074,4624 4112,4624 4151,4622 4189,4622 4228,4620 4267,4620 4305,4618 4344,4616 4382,4614 4421,4611 4460,4608"/>
                <TextEquiv>
                    <Unicode>Londern als er an der</Unicode>
                </TextEquiv>
            </TextLine>
            <TextLine id="r2l36" custom="readingOrder {index:35;}">
                <Coords points="3207,4690 3220,4690 3260,4649 3286,4661 3317,4651 3333,4665 3355,4651 3421,4697 3457,4668 3504,4651 3503,4596 3456,4570 3412,4585 3365,4571 3310,4594 3273,4568 3207,4593"/>
                <Baseline points="3218,4646 3243,4644 3268,4641 3293,4639 3318,4638 3343,4638 3368,4638 3393,4639 3418,4640 3443,4640 3468,4641 3494,4642"/>
                <TextEquiv>
                    <Unicode>heißen,</Unicode>
                </TextEquiv>
            </TextLine>
            <TextLine id="r2l37" custom="readingOrder {index:36;} organization {offset:0; length:7;} place {offset:16; length:6;}">
                <Coords points="3213,4756 4300,4749 4520,4698 4642,4770 4659,4631 3804,4683 3514,4622 3431,4699 3318,4650 3211,4689"/>
                <Baseline points="3222,4724 3293,4726 3364,4726 3436,4726 3507,4726 3579,4726 3650,4724 3721,4723 3793,4722 3864,4720 3936,4718 4007,4715 4078,4712 4150,4710 4221,4707 4293,4704 4364,4701 4435,4698 4507,4695 4578,4692 4650,4690"/>
                <TextEquiv>
                    <Unicode>Gemeind vff der Mutten abgelesen worden,</Unicode>
                </TextEquiv>
            </TextLine>
            <TextLine id="r2l38" custom="readingOrder {index:37;}">
                <Coords points="3219,4820 4592,4800 4589,4718 4511,4753 4443,4706 3938,4766 3718,4727 3577,4780 3217,4753"/>
                <Baseline points="3228,4808 3295,4808 3363,4808 3430,4808 3498,4808 3566,4808 3633,4806 3701,4805 3768,4804 3836,4802 3904,4799 3971,4798 4039,4794 4106,4792 4174,4790 4241,4788 4309,4785 4377,4782 4444,4780 4512,4778 4580,4776"/>
                <TextEquiv>
                    <Unicode>vnd andere darzu geschworen, habe er</Unicode>
                </TextEquiv>
            </TextLine>
            <TextLine id="r2l39" custom="readingOrder {index:38;}">
                <Coords points="3207,4913 4099,4918 4582,4882 4600,4813 3729,4850 3679,4812 3565,4865 3204,4832"/>
                <Baseline points="3216,4890 3284,4890 3353,4892 3422,4892 3490,4892 3559,4890 3628,4890 3696,4890 3765,4888 3834,4886 3903,4884 3971,4882 4040,4880 4109,4878 4177,4875 4246,4872 4315,4867 4383,4864 4452,4860 4521,4856 4590,4850"/>
                <TextEquiv>
                    <Unicode>sich daruon trayt, gleichwol aber wie</Unicode>
                </TextEquiv>
            </TextLine>
            <TextLine id="r2l40" custom="readingOrder {index:39;}">
                <Coords points="3217,4991 3543,4981 3638,5023 3791,4962 3867,5015 4035,4968 4541,4957 4539,4900 4417,4895 4182,4930 4039,4891 3961,4929 3901,4888 3569,4952 3532,4918 3215,4930"/>
                <Baseline points="3226,4976 3291,4976 3356,4976 3421,4976 3486,4976 3552,4976 3617,4974 3682,4974 3747,4972 3812,4972 3878,4970 3943,4968 4008,4966 4073,4964 4138,4962 4204,4958 4269,4956 4334,4952 4399,4950 4464,4946 4530,4942"/>
                <TextEquiv>
                    <Unicode>andere die hand ufgehaben und vor den</Unicode>
                </TextEquiv>
            </TextLine>
            <TextLine id="r2l41" custom="readingOrder {index:40;}">
                <Coords points="3197,5076 3375,5066 3437,5115 3574,5057 3703,5103 3856,5054 3935,5099 4078,5049 4286,5084 4579,5041 4580,4980 4254,5006 4126,4962 3868,5015 3688,4981 3638,5023 3542,4981 3394,5021 3194,4985"/>
                <Baseline points="3206,5066 3274,5064 3342,5060 3410,5059 3478,5058 3547,5056 3615,5054 3683,5054 3751,5052 3819,5052 3888,5050 3956,5050 4024,5048 4092,5046 4160,5044 4229,5042 4297,5040 4365,5037 4433,5034 4501,5030 4570,5026"/>
                <TextEquiv>
                    <Unicode>bawren derglych than, als wan er den</Unicode>
                </TextEquiv>
            </TextLine>
            <TextLine id="r2l42" custom="readingOrder {index:41;}">
                <Coords points="3219,5184 3267,5152 3399,5153 3501,5215 3623,5149 3688,5147 3870,5179 3917,5141 4041,5147 4039,5074 3934,5100 3825,5048 3772,5102 3660,5107 3590,5077 3447,5115 3216,5075"/>
                <Baseline points="3228,5152 3268,5150 3308,5148 3348,5146 3388,5146 3428,5144 3468,5144 3508,5144 3548,5142 3588,5142 3629,5142 3669,5140 3709,5140 3749,5138 3789,5138 3829,5136 3869,5134 3909,5132 3949,5130 3989,5128 4030,5124"/>
                <TextEquiv>
                    <Unicode>selben auch schweren thate.</Unicode>
                </TextEquiv>
            </TextLine>
            <TextLine id="r2l43" custom="readingOrder {index:42;}">
                <Coords points="3189,5357 3959,5289 4024,5345 4533,5260 4679,5298 4674,5189 4390,5154 4313,5200 4156,5148 3866,5254 3377,5231 3186,5286"/>
                <Baseline points="3198,5314 3271,5312 3344,5310 3418,5308 3491,5304 3565,5302 3638,5299 3711,5296 3785,5293 3858,5290 3932,5287 4005,5284 4078,5280 4152,5278 4225,5274 4299,5270 4372,5266 4445,5263 4519,5258 4592,5255 4666,5250"/>
                <TextEquiv>
                    <Unicode>etstlichen dan hatt er die ursach seines abtritt</Unicode>
                </TextEquiv>
            </TextLine>
            <TextLine id="r2l44" custom="readingOrder {index:43;}">
                <Coords points="3218,5413 4503,5363 4561,5338 4557,5265 4390,5310 4218,5282 4121,5332 3822,5293 3666,5348 3589,5315 3215,5361"/>
                <Baseline points="3228,5400 3294,5398 3360,5394 3426,5392 3492,5389 3558,5386 3624,5383 3690,5380 3756,5377 3822,5374 3889,5370 3955,5367 4021,5363 4087,5360 4153,5356 4219,5353 4285,5348 4351,5344 4417,5340 4483,5336 4550,5332"/>
                <TextEquiv>
                    <Unicode>also vermeldet, Nachdem er vernommen, daß</Unicode>
                </TextEquiv>
            </TextLine>
            <TextLine id="r2l45" custom="readingOrder {index:44;} person {offset:8; length:6;}">
                <Coords points="3222,5536 3318,5541 3374,5482 3538,5512 3597,5464 3847,5493 3982,5434 4128,5473 4672,5418 4668,5345 4560,5328 4435,5386 4321,5348 4039,5413 3974,5375 3216,5426"/>
                <Baseline points="3230,5478 3301,5476 3373,5473 3444,5470 3516,5466 3588,5464 3659,5460 3731,5457 3802,5454 3874,5450 3946,5446 4017,5442 4089,5438 4160,5434 4232,5429 4304,5424 4375,5419 4447,5414 4518,5409 4590,5402 4662,5396"/>
                <TextEquiv>
                    <Unicode>mhh züg herber mit seinem völikeren albereit</Unicode>
                </TextEquiv>
            </TextLine>
            <TextLine id="r2l46" custom="readingOrder {index:45;} place {offset:3; length:10;}">
                <Coords points="3209,5602 3321,5559 3415,5607 3494,5563 4147,5559 4208,5516 4417,5547 4605,5493 4602,5440 4549,5433 4068,5494 3986,5433 3900,5509 3597,5464 3538,5512 3376,5483 3322,5539 3206,5533"/>
                <Baseline points="3218,5556 3286,5556 3355,5554 3424,5554 3493,5552 3562,5550 3630,5548 3699,5546 3768,5543 3837,5540 3906,5537 3974,5533 4043,5530 4112,5526 4181,5521 4250,5515 4318,5510 4387,5504 4456,5498 4525,5490 4594,5482"/>
                <TextEquiv>
                    <Unicode>zu Lützel flu, auch willens sye nach signaw</Unicode>
                </TextEquiv>
            </TextLine>
            <TextLine id="r2l47" custom="readingOrder {index:46;}">
                <Coords points="3223,5689 3296,5644 4061,5612 4141,5656 4332,5589 4416,5619 4596,5577 4591,5492 4259,5561 4215,5527 3781,5596 3602,5558 3497,5604 3218,5598"/>
                <Baseline points="3230,5640 3297,5640 3365,5640 3433,5640 3501,5638 3569,5636 3636,5633 3704,5630 3772,5626 3840,5624 3908,5619 3975,5614 4043,5609 4111,5604 4179,5598 4247,5592 4314,5587 4382,5581 4450,5575 4518,5568 4586,5562"/>
                <TextEquiv>
                    <Unicode>zn marschieren, die huldigung daselbst</Unicode>
                </TextEquiv>
            </TextLine>
            <TextLine id="r2l48" custom="readingOrder {index:47;}">
                <Coords points="3216,5779 3355,5725 3668,5753 3803,5701 4529,5685 4578,5661 4573,5568 4140,5656 4071,5613 3808,5671 3297,5643 3210,5683"/>
                <Baseline points="3222,5726 3289,5724 3356,5723 3423,5722 3490,5718 3558,5716 3625,5714 3692,5710 3759,5706 3826,5703 3894,5699 3961,5695 4028,5689 4095,5684 4162,5680 4230,5674 4297,5668 4364,5662 4431,5656 4498,5650 4566,5642"/>
                <TextEquiv>
                    <Unicode>ufzunemmen, habe er uß forcht, daß etliche</Unicode>
                </TextEquiv>
            </TextLine>
            <TextLine id="r2l49" custom="readingOrder {index:48;}">
                <Coords points="3215,5843 3587,5795 3736,5836 3976,5773 4637,5728 4633,5669 4565,5661 4055,5735 3816,5700 3729,5757 3281,5735 3211,5778"/>
                <Baseline points="3222,5804 3292,5804 3362,5802 3432,5800 3502,5796 3573,5794 3643,5790 3713,5786 3783,5782 3853,5777 3924,5772 3994,5767 4064,5761 4134,5756 4204,5750 4275,5744 4345,5738 4415,5731 4485,5726 4555,5719 4626,5712"/>
                <TextEquiv>
                    <Unicode>seiner mißgonstigen inne hefftiger, das er ver</Unicode>
                </TextEquiv>
            </TextLine>
            <TextLine id="r2l50" custom="readingOrder {index:49;}">
                <Coords points="3210,5977 3333,5899 3559,5933 3920,5879 3967,5917 4034,5861 4113,5885 4264,5830 4395,5870 4627,5832 4654,5721 4133,5814 3552,5803 3202,5857"/>
                <Baseline points="3214,5894 3285,5892 3357,5890 3429,5888 3501,5886 3573,5882 3644,5878 3716,5873 3788,5869 3860,5863 3932,5858 4003,5853 4075,5847 4147,5842 4219,5836 4291,5830 4362,5826 4434,5820 4506,5816 4578,5811 4650,5806"/>
                <TextEquiv>
                    <Unicode>schuldet, verklagen und man deßwegen uff</Unicode>
                </TextEquiv>
            </TextLine>
            <TextEquiv>
                <Unicode>i
73.
6
Hans schafft
hieuorgenant
Derselbig hatt den 3. decembr 1653.
Verners verzecht.
daß er mit hilff anderen, dem herren vogt zu
dignaw, das Reißgelt ußem schloß
geforderet, uß sorg es seye daselbsten
nit wol verwahrt und mit bschlüßigen
ghalten versechen,
Doch habe er
damahlen zum herren vogt gsagt, im fahl
er inen gutt für das Reißgelt sein wolle
möge ers wol behalten,  vogt aber
habe es volgents guttwillig hinuß geben
So habe er auch den Schmid von dignaw,
in der Zeit, da Inen die Huldigung ange¬
gmuthet worden, als den 21. maii befelchnen
helffen nacher dan flu zu gehen umb
daselbsten zuvernemen, was der
Ewrenberger begert vnd Ime befelch
welle.
Gbei der letsten gmeind so bei dignaw
vff der Ramsey weid gehalten worden,
seye er auch gewesen, sich aber vff der
jenigen sythen begeben, sonder oberkeit
schuldigen wollen, so wyth, daß er auch
sich anerbotten, den Oberkeit, Innamen der
gmeind einen fusfahl zuthun
So vil den eid ires bösen Bundts belanget,
habe er denselb nit geschworen, und hiemit
disen bund weider boß noch gutt ge¬
Londern als er an der
heißen,
Gemeind vff der Mutten abgelesen worden,
vnd andere darzu geschworen, habe er
sich daruon trayt, gleichwol aber wie
andere die hand ufgehaben und vor den
bawren derglych than, als wan er den
selben auch schweren thate.
etstlichen dan hatt er die ursach seines abtritt
also vermeldet, Nachdem er vernommen, daß
mhh züg herber mit seinem völikeren albereit
zu Lützel flu, auch willens sye nach signaw
zn marschieren, die huldigung daselbst
ufzunemmen, habe er uß forcht, daß etliche
seiner mißgonstigen inne hefftiger, das er ver
schuldet, verklagen und man deßwegen uff</Unicode>
            </TextEquiv>
        </TextRegion>
        <TextRegion orientation="0.0" id="r3" custom="readingOrder {index:2;}">
            <Coords points="4736,5648 4736,5802 4776,5802 4776,5648"/>
            <TextLine id="r3l1" custom="readingOrder {index:0;}">
                <Coords points="4729,5779 4739,5778 4767,5748 4775,5753 4787,5752 4775,5629 4765,5630 4759,5635 4753,5631 4749,5636 4741,5637 4724,5630 4714,5631"/>
                <Baseline points="4736,5752 4776,5748"/>
                <TextEquiv>
                    <Unicode>i</Unicode>
                </TextEquiv>
            </TextLine>
            <TextEquiv>
                <Unicode>i</Unicode>
            </TextEquiv>
        </TextRegion>
    </Page>
</PcGts>
