5472 7296
599 1376 870 1505 140
632 1530 838 1639 22
635 2234 757 2316 23.
675 3904 788 4010 25
637 4463 804 4622 26.
633 5290 789 5436 27.
613 5615 773 5737 28.
693 2932 823 3095 24.
987 1402 2430 1633 Won 5 Jahren, vnd seidt hero seye er zum
1024 1576 2484 1740 deitenmal in die Muli Brunbachen nechtlicher
1069 1667 2349 1841 wyl yngebrochen und darus jedes mols
1066 1785 2408 1945 ein halben mit mal genommen und daßelbige
1054 1874 2033 2080 in seiner hushaltung verbrucht.
1021 2133 2442 2371 Item vor verschinnen bstagen einem Jahr
1047 2306 2472 2493 seye er neben dem Wendelboum in die brunnen
1062 2384 2386 2578 Meli im Laupbach hinyngeschloffen und
1032 2510 2471 2664 nüt mol widerumb darus getragen,
1062 2603 2462 2801 so durch imme und die synigen verbrucht worden.
988 2878 2376 3079 Ebenmeßig vor einen jahr, seye er in
1047 3015 2332 3155 deß Daniel wengers undere Mili
1040 3101 2365 3275 zu Gambach nachts yngebrochen, und
1033 3218 2410 3377 darus 4 mas nöl 4 mäs Dinkel
1049 3314 2360 3502 und 2 mäs kornen entragen, hernach
1059 3432 2464 3600 daßselbige in der hushaltung verbricht,
954 3739 2358 3945 Zugleich seye er in die mitlere mülli
1022 3871 2350 4040 zu Gambach vor einem jahr gebrochen
1042 3975 2412 4133 und darus 4 mas mulekorn, 6 mas
995 4103 2451 4277 Dickel und 2 mäs wyßes mal genommen,
1062 4208 2427 4398 und in seiner hushaltung angewendt.
957 4489 2383 4691 zu underschidenlichen jahren seie er Hansen
1029 4619 2254 4813 Nydegger den langen zu Nider Eichen
1054 4727 2390 4917 ins sein spycher oben zu dem nach hingen
1040 4852 2383 5035 gestigen und nachts darus genomen.
1007 4965 2391 5149 zum ersten mal 7 leiben brot 2 mas
1025 5101 1308 5257 kaggen.
966 5286 2464 5525 Zum anderen mal 2 mas dinkel 2 leiben
929 5417 1848 5593 brot und 1 mas kirsen.
963 5631 2184 5830 Zum driten 2 mäs ryterkorn.
2797 1586 2949 1738 29.
2780 2044 2918 2147 30.
2791 2698 2912 2796 31.
2762 3085 2910 3191 32.
2761 3883 2907 4006 33.
2749 4560 2896 4702 34.
2766 5231 2912 5375 35
4381 1426 4597 1555 241
3145 1518 4543 1723 und zum vierdten mal 5 leiben brot und
3165 1660 4520 1836 2. mas Dinkel, so auch im sein hushaltung
3161 1738 3786 1887 verbrucht worden.
3113 1962 4560 2164 vor 8 Jahren habe er Peter Vieler Nachts
3170 2086 4551 2290 aber der louben 30 strangen garn genommen,
3169 2187 4602 2386 weliche sein erste fr sei zu Fryburg verkofft
3153 2279 3330 2431 habe.
3052 2576 4574 2767 Denne vor 1 jahren habe er Hanß Binggeli im
3158 2681 4433 2871 Oberdorff 30 strangen garn entwendt
3152 2766 4312 2981 die sey fr sei zu Fryburg verkaufft.
3109 2997 4454 3262 Berscheinen herbsts habe er Hanßen husler
3172 3159 4643 3341 an der hochstett ein Vierteil von einen Bachen
3130 3254 4647 3473 Schwynges fleisch, ein kübli mit anken und ein
3155 3398 4681 3598 unscheid nechtlicher weil genommen und daßelbige
3165 3524 3443 3713 genoßen.
3106 3761 4655 4001 Bor 8 jahren habe er Jacob Lätscher zu Steinen
3139 3921 4611 4101 brunnen vor den Fensteren ab einer stangen
3123 4057 4587 4239 30 strangen garn genommen, welche sein er sei
3107 4144 3867 4350 zu Fryburg verkauffen.
3061 4441 4637 4671 Sund vor zweyen Jahren zu Gampach seye er
3171 4600 4656 4786 in die obere mule gebrach und darus unge-
3134 4704 4647 4922 fahr 5 mas mal entfroüldet, so er mit
3168 4832 4132 5037 seiner jetzigen hufel genoßen.
3090 5136 4608 5373 Item vor zweyen jahren im herbst seye er
3133 5254 4647 5493 Rudolff samergens nechtlicher wyl in sein gaden
3151 5395 4492 5621 gebrachen und 4 Bälleli Feüschen zuken
3124 5479 4666 5727 darus genommen, selbige hernach zu Fryburg
3127 5661 3558 5880 vorkauff
