5472 7296
706 1469 925 1675 44.
768 2264 1041 2400 gethanen
1067 1552 2532 1807 Wider weliche voranzogne, Ime Lewen¬
1171 1672 2559 1897 berger vorgelesne Schreiben, nit reden
1169 1784 2471 1989 können, sondern bekantlich worden,
1171 1864 2429 2072 daß erselbige vor der abferggung
1182 1948 2539 2140 entweders selbsten gelesen, oder hören
1187 2053 2476 2260 lesen, vnd vmb die darin vermelten
1162 2140 2437 2337 puncten, begeren, resolutionen, be¬
1166 2238 2547 2439 tröwungen, protestationen vnd was
1052 2290 1164 2442 1
1177 2340 2403 2528 dergleichen, die umbfrag gehalten
1184 2416 2490 2638 und gemehret, und nach dem das mehr
1191 2528 2491 2705 worden, volgendts vbesiglet, und
1180 2633 2614 2820 verfertiget, hiemit also guttgeheißen,
1156 2758 2071 2936 und imme gefallen laßen.
1160 2935 2534 3135 So haben Hans Mögli Amman zu Nehmen,
1163 3091 2438 3215 Gendicht Murer vnd Hans Stetler
1189 3174 2361 3321 von Stetlen, Daūid Witschi den
1112 3259 2460 3417 Amman und Bendicht siniger von
1193 3352 2471 3516 utzingen, item michel Augspurger von
1184 3443 2466 3625 Zinning bei Iren gutten truwen
1184 3544 2403 3715 züget, daß nach dem zuen
1196 3653 2499 3821 von inghen und oberen ein gwüßes
1201 3750 2499 3877 mantat zuhanden kommen, darein
1166 3850 2516 4021 hochgedacht ir guten sich gentzlich er
1162 3946 2578 4125 klärt, wie sie den lieben friden begernet
1191 4065 2573 4205 vnd durch allerley mittel zufurderen
1184 4151 2561 4312 vnderstandent, habe erstgenenter
1174 4250 2505 4423 Amte Jogli selbiges mandat dem
1154 4358 2453 4524 Lewenberger Im villerich, vnfehr
1186 4466 2518 4577 vom Sali überlifferet, daruff aber
1177 4551 2489 4736 von im zur antwort bekommen,
1150 4658 2440 4810 selbiges schreib luthe nur an die
1159 4745 2458 4931 linden, söliche schreiben seyen rev
1185 4842 2542 5011 erlagen und gehörint in die heimlich
1179 4953 2503 5110 gemacht sampt anderen trotzigen
1174 5048 2594 5214 worten mehr. Welicher worten
1187 5142 2475 5301 er Lewenberg sich nit hatt er seinen
1217 5243 2448 5384 wöllen, doch aber denn, was von
1155 5321 2586 5495 ime züget worden, glaube zugesetzt,
1151 5413 2070 5596 und nit laugnen können.
747 5531 2497 5721 Vnd diewylen er Lewenberg in jez angehörten vilfaltigen
756 5656 2536 5792 Mißhandlungen, als ein haupt und führer aller rebellanten,
741 5732 2512 5855 dem natürliche von Gott eingesetzte oberkeit im höchst
746 5814 2477 5948 grad beleidiget, auch zu allen mitlen verholffen, dieselbige
785 5880 2494 6020 ußzurütten. Als haben mahl räth und Burger
778 5965 2544 6105 eidt, damit diß gröwliche laster der verflucht
795 6037 2585 6184 Rebellion anderen zum exempel gestrafft, by irem Eid
773 6112 2613 6258 zu recht erkent und gesprochen, daß er den nachrichten an
784 6189 2634 6334 befolchen, der Inne unden uß vffgewonliche Richtstatt fuhren,
778 6268 2614 6425 Ime daselbst mit dem schwart das haupt abschlachen, daßelbige
774 6322 2653 6516 mit dem schandtlichen zu Guttwyl ufgericht und brieff an gangen
777 6418 2646 6597 hefften, den lyb aber in verstucken und theill zerhowen und
775 6505 2692 6694 an allen verhauptstraßen ufhencken und hiemit nach diser lobligen
731 6570 2302 6760 Stattern rechten vom leben zum tod hinrichten sölle.
854 6635 1686 6768 Ist erstatte 17. aug selb
2750 3877 3245 4035 und den 29. besagtt
2797 4008 3253 4108 monats mit der
4566 1438 4784 1598 23.
3258 1441 4512 1749 Hans Kunrad Bronner
3247 1811 4665 2023 Nach dem Hans Conrad Brönner
3339 1965 4705 2107 von Gritzingen, in der Herschafft Baden,
3337 2049 4605 2197 Wyler und Margraffschafft Baden,
3325 2145 4667 2295 nun mehr aber by 40 jahren in inghen.
3341 2220 4584 2365 vnd Oberen Landen vnd gmeinlich zu
3334 2323 4633 2467 ünsingen wonhafft, wegen seinen,
3324 2406 4580 2553 in diser letsten ufruhr vnd rebellion
3311 2498 4527 2666 verfertiget Schreiben, vnd anderen
3335 2605 4588 2758 zwüßens berürt mißhandlungen
3325 2682 4658 2870 sich ir genen land gensteret und in sein
3323 2792 4662 2974 hennat begeben, vnd daselbsten vff
3336 2892 4696 3073 empfangenen bericht seines verhaltens,
3349 3006 4629 3174 gfengklich eingesetzt, auch volgents
3342 3105 4599 3279 hochgedacht ir gut zugeschickt.
3321 3222 4681 3398 Ist derselbig den 19. Aug. 1613. durch
3343 3338 4645 3509 nchhl. verordnete Examinatores fals
3293 3426 4695 3602 Ih Lannd Müller herren Samuel Hußer des
3351 3539 4710 3690 kleinen: 1. Joh Frantz von Wettenweil,
3324 3643 4744 3739 Herrn Hans Ludwig lieber, herren vogt Keller
3349 3701 4746 3849 vnd H. Simon Nöttinger ernstwortig
3355 3797 4813 3960 auch folgents den 21. dito by betrörter.
3339 3899 4740 4038 Merter examinirt worden. Der
3305 3983 4373 4150 hatt bekent wie volget.
3361 4101 4726 4297 Daß als vor der H. Oesterlichen Zeit
3342 4221 4713 4411 etlicher articklen halb, so die Landtlich
3346 4320 4763 4508 Vfzusetzen willens gewesen, ein Landts¬
3355 4404 4734 4596 gemeind zu Conclfingen gehalten, gege
3354 4513 4732 4694 er von etlichen ußgeschoßnen nachts, da
3361 4603 4771 4771 er albereit in der ruw gelegt, auch dahin
3350 4727 4789 4906 beruffen, vnd vff gethanes weigeren
3367 4823 4715 4984 mit etlich trowwort entlich mit Inen
3337 4874 4806 5118 zugehen bewegt worden, allwo sy
3357 5013 4722 5209 angefangen, inne zu irem Schreiber
4248 5115 4816 5287 Vnd wylen man
3350 5170 3871 5322 Zūgebrauchen
3355 5215 4744 5415 Domahlen der articklen nit habe können
3357 5322 4743 5482 eis werden, heignit die Landtlich
3364 5411 4741 5594 ein andere Landtsgmeind zu denow
3356 5520 4825 5705 angesechen, da er abermahlen zu den
3346 5636 4679 5820 Articklen Ir Schreiber sein müßen.
3402 5709 4845 5919 Ußert welich beiden Landtsgmeinden erkenne
3383 5826 4868 6006 andere, als die zu Guttwyl vnd Langenthal
3365 5907 4882 6093 besucht, vnd also by demnesten Bundtschweren
3386 6035 4499 6223 zu Sumißwald nit gewesen.
