5472 7296
656 1466 887 1599 238
896 1598 2706 1847 weliche von Herzogenbuchs und ihrer handtwerun
885 1711 2640 1955 auch eines Cre Schinders dochter, auf ein
892 1860 2580 2047 newes in gemeinschafft eingelaßen, vndt
891 1993 2611 2162 dieselbige seines gefallens nußbrucht,
824 2084 2693 2325 Item, ob solte er drinnen zu Trachselwaldt,
897 2219 2597 2427 oder selbiger erden, einem geweßen
891 2341 2596 2515 puren oder Landtman, ein khu verderbt
881 2448 2598 2670 haben, ernstwortig examiniert worden,
850 2582 2622 2781 Weilen er aber weder den ersten anderen
918 2703 2558 2926 noch driten punckten nicht bekennen
908 2815 2617 2988 wolte, man auch derentwegenn komen
909 2956 2627 3156 grundtlichen bericht, noch beweißthumb
907 3082 2655 3298 haben köndte, als ist er uff erlag keffen.
904 3208 2577 3428 Costens, vnd Leistung einer glicht, daß
917 3349 2577 3545 er die gefangenschafft an niemands
943 3458 2533 3660 rechen wolle, derselbigen erlaßen
952 3577 2558 3760 worden. Actum 20 vorstehenden
941 3671 1848 3893 monats und Jars.
1026 4126 2445 4361 Christen (sonst seines herkommens
1058 4290 2530 4448 ein sund, vnd dann seiner begangen
1040 4398 2608 4580 schafft, oder handthierung ein wergen¬
1040 4548 2521 4706 graber) welcher nachdem er in der
1044 4636 2536 4838 Kilchöri Herzogenbueßi erbohren und
1595 4750 1734 4829 lost
1748 4762 1792 4841 3
1064 4755 2626 4958 alda In Ir g. als ein Enndl aūfer¬
1061 4857 2622 5093 zogen worden, sich ein gereume Zeit,
1024 5007 2601 5194 Insonderheit jetz letstlich bei Klaus
1049 5134 2630 5323 Haldiman auf der Furen in der Kilch¬
1037 5250 2601 5410 Höri Lauppersweil der landtvogtey
1034 5361 2634 5585 Trachselwaldt, vnd selbiger gegen
1075 5504 2602 5684 mit grab- und umbhertragung der
1048 5621 2261 5827 Wurtzen, aufenthalten etc.
836 5717 2508 5962 Ist in dem verdacht, ob solte er mit
918 5861 2609 6097 den Entlebucheren, als vnserem seind, ein
905 6002 2559 6209 geweßen gehenne verstandtnus gehabt,
927 6144 2516 6346 vnd denselbigen das eint vnd ander
2276 6278 2506 6437 zen
2839 5326 2965 5498 re.
4495 1588 4689 1755 239
2964 1636 4561 1914 zum Schaden vnd nachtheil der vnserigen
3001 1795 4599 1997 zugetragen vnd geoffenbaret haben.
3023 1930 4568 2131 Von dem hr. landtvogt von Trachsel¬
3067 2043 4605 2280 waldt gefencklich alhar geschickt,
3033 2174 4584 2372 Weilen er aber, vngeacht zweyer, durch
3035 2296 4669 2489 hievor wolermelte herren, H Carolum von
3036 2417 4718 2604 Bonstenden, vnd Herren von Gertensee, wider
4120 2521 4605 2641 erust wortigen
3047 2542 4620 2741 ihne derentwegen angestelten, examen
3062 2684 4693 2878 nichts dergleichen bekennen wollen, mit
3046 2797 4735 2998 vermelden, so fehr seye es, daß er sich ver¬
3058 2921 4721 3144 schinnen herpst nimalen im Entlibuch ge¬
3067 3058 4714 3267 wesen, weniger mit ihnen einehe ge¬
3068 3169 4793 3392 meinschafft, es seye mit worten oder
3047 3293 4643 3516 wercken, In disem Vnwesen, inmalen
3045 3438 4744 3644 gehabt, sonder Jederweilen seiner hand¬
3058 3543 4704 3777 thierung nachgangen. Als ist er aus
3074 3680 4770 3884 mal der Kriegs-Röchten beuetzt, auf ab¬
3058 3798 4699 4009 trag Kessi Costen vnd leistung einer
3049 3934 4779 4131 glucht, die gefangenschafft an niemand
3011 4037 4795 4280 Pūrechen, ledig gelaßen worden. Actur
3026 4190 3838 4392 1. martii 1686.
3030 4707 4703 4961 Hans Keßler von Rycksen außem oberen
3091 4875 4731 5059 Hundgauw, ist umb daß er seinen alhar ge
3058 4960 4768 5192 fuerten Elsaßar wein, drußen bim Newhaus,
3047 5097 4797 5268 vor 8 Tagen, nachts, durch mitel eines auch der
3028 5205 4796 5395 Kuntz genommen vnreinen geschwis, namlich eines
3026 5300 4771 5513 Nacht-kübels mit ungefahrlich 4 maßen waßer
3022 5431 4764 5589 zugefült vnnd vfelsche, gefencklich eingezogen,
3037 5530 4710 5724 und darüber den 3. martii 1656 durch iren großw
3051 5619 4741 5828 von Luternauw, in bei syn sr holtzers exemmiert,
3049 5717 4741 5915 welicher dann der that, nach langem vneren, endt¬
3051 5802 4703 5997 lich bekandtlich worden, Jedoch mit vermelden vndt
3010 5904 4750 6115 hochem bethaneren, daß er anfangs nicht gewuste,
3028 5984 4771 6192 daß der Kübel ein nacht geschier seye, sonder ver¬
3045 6140 4678 6358 meinte es seye ein Melch verbell, weilen er
4418 6207 4638 6311 aber
