<?xml version="1.0" encoding="UTF-8" standalone="yes"?>
<PcGts xmlns="http://schema.primaresearch.org/PAGE/gts/pagecontent/2013-07-15" xmlns:xsi="http://www.w3.org/2001/XMLSchema-instance" xsi:schemaLocation="http://schema.primaresearch.org/PAGE/gts/pagecontent/2013-07-15 http://schema.primaresearch.org/PAGE/gts/pagecontent/2013-07-15/pagecontent.xsd">
    <Metadata>
        <Creator>prov=University of Rostock/Institute of Mathematics/CITlab|PLANET AI GmbH/Gundram Leifert/gundram.leifert@planet-ai.de:name=German_Kurrent_XVI-XVIII_M1(htr_id=19584)::::v=2.6.6
prov=University of Rostock/Institute of Mathematics/CITlab|PLANET AI GmbH/Tobias Gruening/tobias.gruening@planet-ai.de:name=de.uros.citlab.module.baseline2polygon.B2PSeamMultiOriented:v=2.6.6
prov=University of Rostock/Institute of Mathematics/CITlab|PLANET AI GmbH/Tobias Gruening/tobias.gruening@planet-ai.de:name=/net_tf/LA73_249_0mod360.pb:de.uros.citlab.segmentation.CITlab_LA_ML:v=2.6.6
Transkribus</Creator>
        <Created>2020-10-05T15:04:02.767+02:00</Created>
        <LastChange>2022-09-09T16:01:41.417+02:00</LastChange>
        <TranskribusMetadata docId="1334831" pageId="52361364" pageNr="97" tsid="114643143" status="IN_PROGRESS" userId="9570" imgUrl="https://files.transkribus.eu/Get?id=MMMROGJXBLEARABHHIYWSGJF&amp;fileType=view" xmlUrl="https://files.transkribus.eu/Get?id=HSEZZVZFTHQXJAMSVYPQMFUR" imageId="16067366"/>
    </Metadata>
    <Page imageFilename="Turmbuch_StAB B IX 476_00097-20200925_083943.jpg" imageWidth="5472" imageHeight="7296">
        <ReadingOrder>
            <OrderedGroup id="ro_1687513723966" caption="Regions reading order">
                <RegionRefIndexed index="0" regionRef="r1"/>
                <RegionRefIndexed index="1" regionRef="r2"/>
                <RegionRefIndexed index="2" regionRef="r3"/>
            </OrderedGroup>
        </ReadingOrder>
        <TextRegion orientation="0.0" id="r1" custom="readingOrder {index:0;}">
            <Coords points="726,1390 726,1552 890,1552 890,1390"/>
            <TextLine id="r1l1" custom="readingOrder {index:0;}">
                <Coords points="718,1529 736,1524 760,1530 779,1510 812,1522 831,1506 849,1511 864,1493 900,1491 893,1399 851,1400 843,1407 822,1398 787,1411 752,1398 737,1411 709,1413"/>
                <Baseline points="726,1502 753,1499 780,1497 808,1494 835,1492 862,1490 890,1490"/>
                <TextEquiv>
                    <Unicode>188.</Unicode>
                </TextEquiv>
            </TextLine>
            <TextEquiv>
                <Unicode>188.</Unicode>
            </TextEquiv>
        </TextRegion>
        <TextRegion orientation="0.0" id="r2" custom="readingOrder {index:1;}">
            <Coords points="1166,1531 1166,5890 2648,5890 2648,1531"/>
            <TextLine id="r2l1" custom="readingOrder {index:0;}">
                <Coords points="1237,1585 1558,1641 1708,1568 1894,1574 1975,1630 2203,1573 2606,1654 2651,1549 2485,1497 2394,1557 2294,1547 2186,1448 2003,1464 1899,1534 1677,1437 1429,1499 1239,1471"/>
                <Baseline points="1246,1584 1315,1582 1385,1580 1454,1578 1524,1577 1594,1574 1663,1574 1733,1572 1802,1570 1872,1570 1942,1570 2011,1571 2081,1574 2150,1576 2220,1580 2290,1585 2359,1590 2429,1597 2498,1606 2568,1617 2638,1628"/>
                <TextEquiv>
                    <Unicode>vor ungefar anderthalb jaren sy zur</Unicode>
                </TextEquiv>
            </TextLine>
            <TextLine id="r2l2" custom="readingOrder {index:1;}">
                <Coords points="1243,1699 1782,1665 1934,1701 2074,1661 2561,1705 2561,1614 2409,1644 2205,1574 2130,1627 1840,1578 1732,1635 1243,1605"/>
                <Baseline points="1252,1678 1317,1678 1382,1676 1447,1674 1512,1671 1577,1670 1642,1666 1707,1664 1772,1661 1837,1659 1902,1657 1967,1656 2032,1656 2097,1656 2162,1658 2227,1660 2292,1664 2357,1670 2422,1677 2487,1686 2552,1698"/>
                <TextEquiv>
                    <Unicode>unküschheit mit disen worten beredt,</Unicode>
                </TextEquiv>
            </TextLine>
            <TextLine id="r2l3" custom="readingOrder {index:2;}">
                <Coords points="1212,1781 1351,1840 1471,1765 1565,1793 1671,1748 1866,1811 2178,1745 2567,1779 2566,1709 2380,1728 2191,1667 1212,1711"/>
                <Baseline points="1222,1774 1288,1770 1355,1767 1422,1763 1488,1760 1555,1756 1622,1753 1688,1750 1755,1748 1822,1746 1889,1744 1955,1744 2022,1744 2089,1745 2155,1746 2222,1750 2289,1753 2355,1756 2422,1761 2489,1767 2556,1774"/>
                <TextEquiv>
                    <Unicode>es schade ira nichts, sy bekomme von ime</Unicode>
                </TextEquiv>
            </TextLine>
            <TextLine id="r2l4" custom="readingOrder {index:3;}">
                <Coords points="1229,1882 2596,1874 2595,1822 2403,1757 2339,1792 2184,1741 1874,1811 1635,1752 1471,1765 1349,1842 1229,1800"/>
                <Baseline points="1240,1866 1307,1863 1374,1859 1441,1856 1509,1854 1576,1851 1643,1848 1711,1844 1778,1843 1845,1840 1913,1840 1980,1838 2047,1838 2114,1838 2182,1840 2249,1842 2316,1844 2384,1849 2451,1854 2518,1861 2586,1868"/>
                <TextEquiv>
                    <Unicode>auch kein kind, dan er bei seiner frawen</Unicode>
                </TextEquiv>
            </TextLine>
            <TextLine id="r2l5" custom="readingOrder {index:4;}">
                <Coords points="1251,1995 1477,1947 1632,1992 1812,1929 1998,1979 2241,1926 2588,1983 2587,1881 2483,1915 2156,1844 2102,1890 2030,1853 1571,1894 1475,1860 1251,1921"/>
                <Baseline points="1260,1948 1325,1947 1391,1944 1457,1942 1523,1940 1589,1937 1655,1934 1721,1931 1787,1929 1853,1926 1919,1924 1984,1924 2050,1924 2116,1924 2182,1926 2248,1928 2314,1931 2380,1935 2446,1942 2512,1949 2578,1960"/>
                <TextEquiv>
                    <Unicode>auch keins habe und sye diss das erste</Unicode>
                </TextEquiv>
            </TextLine>
            <TextLine id="r2l6" custom="readingOrder {index:5;}">
                <Coords points="1249,2039 1370,2095 1554,2030 1702,2079 1804,2018 1986,2019 2061,2081 2245,2012 2658,2042 2609,1970 2451,1989 2307,1935 1249,1997"/>
                <Baseline points="1260,2034 1329,2036 1398,2035 1468,2034 1537,2032 1607,2029 1676,2026 1745,2022 1815,2020 1884,2016 1954,2014 2023,2012 2092,2010 2162,2010 2231,2012 2301,2014 2370,2018 2439,2023 2509,2030 2578,2041 2648,2054"/>
                <TextEquiv>
                    <Unicode>mahl gewesen, da sy sich mit ermeltem</Unicode>
                </TextEquiv>
            </TextLine>
            <TextLine id="r2l7" custom="readingOrder {index:6;} person {offset:5; length:6;}">
                <Coords points="1227,2207 1315,2131 1398,2167 1752,2106 1980,2105 2056,2165 2247,2111 2314,2158 2431,2111 2544,2145 2598,2132 2596,2054 2422,2070 2243,2013 2056,2077 1822,2018 1721,2088 1568,2055 1499,2097 1424,2048 1369,2094 1312,2049 1224,2095"/>
                <Baseline points="1236,2136 1303,2133 1371,2129 1438,2126 1506,2122 1574,2118 1641,2113 1709,2110 1776,2107 1844,2104 1912,2101 1979,2099 2047,2098 2114,2096 2182,2096 2249,2098 2317,2100 2385,2103 2452,2107 2520,2114 2588,2120"/>
                <TextEquiv>
                    <Unicode>hen. Binder in seinem eignen hauss und</Unicode>
                </TextEquiv>
            </TextLine>
            <TextLine id="r2l8" custom="readingOrder {index:7;}">
                <Coords points="1215,2261 1742,2197 1840,2251 1942,2192 2582,2211 2593,2161 2476,2118 2309,2160 2225,2113 2050,2158 1979,2105 1395,2171 1306,2141 1213,2189"/>
                <Baseline points="1224,2216 1292,2214 1360,2212 1428,2210 1496,2208 1564,2205 1632,2201 1700,2198 1768,2194 1836,2191 1904,2188 1972,2186 2040,2184 2108,2182 2176,2182 2244,2182 2312,2184 2380,2186 2448,2188 2516,2193 2584,2198"/>
                <TextEquiv>
                    <Unicode>zuo der zeit, als syn fraw abwesend in</Unicode>
                </TextEquiv>
            </TextLine>
            <TextLine id="r2l9" custom="readingOrder {index:8;}">
                <Coords points="1250,2326 1352,2310 1417,2356 1602,2290 1772,2285 1819,2328 1922,2280 2265,2271 2400,2324 2574,2298 2572,2212 2505,2189 2389,2252 2219,2188 1847,2246 1646,2210 1249,2284"/>
                <Baseline points="1260,2304 1325,2300 1390,2297 1455,2294 1520,2289 1586,2286 1651,2282 1716,2278 1781,2275 1846,2272 1912,2268 1977,2266 2042,2264 2107,2264 2172,2262 2238,2264 2303,2265 2368,2268 2433,2273 2498,2278 2564,2284"/>
                <TextEquiv>
                    <Unicode>einem anderen hauss war, in unküschheit</Unicode>
                </TextEquiv>
            </TextLine>
            <TextLine id="r2l10" custom="readingOrder {index:9;}">
                <Coords points="1256,2418 2077,2355 2200,2403 2289,2361 2513,2410 2557,2315 1919,2282 1822,2326 1597,2292 1415,2357 1360,2310 1255,2348"/>
                <Baseline points="1266,2386 1330,2386 1394,2385 1458,2382 1522,2380 1586,2376 1650,2372 1714,2368 1778,2364 1842,2362 1907,2358 1971,2355 2035,2352 2099,2352 2163,2352 2227,2354 2291,2357 2355,2361 2419,2367 2483,2376 2548,2388"/>
                <TextEquiv>
                    <Unicode>verdrabt, volgents aber noch etwan 5</Unicode>
                </TextEquiv>
            </TextLine>
            <TextLine id="r2l11" custom="readingOrder {index:10;}">
                <Coords points="1735,2466 1938,2476 2106,2444 2198,2508 2280,2469 2368,2498 2427,2458 2558,2508 2601,2484 2602,2418 2531,2428 2292,2362 2197,2401 2161,2371 2003,2391 1969,2365 1736,2398"/>
                <Baseline points="1746,2456 1788,2452 1830,2448 1872,2446 1915,2442 1957,2441 1999,2438 2042,2438 2084,2436 2126,2436 2169,2436 2211,2438 2253,2438 2295,2440 2338,2443 2380,2445 2422,2448 2465,2452 2507,2457 2549,2462 2592,2466"/>
                <TextEquiv>
                    <Unicode>die zeit als sy schwanger</Unicode>
                </TextEquiv>
            </TextLine>
            <TextLine id="r2l12" custom="readingOrder {index:11;}">
                <Coords points="1240,2499 1362,2515 1415,2468 1518,2517 1541,2493 1622,2470 1617,2400 1562,2414 1537,2399 1514,2421 1493,2404 1467,2412 1435,2384 1422,2395 1351,2387 1305,2421 1284,2410 1235,2429"/>
                <Baseline points="1250,2486 1275,2482 1301,2478 1327,2474 1352,2471 1378,2469 1404,2468 1430,2466 1455,2466 1481,2465 1507,2464 1532,2463 1558,2461 1584,2460 1610,2458"/>
                <TextEquiv>
                    <Unicode>oder 6 mahl.</Unicode>
                </TextEquiv>
            </TextLine>
            <TextLine id="r2l13" custom="readingOrder {index:12;} DIWO {offset:32; length:10;}">
                <Coords points="1241,2586 1575,2551 1640,2590 1695,2546 1768,2587 1883,2552 2053,2593 2218,2547 2459,2565 2528,2545 2527,2487 1656,2455 1514,2521 1469,2492 1239,2530"/>
                <Baseline points="1250,2570 1313,2565 1376,2560 1440,2556 1503,2552 1567,2547 1630,2544 1693,2539 1757,2537 1820,2533 1884,2532 1947,2530 2010,2528 2074,2528 2137,2528 2201,2528 2264,2530 2327,2532 2391,2535 2454,2539 2518,2542"/>
                <TextEquiv>
                    <Unicode>worden, achte sy geschehen syn, verndrigen</Unicode>
                </TextEquiv>
            </TextLine>
            <TextLine id="r2l14" custom="readingOrder {index:13;}">
                <Coords points="1242,2706 1413,2636 1627,2693 1702,2640 1797,2672 1890,2627 2174,2687 2451,2639 2565,2698 2618,2673 2617,2587 1765,2587 1717,2549 1637,2594 1240,2586"/>
                <Baseline points="1252,2648 1319,2645 1387,2642 1455,2640 1523,2636 1591,2633 1658,2629 1726,2626 1794,2622 1862,2621 1930,2618 1997,2616 2065,2616 2133,2616 2201,2616 2269,2618 2336,2620 2404,2624 2472,2628 2540,2634 2608,2640"/>
                <TextEquiv>
                    <Unicode>jars umb fassnachten, welches hernach</Unicode>
                </TextEquiv>
            </TextLine>
            <TextLine id="r2l15" custom="readingOrder {index:14;}">
                <Coords points="1242,2754 1345,2797 1468,2746 1577,2770 1670,2712 1845,2753 2097,2702 2260,2770 2353,2718 2592,2727 2591,2645 2173,2687 1889,2628 1629,2691 1422,2653 1241,2712"/>
                <Baseline points="1252,2742 1318,2737 1385,2731 1451,2727 1518,2724 1584,2720 1651,2717 1717,2714 1784,2712 1850,2711 1917,2710 1983,2710 2050,2708 2116,2708 2183,2708 2249,2710 2316,2710 2382,2710 2449,2712 2515,2712 2582,2714"/>
                <TextEquiv>
                    <Unicode>als sy ein grossen leib bekommen ira wie</Unicode>
                </TextEquiv>
            </TextLine>
            <TextLine id="r2l16" custom="readingOrder {index:15;} person {offset:30; length:8;}">
                <Coords points="1242,2865 1738,2807 2035,2845 2228,2791 2500,2813 2569,2863 2603,2756 2309,2729 2256,2766 2143,2714 2079,2760 1952,2723 1889,2758 1756,2709 1459,2790 1240,2754"/>
                <Baseline points="1252,2824 1319,2820 1386,2818 1453,2814 1520,2810 1587,2808 1654,2804 1721,2801 1788,2798 1855,2796 1923,2793 1990,2791 2057,2790 2124,2788 2191,2788 2258,2788 2325,2790 2392,2792 2459,2794 2526,2798 2594,2802"/>
                <TextEquiv>
                    <Unicode>zuogleich iren gotten der fr. Binderin von</Unicode>
                </TextEquiv>
            </TextLine>
            <TextLine id="r2l17" custom="readingOrder {index:16;}">
                <Coords points="1240,2935 1449,2909 1515,2947 1605,2894 1741,2940 1874,2888 2024,2938 2155,2900 2214,2950 2317,2887 2522,2913 2475,2830 2224,2805 2013,2848 1809,2808 1722,2861 1619,2820 1506,2861 1459,2818 1238,2871"/>
                <Baseline points="1250,2920 1313,2914 1376,2908 1439,2904 1502,2900 1565,2895 1628,2892 1691,2889 1754,2885 1817,2883 1880,2880 1943,2878 2006,2878 2069,2876 2132,2876 2195,2876 2258,2876 2321,2878 2384,2878 2447,2880 2510,2882"/>
                <TextEquiv>
                    <Unicode>den nachburen offt vorgehalten worden,</Unicode>
                </TextEquiv>
            </TextLine>
            <TextLine id="r2l18" custom="readingOrder {index:17;}">
                <Coords points="1228,3064 1356,3008 1510,3028 1604,2986 1652,3023 1708,2982 1771,3025 1872,2974 2526,3013 2568,3004 2567,2918 2434,2888 2326,2938 2266,2901 2220,2946 2163,2903 2124,2941 1911,2905 1741,2942 1564,2904 1515,2947 1340,2912 1226,2954"/>
                <Baseline points="1238,3002 1304,2995 1370,2988 1436,2983 1502,2978 1568,2975 1634,2971 1700,2969 1766,2968 1832,2966 1898,2966 1964,2966 2030,2966 2096,2966 2162,2966 2228,2968 2294,2968 2360,2970 2426,2970 2492,2972 2558,2972"/>
                <TextEquiv>
                    <Unicode>sy zwar habe sich jederweilen versprochen,</Unicode>
                </TextEquiv>
            </TextLine>
            <TextLine id="r2l19" custom="readingOrder {index:18;}">
                <Coords points="1245,3097 1944,3047 2098,3054 2157,3105 2295,3054 2597,3062 2596,3004 2100,2972 2027,3013 1872,2974 1779,3024 1600,2986 1244,3055"/>
                <Baseline points="1254,3078 1320,3070 1387,3065 1453,3059 1520,3056 1587,3054 1653,3051 1720,3049 1786,3048 1853,3048 1920,3046 1986,3046 2053,3046 2119,3046 2186,3046 2252,3046 2319,3044 2386,3044 2452,3042 2519,3040 2586,3038"/>
                <TextEquiv>
                    <Unicode>als die nit eigentlich gewüsst, ob es</Unicode>
                </TextEquiv>
            </TextLine>
            <TextLine id="r2l20" custom="readingOrder {index:19;}">
                <Coords points="1231,3169 1970,3124 2165,3178 2318,3122 2491,3156 2547,3137 2546,3057 2432,3105 2085,3097 1971,3050 1885,3099 1602,3059 1230,3107"/>
                <Baseline points="1240,3152 1304,3147 1369,3142 1434,3139 1499,3135 1564,3132 1628,3130 1693,3128 1758,3127 1823,3126 1888,3126 1952,3126 2017,3126 2082,3126 2147,3126 2212,3127 2276,3128 2341,3128 2406,3130 2471,3130 2536,3130"/>
                <TextEquiv>
                    <Unicode>wahr und wie ein schwanger weib</Unicode>
                </TextEquiv>
            </TextLine>
            <TextLine id="r2l21" custom="readingOrder {index:20;} person {offset:20; length:8;}">
                <Coords points="1231,3272 1535,3268 1633,3210 1800,3272 1977,3208 2213,3262 2272,3215 2470,3209 2551,3266 2604,3183 2533,3146 2169,3179 1970,3124 1450,3196 1331,3152 1229,3176"/>
                <Baseline points="1240,3238 1307,3233 1375,3228 1443,3225 1510,3220 1578,3218 1646,3214 1713,3212 1781,3210 1849,3208 1917,3206 1984,3205 2052,3204 2120,3204 2187,3204 2255,3204 2323,3206 2390,3208 2458,3208 2526,3210 2594,3214"/>
                <TextEquiv>
                    <Unicode>beschaffen, die fr. Binderin aber den</Unicode>
                </TextEquiv>
            </TextLine>
            <TextLine id="r2l22" custom="readingOrder {index:21;}">
                <Coords points="1210,3320 1527,3340 1624,3295 1697,3327 1973,3285 2139,3343 2217,3290 2570,3287 2569,3235 2271,3215 2215,3262 1999,3208 1896,3257 1636,3214 1535,3269 1208,3254"/>
                <Baseline points="1220,3312 1287,3310 1354,3306 1421,3304 1488,3301 1555,3298 1622,3295 1689,3293 1756,3289 1823,3287 1890,3285 1957,3283 2024,3280 2091,3279 2158,3278 2225,3278 2292,3276 2359,3278 2426,3278 2493,3278 2560,3280"/>
                <TextEquiv>
                    <Unicode>nachburen sölches niemahlen glauben</Unicode>
                </TextEquiv>
            </TextLine>
            <TextLine id="r2l23" custom="readingOrder {index:22;}">
                <Coords points="1234,3384 1472,3440 1829,3363 1934,3401 2034,3364 2599,3379 2503,3281 2293,3328 2210,3292 2143,3336 1931,3285 1233,3339"/>
                <Baseline points="1244,3390 1311,3388 1378,3384 1445,3382 1512,3379 1580,3376 1647,3373 1714,3370 1781,3368 1848,3366 1916,3363 1983,3361 2050,3359 2117,3358 2184,3356 2252,3356 2319,3356 2386,3358 2453,3360 2520,3362 2588,3364"/>
                <TextEquiv>
                    <Unicode>wöllen, es habe auch weder der herr</Unicode>
                </TextEquiv>
            </TextLine>
            <TextLine id="r2l24" custom="readingOrder {index:23;}">
                <Coords points="1254,3481 1650,3463 1724,3511 1842,3445 2265,3439 2401,3493 2550,3400 2324,3359 2185,3404 2118,3370 1873,3414 1801,3374 1705,3425 1252,3417"/>
                <Baseline points="1264,3476 1327,3472 1391,3468 1455,3466 1519,3461 1583,3458 1647,3455 1711,3452 1775,3450 1839,3447 1903,3445 1966,3442 2030,3441 2094,3440 2158,3438 2222,3438 2286,3436 2350,3436 2414,3436 2478,3438 2542,3438"/>
                <TextEquiv>
                    <Unicode>noch die fraw sy niemahlen befragt,</Unicode>
                </TextEquiv>
            </TextLine>
            <TextLine id="r2l25" custom="readingOrder {index:24;}">
                <Coords points="1215,3584 1332,3560 1449,3600 1550,3543 1649,3546 1705,3593 1793,3546 1861,3587 1995,3532 2151,3570 2207,3527 2281,3548 2275,3438 2053,3497 1919,3450 1727,3510 1548,3457 1468,3503 1211,3492"/>
                <Baseline points="1224,3572 1276,3568 1328,3563 1380,3558 1433,3554 1485,3551 1537,3548 1590,3544 1642,3540 1694,3538 1747,3536 1799,3533 1851,3530 1903,3529 1956,3527 2008,3525 2060,3524 2113,3522 2165,3520 2217,3518 2270,3518"/>
                <TextEquiv>
                    <Unicode>ob sy schwangeren leibs sye.</Unicode>
                </TextEquiv>
            </TextLine>
            <TextLine id="r2l26" custom="readingOrder {index:25;} DIWO {offset:27; length:5;}">
                <Coords points="1187,3699 1589,3658 1666,3709 1735,3657 1957,3638 2559,3662 2575,3557 2243,3594 1923,3547 1632,3621 1508,3554 1447,3601 1184,3574"/>
                <Baseline points="1196,3682 1264,3673 1333,3666 1401,3660 1470,3654 1538,3650 1607,3646 1675,3644 1744,3641 1812,3640 1881,3640 1949,3638 2018,3638 2086,3640 2155,3640 2223,3640 2292,3640 2360,3642 2429,3642 2497,3642 2566,3642"/>
                <TextEquiv>
                    <Unicode>Als sy verschinnen sommers uffem veld</Unicode>
                </TextEquiv>
            </TextLine>
            <TextLine id="r2l27" custom="readingOrder {index:26;}">
                <Coords points="1236,3801 1471,3728 1612,3791 2154,3722 2280,3794 2401,3725 2516,3753 2558,3672 2488,3697 2227,3638 2179,3681 2000,3643 1675,3704 1592,3659 1436,3707 1398,3669 1234,3693"/>
                <Baseline points="1244,3756 1309,3751 1374,3746 1439,3740 1505,3737 1570,3734 1635,3731 1701,3730 1766,3727 1831,3726 1897,3724 1962,3724 2027,3724 2092,3722 2158,3722 2223,3722 2288,3723 2354,3724 2419,3724 2484,3724 2550,3726"/>
                <TextEquiv>
                    <Unicode>garben hinuf geben zuo laden, sye hernach</Unicode>
                </TextEquiv>
            </TextLine>
            <TextLine id="r2l28" custom="readingOrder {index:27;}">
                <Coords points="1237,3887 1626,3828 1971,3824 2034,3875 2137,3813 2286,3873 2438,3830 2541,3863 2539,3752 2424,3744 2339,3798 2150,3737 2040,3773 1741,3744 1612,3790 1567,3749 1490,3808 1296,3760 1235,3801"/>
                <Baseline points="1246,3850 1310,3846 1374,3841 1438,3838 1502,3834 1567,3831 1631,3829 1695,3827 1759,3824 1823,3823 1888,3822 1952,3820 2016,3820 2080,3820 2144,3820 2209,3820 2273,3822 2337,3822 2401,3824 2465,3826 2530,3828"/>
                <TextEquiv>
                    <Unicode>das fuoder umb und an sy dergestalten</Unicode>
                </TextEquiv>
            </TextLine>
            <TextLine id="r2l29" custom="readingOrder {index:28;}">
                <Coords points="1236,3988 1339,3933 1404,3976 1632,3945 1711,3982 1874,3910 2079,3946 2538,3922 2536,3864 2312,3880 2249,3836 2194,3871 2119,3824 2032,3876 1966,3826 1557,3889 1403,3836 1234,3898"/>
                <Baseline points="1246,3936 1310,3934 1374,3932 1438,3929 1502,3926 1566,3924 1630,3920 1694,3918 1758,3914 1822,3912 1887,3910 1951,3909 2015,3908 2079,3906 2143,3906 2207,3906 2271,3908 2335,3908 2399,3910 2463,3912 2528,3916"/>
                <TextEquiv>
                    <Unicode>gefallen, dass sy dasselbig lange zeit</Unicode>
                </TextEquiv>
            </TextLine>
            <TextLine id="r2l30" custom="readingOrder {index:29;}">
                <Coords points="1224,4058 1443,4073 1520,4030 1739,4046 1854,4008 2014,4063 2096,3992 2410,4031 2469,3993 2467,3939 2277,3966 2232,3923 2024,3948 1965,3912 1930,3948 1880,3909 1741,3982 1587,3945 1406,3978 1340,3934 1221,3986"/>
                <Baseline points="1234,4030 1295,4028 1356,4024 1417,4022 1478,4020 1540,4017 1601,4015 1662,4012 1723,4010 1784,4008 1846,4005 1907,4003 1968,4002 2029,3999 2090,3998 2152,3996 2213,3994 2274,3992 2335,3992 2396,3990 2458,3988"/>
                <TextEquiv>
                    <Unicode>schmertzlich empfunden, habe auch</Unicode>
                </TextEquiv>
            </TextLine>
            <TextLine id="r2l31" custom="readingOrder {index:30;} DIWO {offset:33; length:4;}">
                <Coords points="1233,4129 1544,4164 1731,4106 1806,4148 1868,4101 2394,4081 2502,4141 2573,4115 2571,4019 2380,4057 2246,4012 2175,4058 2096,3996 2015,4062 1823,4006 1672,4061 1621,4026 1448,4074 1231,4057"/>
                <Baseline points="1242,4108 1308,4106 1374,4106 1440,4104 1506,4102 1572,4101 1638,4100 1704,4098 1770,4096 1836,4094 1902,4092 1968,4090 2034,4089 2100,4088 2166,4086 2232,4084 2298,4084 2364,4082 2430,4082 2496,4082 2562,4082"/>
                <TextEquiv>
                    <Unicode>volgents iren dienst mit gröster muey</Unicode>
                </TextEquiv>
            </TextLine>
            <TextLine id="r2l32" custom="readingOrder {index:31;}">
                <Coords points="1236,4215 1455,4244 1566,4204 1653,4252 1889,4187 1980,4221 2325,4178 2397,4238 2545,4223 2512,4085 2351,4145 2255,4079 2180,4129 2123,4090 1869,4101 1808,4150 1729,4110 1567,4162 1234,4129"/>
                <Baseline points="1246,4200 1310,4198 1374,4196 1439,4194 1503,4192 1568,4190 1632,4188 1696,4186 1761,4184 1825,4182 1890,4180 1954,4179 2018,4178 2083,4176 2147,4176 2212,4174 2276,4174 2340,4174 2405,4174 2469,4176 2534,4176"/>
                <TextEquiv>
                    <Unicode>versechen muessen, doch aber niemahlen</Unicode>
                </TextEquiv>
            </TextLine>
            <TextLine id="r2l33" custom="readingOrder {index:32;}">
                <Coords points="1229,4309 1609,4290 1707,4342 1888,4300 2005,4336 2086,4286 2179,4332 2293,4305 2291,4207 2016,4185 1966,4220 1926,4187 1652,4251 1569,4205 1462,4248 1299,4223 1228,4261"/>
                <Baseline points="1238,4290 1290,4288 1342,4286 1394,4284 1446,4282 1499,4281 1551,4280 1603,4278 1655,4277 1707,4276 1760,4274 1812,4274 1864,4272 1916,4272 1968,4270 2021,4270 2073,4268 2125,4268 2177,4266 2229,4266 2282,4266"/>
                <TextEquiv>
                    <Unicode>niemandts nichts dörffen sagen.</Unicode>
                </TextEquiv>
            </TextLine>
            <TextLine id="r2l34" custom="readingOrder {index:33;}">
                <Coords points="1223,4443 1573,4392 1858,4444 1936,4403 2008,4435 2056,4386 2555,4413 2597,4358 2420,4313 2348,4352 2228,4303 2170,4331 2087,4286 2016,4337 1897,4301 1755,4355 1669,4315 1222,4317"/>
                <Baseline points="1232,4392 1299,4392 1367,4392 1435,4390 1503,4390 1571,4388 1638,4388 1706,4386 1774,4386 1842,4384 1910,4383 1977,4382 2045,4382 2113,4382 2181,4382 2249,4382 2316,4382 2384,4382 2452,4383 2520,4384 2588,4386"/>
                <TextEquiv>
                    <Unicode>Entlichen aber als ire fraw umb ver¬</Unicode>
                </TextEquiv>
            </TextLine>
            <TextLine id="r2l35" custom="readingOrder {index:34;} date {offset:23; length:9;}">
                <Coords points="1249,4486 1846,4467 1911,4512 2006,4462 2191,4491 2503,4461 2503,4419 2371,4427 2304,4382 2047,4395 2006,4436 1248,4432"/>
                <Baseline points="1260,4478 1321,4474 1383,4472 1445,4470 1506,4468 1568,4468 1630,4466 1691,4466 1753,4464 1815,4464 1877,4462 1938,4462 2000,4462 2062,4460 2123,4459 2185,4458 2247,4457 2308,4455 2370,4454 2432,4452 2494,4448"/>
                <TextEquiv>
                    <Unicode>schinnen vor oder nach Michaelis ein</Unicode>
                </TextEquiv>
            </TextLine>
            <TextLine id="r2l36" custom="readingOrder {index:35;}">
                <Coords points="1222,4580 2010,4590 2099,4541 2523,4585 2585,4568 2583,4472 2375,4512 2098,4464 1901,4514 1844,4467 1221,4532"/>
                <Baseline points="1232,4564 1299,4560 1366,4556 1433,4553 1500,4550 1567,4549 1634,4548 1701,4546 1768,4544 1835,4544 1903,4544 1970,4542 2037,4542 2104,4542 2171,4540 2238,4540 2305,4540 2372,4538 2439,4536 2506,4536 2574,4534"/>
                <TextEquiv>
                    <Unicode>wesch gehabt und gesechen wie kümerlich</Unicode>
                </TextEquiv>
            </TextLine>
            <TextLine id="r2l37" custom="readingOrder {index:36;}">
                <Coords points="1223,4657 1802,4642 1842,4677 1894,4642 2033,4692 2130,4636 2259,4686 2371,4638 2553,4660 2552,4593 2461,4553 2224,4595 2099,4541 1809,4604 1610,4557 1412,4612 1289,4566 1222,4591"/>
                <Baseline points="1232,4644 1297,4642 1363,4640 1428,4638 1494,4638 1559,4636 1625,4636 1690,4634 1756,4634 1821,4634 1887,4632 1952,4632 2018,4632 2083,4630 2149,4629 2214,4628 2280,4626 2345,4624 2411,4623 2476,4620 2542,4618"/>
                <TextEquiv>
                    <Unicode>und kranckmütig sy derselben geholffen,</Unicode>
                </TextEquiv>
            </TextLine>
            <TextLine id="r2l38" custom="readingOrder {index:37;}">
                <Coords points="1217,4764 1543,4724 1748,4773 2091,4713 2609,4743 2581,4637 2069,4696 1802,4642 1730,4691 1215,4659"/>
                <Baseline points="1226,4732 1294,4730 1363,4728 1431,4726 1500,4724 1569,4722 1637,4722 1706,4722 1774,4722 1843,4720 1912,4720 1980,4720 2049,4720 2117,4719 2186,4718 2255,4716 2323,4714 2392,4712 2460,4710 2529,4704 2598,4700"/>
                <TextEquiv>
                    <Unicode>habe dieselbe sy heissen hinuf ins huss gehen,</Unicode>
                </TextEquiv>
            </TextLine>
            <TextLine id="r2l39" custom="readingOrder {index:38;}">
                <Coords points="1234,4838 1870,4810 1935,4853 2149,4796 2456,4842 2612,4808 2611,4744 1232,4750"/>
                <Baseline points="1244,4816 1311,4814 1379,4813 1447,4812 1515,4810 1583,4809 1651,4808 1719,4806 1787,4804 1855,4802 1923,4802 1990,4800 2058,4798 2126,4798 2194,4796 2262,4794 2330,4793 2398,4792 2466,4790 2534,4788 2602,4786"/>
                <TextEquiv>
                    <Unicode>sich zuolegen, da sy dan so bald sy ins</Unicode>
                </TextEquiv>
            </TextLine>
            <TextLine id="r2l40" custom="readingOrder {index:39;}">
                <Coords points="1216,4958 1282,4912 1379,4961 1582,4894 1653,4925 2051,4889 2092,4926 2339,4891 2418,4932 2524,4891 2500,4810 2378,4844 2149,4795 1932,4855 1867,4810 1802,4858 1502,4812 1215,4882"/>
                <Baseline points="1226,4904 1290,4900 1354,4898 1419,4894 1483,4893 1548,4890 1612,4890 1676,4888 1741,4888 1805,4886 1870,4886 1934,4886 1998,4884 2063,4884 2127,4882 2192,4882 2256,4880 2320,4878 2385,4876 2449,4873 2514,4870"/>
                <TextEquiv>
                    <Unicode>gmach kommen ein starckes kindtswehe</Unicode>
                </TextEquiv>
            </TextLine>
            <TextLine id="r2l41" custom="readingOrder {index:40;}">
                <Coords points="1216,5002 2550,4986 2565,4907 2472,4893 2425,4938 2191,4891 2022,4947 1905,4891 1734,4947 1533,4921 1359,4959 1302,4918 1215,4958"/>
                <Baseline points="1226,4990 1292,4988 1359,4986 1425,4984 1492,4982 1558,4980 1625,4979 1691,4978 1758,4976 1824,4974 1891,4974 1957,4972 2024,4971 2090,4970 2157,4968 2223,4967 2290,4966 2356,4964 2423,4962 2489,4962 2556,4960"/>
                <TextEquiv>
                    <Unicode>über das ander überfallen und uffem bett</Unicode>
                </TextEquiv>
            </TextLine>
            <TextLine id="r2l42" custom="readingOrder {index:41;}">
                <Coords points="1203,5108 1385,5059 1608,5122 1721,5052 1945,5100 1984,5065 2517,5044 2516,5008 2323,4981 1864,4981 1711,5028 1596,4988 1316,5034 1201,5004"/>
                <Baseline points="1212,5068 1276,5064 1341,5062 1406,5061 1470,5058 1535,5058 1600,5056 1664,5056 1729,5054 1794,5054 1859,5052 1923,5052 1988,5050 2053,5050 2117,5050 2182,5048 2247,5048 2311,5046 2376,5044 2441,5044 2506,5042"/>
                <TextEquiv>
                    <Unicode>zum halben theill genäsen, als sy aber</Unicode>
                </TextEquiv>
            </TextLine>
            <TextLine id="r2l43" custom="readingOrder {index:42;}">
                <Coords points="1208,5177 2597,5156 2595,5082 2528,5055 2361,5097 2260,5043 2198,5086 1944,5101 1845,5057 1794,5101 1721,5052 1602,5123 1386,5059 1207,5109"/>
                <Baseline points="1218,5154 1286,5152 1354,5152 1423,5150 1491,5148 1560,5147 1628,5146 1696,5144 1765,5144 1833,5142 1902,5140 1970,5140 2038,5138 2107,5136 2175,5134 2244,5132 2312,5132 2380,5130 2449,5128 2517,5126 2586,5124"/>
                <TextEquiv>
                    <Unicode>einzig etwas zeits so arbeitselig gelegen</Unicode>
                </TextEquiv>
            </TextLine>
            <TextLine id="r2l44" custom="readingOrder {index:43;}">
                <Coords points="1205,5261 1815,5282 1882,5242 1953,5291 2128,5231 2268,5276 2444,5204 2549,5230 2547,5135 2430,5172 2333,5140 2270,5188 2162,5138 1990,5146 1899,5202 1629,5149 1510,5194 1380,5197 1329,5148 1203,5183"/>
                <Baseline points="1214,5242 1280,5240 1346,5239 1412,5238 1478,5236 1545,5234 1611,5234 1677,5232 1743,5232 1809,5230 1876,5230 1942,5228 2008,5228 2074,5226 2140,5225 2207,5222 2273,5220 2339,5218 2405,5216 2471,5212 2538,5208"/>
                <TextEquiv>
                    <Unicode>und nit vollkommen genäsen können, habe sy</Unicode>
                </TextEquiv>
            </TextLine>
            <TextLine id="r2l45" custom="readingOrder {index:44;}">
                <Coords points="1205,5355 1300,5392 1395,5333 1929,5319 2207,5361 2260,5313 2460,5298 2581,5339 2579,5245 2443,5204 2225,5276 2129,5231 1951,5288 1202,5261"/>
                <Baseline points="1214,5330 1281,5328 1349,5326 1417,5326 1485,5324 1553,5324 1620,5324 1688,5322 1756,5322 1824,5320 1892,5320 1959,5318 2027,5316 2095,5314 2163,5312 2231,5309 2298,5304 2366,5301 2434,5296 2502,5291 2570,5284"/>
                <TextEquiv>
                    <Unicode>iren selbst ussem bett geholffen und sich</Unicode>
                </TextEquiv>
            </TextLine>
            <TextLine id="r2l46" custom="readingOrder {index:45;}">
                <Coords points="1219,5427 1475,5420 1536,5461 1741,5396 2023,5463 2154,5382 2285,5422 2521,5389 2519,5323 2399,5303 2216,5367 1930,5321 1835,5369 1509,5323 1426,5371 1217,5365"/>
                <Baseline points="1228,5412 1292,5410 1356,5408 1420,5406 1484,5406 1548,5406 1612,5406 1676,5406 1740,5406 1804,5406 1869,5406 1933,5406 1997,5404 2061,5404 2125,5402 2189,5399 2253,5396 2317,5392 2381,5387 2445,5380 2510,5372"/>
                <TextEquiv>
                    <Unicode>an der bettstatt starck gehalten, daruf</Unicode>
                </TextEquiv>
            </TextLine>
            <TextLine id="r2l47" custom="readingOrder {index:46;}">
                <Coords points="1199,5513 1301,5551 1398,5498 1684,5487 2284,5524 2598,5474 2596,5404 2529,5381 2212,5457 1871,5448 1744,5395 1537,5461 1476,5418 1197,5435"/>
                <Baseline points="1210,5498 1278,5496 1347,5494 1416,5494 1485,5492 1554,5492 1622,5490 1691,5490 1760,5490 1829,5490 1898,5488 1966,5488 2035,5486 2104,5484 2173,5481 2242,5479 2310,5475 2379,5472 2448,5465 2517,5459 2586,5452"/>
                <TextEquiv>
                    <Unicode>volgents das kind von iren komen, welches</Unicode>
                </TextEquiv>
            </TextLine>
            <TextLine id="r2l48" custom="readingOrder {index:47;}">
                <Coords points="1184,5583 1645,5611 1811,5577 2081,5627 2563,5523 2427,5475 2354,5521 2085,5502 1998,5541 1676,5490 1519,5549 1398,5498 1337,5548 1182,5517"/>
                <Baseline points="1194,5586 1262,5582 1330,5579 1398,5577 1466,5575 1534,5574 1602,5573 1670,5572 1738,5572 1806,5572 1874,5570 1942,5570 2010,5568 2078,5567 2146,5564 2214,5561 2282,5558 2350,5553 2418,5546 2486,5539 2554,5532"/>
                <TextEquiv>
                    <Unicode>sy in iren rock, den sy anhatte, empfangen,</Unicode>
                </TextEquiv>
            </TextLine>
            <TextLine id="r2l49" custom="readingOrder {index:48;}">
                <Coords points="1158,5743 1298,5679 1488,5711 1676,5657 1742,5709 1987,5661 2137,5715 2200,5657 2481,5668 2572,5639 2569,5549 2030,5632 1742,5585 1509,5624 1353,5569 1155,5659"/>
                <Baseline points="1166,5694 1235,5687 1305,5679 1375,5673 1445,5668 1515,5665 1584,5662 1654,5661 1724,5660 1794,5660 1864,5658 1933,5658 2003,5658 2073,5658 2143,5656 2213,5654 2282,5651 2352,5648 2422,5642 2492,5635 2562,5628"/>
                <TextEquiv>
                    <Unicode>dasselbig aber seye an einer gwüssen hut</Unicode>
                </TextEquiv>
            </TextLine>
            <TextLine id="r2l50" custom="readingOrder {index:49;}">
                <Coords points="1170,5821 1319,5770 1677,5816 1749,5762 1929,5810 2200,5747 2288,5790 2486,5737 2531,5768 2608,5727 2605,5631 2043,5724 1973,5684 1762,5723 1672,5666 1445,5716 1297,5679 1167,5739"/>
                <Baseline points="1178,5784 1249,5775 1320,5768 1391,5764 1462,5760 1533,5756 1604,5754 1675,5752 1746,5752 1817,5752 1888,5752 1959,5750 2030,5750 2101,5748 2172,5747 2243,5744 2314,5741 2385,5736 2456,5729 2527,5721 2598,5710"/>
                <TextEquiv>
                    <Unicode>die noch bei iren war hangen bliben, welche</Unicode>
                </TextEquiv>
            </TextLine>
            <TextLine id="r2l51" custom="readingOrder {index:50;}">
                <Coords points="1180,5914 1440,5858 1857,5899 2176,5886 2251,5839 2434,5871 2555,5819 2555,5763 2309,5798 2076,5759 1952,5815 1892,5774 1682,5817 1487,5775 1179,5801"/>
                <Baseline points="1190,5870 1257,5861 1325,5854 1393,5848 1461,5846 1529,5844 1596,5844 1664,5846 1732,5846 1800,5848 1868,5850 1935,5852 2003,5854 2071,5854 2139,5854 2207,5852 2274,5849 2342,5844 2410,5837 2478,5826 2546,5814"/>
                <TextEquiv>
                    <Unicode>sy mit dem kind von iren zogen, das</Unicode>
                </TextEquiv>
            </TextLine>
            <TextEquiv>
                <Unicode>vor ungefar anderthalb jaren sy zur
unküschheit mit disen worten beredt,
es schade ira nichts, sy bekomme von ime
auch kein kind, dan er bei seiner frawen
auch keins habe und sye diss das erste
mahl gewesen, da sy sich mit ermeltem
hen. Binder in seinem eignen hauss und
zuo der zeit, als syn fraw abwesend in
einem anderen hauss war, in unküschheit
verdrabt, volgents aber noch etwan 5
die zeit als sy schwanger
oder 6 mahl.
worden, achte sy geschehen syn, verndrigen
jars umb fassnachten, welches hernach
als sy ein grossen leib bekommen ira wie
zuogleich iren gotten der fr. Binderin von
den nachburen offt vorgehalten worden,
sy zwar habe sich jederweilen versprochen,
als die nit eigentlich gewüsst, ob es
wahr und wie ein schwanger weib
beschaffen, die fr. Binderin aber den
nachburen sölches niemahlen glauben
wöllen, es habe auch weder der herr
noch die fraw sy niemahlen befragt,
ob sy schwangeren leibs sye.
Als sy verschinnen sommers uffem veld
garben hinuf geben zuo laden, sye hernach
das fuoder umb und an sy dergestalten
gefallen, dass sy dasselbig lange zeit
schmertzlich empfunden, habe auch
volgents iren dienst mit gröster muey
versechen muessen, doch aber niemahlen
niemandts nichts dörffen sagen.
Entlichen aber als ire fraw umb ver¬
schinnen vor oder nach Michaelis ein
wesch gehabt und gesechen wie kümerlich
und kranckmütig sy derselben geholffen,
habe dieselbe sy heissen hinuf ins huss gehen,
sich zuolegen, da sy dan so bald sy ins
gmach kommen ein starckes kindtswehe
über das ander überfallen und uffem bett
zum halben theill genäsen, als sy aber
einzig etwas zeits so arbeitselig gelegen
und nit vollkommen genäsen können, habe sy
iren selbst ussem bett geholffen und sich
an der bettstatt starck gehalten, daruf
volgents das kind von iren komen, welches
sy in iren rock, den sy anhatte, empfangen,
dasselbig aber seye an einer gwüssen hut
die noch bei iren war hangen bliben, welche
sy mit dem kind von iren zogen, das</Unicode>
            </TextEquiv>
        </TextRegion>
        <TextRegion orientation="0.0" id="r3" custom="readingOrder {index:2;}">
            <Coords points="3186,1546 3186,6076 4882,6076 4882,1546"/>
            <TextLine id="r3l1" custom="readingOrder {index:0;}">
                <Coords points="4606,1611 4632,1612 4696,1681 4745,1670 4756,1685 4768,1686 4788,1592 4770,1590 4751,1565 4719,1559 4705,1547 4696,1552 4670,1540 4619,1548"/>
                <Baseline points="4618,1600 4643,1603 4668,1607 4694,1613 4719,1618 4744,1624 4770,1632"/>
                <TextEquiv>
                    <Unicode>189.</Unicode>
                </TextEquiv>
            </TextLine>
            <TextLine id="r3l2" custom="readingOrder {index:1;}">
                <Coords points="3326,1602 3628,1584 3745,1640 3803,1597 3929,1647 4138,1633 4636,1710 4643,1633 4496,1633 4329,1548 4096,1593 3920,1517 3824,1549 3699,1484 3615,1521 3452,1441 3341,1442"/>
                <Baseline points="3338,1586 3402,1583 3467,1582 3531,1582 3596,1583 3660,1585 3725,1589 3789,1593 3854,1600 3918,1606 3983,1614 4047,1621 4112,1628 4176,1637 4241,1645 4305,1654 4370,1663 4434,1670 4499,1679 4563,1686 4628,1692"/>
                <TextEquiv>
                    <Unicode>kind habe sich auch umb etwas gruehrt</Unicode>
                </TextEquiv>
            </TextLine>
            <TextLine id="r3l3" custom="readingOrder {index:2;} DIWO {offset:4; length:8;} DIWO {offset:37; length:7;}">
                <Coords points="3323,1696 4142,1707 4282,1792 4385,1736 4752,1840 4764,1722 3798,1600 3746,1639 3630,1587 3330,1606"/>
                <Baseline points="3334,1674 3404,1670 3475,1668 3546,1668 3617,1668 3688,1670 3758,1674 3829,1678 3900,1682 3971,1688 4042,1695 4112,1701 4183,1710 4254,1717 4325,1726 4396,1735 4466,1745 4537,1755 4608,1763 4679,1773 4750,1784"/>
                <TextEquiv>
                    <Unicode>und bloderet, aber bim wenigsten nüt grinnen.</Unicode>
                </TextEquiv>
            </TextLine>
            <TextLine id="r3l4" custom="readingOrder {index:3;}">
                <Coords points="3318,1826 3794,1802 4173,1837 4224,1881 4401,1851 4710,1889 4604,1799 4549,1834 4385,1740 4250,1796 3949,1710 3778,1750 3669,1700 3551,1738 3328,1688"/>
                <Baseline points="3330,1796 3398,1792 3467,1788 3535,1788 3604,1788 3672,1789 3741,1792 3809,1795 3878,1800 3946,1804 4015,1812 4083,1816 4152,1824 4220,1832 4289,1839 4357,1845 4426,1853 4494,1860 4563,1866 4631,1873 4700,1878"/>
                <TextEquiv>
                    <Unicode>Sy sye auch alsbald nach der gnisst ein</Unicode>
                </TextEquiv>
            </TextLine>
            <TextLine id="r3l5" custom="readingOrder {index:4;}">
                <Coords points="3351,1941 3467,1889 3730,1921 3847,1881 4008,1941 4083,1899 4171,1965 4264,1916 4745,1962 4750,1884 4623,1917 4582,1874 4400,1851 4332,1888 3988,1825 3944,1857 3791,1800 3706,1847 3650,1808 3358,1831"/>
                <Baseline points="3364,1882 3432,1878 3501,1874 3569,1872 3638,1872 3707,1874 3775,1875 3844,1878 3912,1882 3981,1887 4050,1891 4118,1896 4187,1902 4255,1909 4324,1916 4393,1922 4461,1927 4530,1932 4598,1937 4667,1940 4736,1944"/>
                <TextEquiv>
                    <Unicode>ohnmacht gefallen und nachdem sy widerumb</Unicode>
                </TextEquiv>
            </TextLine>
            <TextLine id="r3l6" custom="readingOrder {index:5;}">
                <Coords points="3336,2012 3860,1966 3933,2030 4168,1980 4209,2020 4638,2008 4710,2059 4765,1957 4473,1923 4404,1962 4263,1916 4165,1960 4079,1902 4005,1941 3844,1879 3729,1921 3466,1889 3340,1938"/>
                <Baseline points="3348,1972 3418,1967 3488,1962 3558,1960 3628,1958 3699,1958 3769,1960 3839,1962 3909,1965 3979,1968 4050,1973 4120,1977 4190,1982 4260,1986 4330,1992 4401,1997 4471,2001 4541,2006 4611,2010 4681,2013 4752,2016"/>
                <TextEquiv>
                    <Unicode>zuo iren selbst kommen habe sy das kind, so sich</Unicode>
                </TextEquiv>
            </TextLine>
            <TextLine id="r3l7" custom="readingOrder {index:6;}">
                <Coords points="3329,2085 3896,2047 4584,2141 4654,2098 4714,2157 4801,2136 4805,2036 4230,2024 4164,1983 3933,2031 3866,1971 3812,2011 3567,1970 3332,2015"/>
                <Baseline points="3340,2054 3412,2050 3485,2048 3557,2046 3630,2044 3703,2045 3775,2046 3848,2048 3920,2050 3993,2052 4066,2056 4138,2059 4211,2064 4283,2070 4356,2075 4429,2081 4501,2086 4574,2093 4646,2101 4719,2107 4792,2114"/>
                <TextEquiv>
                    <Unicode>gantz nichts mehr ruehrte, in ein züber gelegt</Unicode>
                </TextEquiv>
            </TextLine>
            <TextLine id="r3l8" custom="readingOrder {index:7;}">
                <Coords points="3341,2168 3974,2137 4072,2197 4280,2145 4450,2169 4502,2221 4568,2177 4681,2201 4657,2094 4583,2140 4380,2091 4327,2131 4254,2076 4047,2104 3958,2058 3344,2096"/>
                <Baseline points="3352,2142 3418,2137 3484,2133 3550,2130 3616,2128 3682,2128 3748,2128 3814,2128 3880,2130 3946,2132 4012,2134 4078,2138 4144,2141 4210,2144 4276,2149 4342,2154 4408,2158 4474,2163 4540,2169 4606,2173 4672,2178"/>
                <TextEquiv>
                    <Unicode>und under das bett gethan, morgents</Unicode>
                </TextEquiv>
            </TextLine>
            <TextLine id="r3l9" custom="readingOrder {index:8;}">
                <Coords points="3340,2234 3898,2218 4121,2267 4188,2225 4568,2303 4730,2271 4733,2198 4507,2222 4451,2170 4376,2198 4191,2151 4069,2197 3953,2140 3342,2178"/>
                <Baseline points="3350,2222 3418,2218 3487,2214 3555,2212 3624,2212 3692,2210 3761,2212 3829,2212 3898,2214 3966,2217 4035,2220 4103,2223 4172,2226 4240,2232 4309,2236 4377,2240 4446,2244 4514,2248 4583,2254 4651,2258 4720,2262"/>
                <TextEquiv>
                    <Unicode>aber im züber vor tag die halden hinab hinder</Unicode>
                </TextEquiv>
            </TextLine>
            <TextLine id="r3l10" custom="readingOrder {index:9;}">
                <Coords points="3349,2327 3528,2362 3630,2311 3722,2368 3873,2303 3961,2360 4041,2312 4233,2375 4313,2325 4757,2373 4692,2277 4528,2304 4182,2227 4124,2271 3861,2223 3351,2251"/>
                <Baseline points="3360,2308 3429,2304 3498,2302 3568,2300 3637,2298 3707,2298 3776,2298 3845,2298 3915,2300 3984,2302 4054,2304 4123,2306 4192,2310 4262,2314 4331,2318 4401,2322 4470,2326 4539,2331 4609,2336 4678,2342 4748,2346"/>
                <TextEquiv>
                    <Unicode>den garten ins sand, da es funden worden,</Unicode>
                </TextEquiv>
            </TextLine>
            <TextLine id="r3l11" custom="readingOrder {index:10;}">
                <Coords points="3331,2410 4794,2442 4720,2359 4524,2341 4373,2377 4015,2326 3960,2361 3882,2308 3705,2367 3623,2320 3529,2360 3334,2326"/>
                <Baseline points="3342,2392 3414,2388 3486,2386 3558,2385 3630,2384 3702,2384 3774,2386 3846,2386 3918,2388 3990,2390 4063,2392 4135,2396 4207,2399 4279,2402 4351,2406 4423,2410 4495,2413 4567,2416 4639,2420 4711,2424 4784,2428"/>
                <TextEquiv>
                    <Unicode>vergraben, daruon aber weder ir meister</Unicode>
                </TextEquiv>
            </TextLine>
            <TextLine id="r3l12" custom="readingOrder {index:11;}">
                <Coords points="3327,2499 3775,2467 3884,2513 3947,2468 4212,2464 4337,2517 4688,2495 4687,2424 4514,2460 4401,2409 4292,2444 3922,2395 3633,2432 3552,2383 3447,2435 3329,2413"/>
                <Baseline points="3338,2474 3405,2470 3472,2467 3539,2464 3606,2462 3673,2460 3740,2460 3807,2460 3874,2460 3941,2462 4008,2464 4075,2466 4142,2468 4209,2470 4276,2473 4343,2476 4410,2478 4477,2482 4544,2484 4611,2488 4678,2490"/>
                <TextEquiv>
                    <Unicode>noch fraw noch jemandts im hus nichts</Unicode>
                </TextEquiv>
            </TextLine>
            <TextLine id="r3l13" custom="readingOrder {index:12;}">
                <Coords points="3329,2595 4141,2543 4837,2612 4839,2492 4410,2531 4040,2468 3887,2516 3775,2468 3330,2500"/>
                <Baseline points="3340,2558 3414,2556 3488,2554 3563,2552 3637,2550 3712,2550 3786,2548 3860,2548 3935,2548 4009,2548 4084,2550 4158,2550 4232,2552 4307,2554 4381,2556 4456,2558 4530,2562 4604,2566 4679,2569 4753,2574 4828,2578"/>
                <TextEquiv>
                    <Unicode>gewüsst und diss sye in warheit also</Unicode>
                </TextEquiv>
            </TextLine>
            <TextLine id="r3l14" custom="readingOrder {index:13;}">
                <Coords points="3315,2674 4082,2693 4287,2642 4361,2705 4457,2646 4748,2663 4748,2575 4606,2618 4408,2555 3316,2594"/>
                <Baseline points="3326,2648 3396,2644 3467,2642 3537,2640 3608,2638 3679,2638 3749,2638 3820,2638 3890,2638 3961,2640 4032,2640 4102,2642 4173,2643 4243,2644 4314,2646 4385,2646 4455,2648 4526,2648 4596,2648 4667,2648 4738,2648"/>
                <TextEquiv>
                    <Unicode>und nit anderst verloffen. sy habe auch</Unicode>
                </TextEquiv>
            </TextLine>
            <TextLine id="r3l15" custom="readingOrder {index:14;}">
                <Coords points="3319,2755 4175,2727 4322,2786 4541,2733 4775,2799 4818,2693 4521,2699 4458,2647 4383,2706 4215,2657 4113,2706 3995,2659 3319,2685"/>
                <Baseline points="3328,2730 3402,2728 3476,2726 3550,2724 3624,2724 3698,2722 3772,2722 3846,2722 3920,2722 3994,2722 4068,2724 4142,2724 4216,2724 4290,2726 4364,2728 4438,2729 4512,2731 4586,2732 4660,2734 4734,2736 4808,2738"/>
                <TextEquiv>
                    <Unicode>niemahlen mit einichem anderen dan mit dem</Unicode>
                </TextEquiv>
            </TextLine>
            <TextLine id="r3l16" custom="readingOrder {index:15;} person {offset:5; length:6;}">
                <Coords points="3359,2832 3683,2864 3986,2795 4206,2861 4320,2811 4396,2863 4561,2817 4659,2860 4725,2838 4725,2757 4318,2783 4150,2727 3950,2770 3828,2724 3609,2778 3553,2726 3359,2772"/>
                <Baseline points="3368,2818 3435,2814 3502,2810 3570,2806 3637,2804 3705,2802 3772,2802 3839,2800 3907,2800 3974,2800 4042,2800 4109,2802 4176,2802 4244,2804 4311,2806 4379,2806 4446,2808 4513,2810 4581,2810 4648,2812 4716,2812"/>
                <TextEquiv>
                    <Unicode>hen. Binder sich in unküschheit vergessen</Unicode>
                </TextEquiv>
            </TextLine>
            <TextLine id="r3l17" custom="readingOrder {index:16;}">
                <Coords points="3355,2944 3752,2903 4058,2965 4142,2911 4321,2951 4371,2906 4740,2952 4739,2844 4567,2818 4403,2868 4315,2824 4198,2871 4134,2821 3355,2870"/>
                <Baseline points="3366,2918 3434,2914 3502,2912 3570,2909 3638,2906 3707,2905 3775,2904 3843,2902 3911,2902 3979,2902 4048,2902 4116,2902 4184,2902 4252,2902 4320,2904 4389,2904 4457,2906 4525,2908 4593,2910 4661,2911 4730,2914"/>
                <TextEquiv>
                    <Unicode>und obwol derselbig ira sith diser leidigen</Unicode>
                </TextEquiv>
            </TextLine>
            <TextLine id="r3l18" custom="readingOrder {index:17;}">
                <Coords points="3340,3029 4789,3013 4788,2925 3340,2936"/>
                <Baseline points="3350,2992 3421,2992 3492,2992 3564,2990 3635,2990 3707,2988 3778,2988 3849,2986 3921,2986 3992,2984 4064,2983 4135,2982 4206,2982 4278,2982 4349,2982 4421,2982 4492,2984 4563,2985 4635,2988 4706,2990 4778,2994"/>
                <TextEquiv>
                    <Unicode>schmertzhafften genisst mehr unküschheit</Unicode>
                </TextEquiv>
            </TextLine>
            <TextLine id="r3l19" custom="readingOrder {index:18;}">
                <Coords points="3331,3104 3626,3132 3706,3083 3772,3145 4034,3074 4099,3123 4227,3081 4484,3139 4568,3081 4792,3108 4792,3035 4563,2983 4457,3029 4262,2990 4098,3053 3852,3009 3331,3049"/>
                <Baseline points="3342,3088 3414,3086 3486,3082 3558,3081 3630,3080 3702,3078 3774,3078 3846,3076 3918,3076 3990,3076 4062,3076 4134,3076 4206,3076 4278,3076 4350,3076 4422,3076 4494,3076 4566,3076 4638,3076 4710,3076 4782,3078"/>
                <TextEquiv>
                    <Unicode>angemuothet, habe sy sich jedoch uss habender</Unicode>
                </TextEquiv>
            </TextLine>
            <TextLine id="r3l20" custom="readingOrder {index:19;}">
                <Coords points="3324,3224 3502,3238 3642,3173 3829,3231 3892,3176 4231,3219 4643,3158 4788,3195 4787,3111 4531,3095 4399,3143 4270,3092 4190,3143 4033,3074 3772,3145 3679,3098 3322,3122"/>
                <Baseline points="3334,3184 3406,3180 3478,3177 3550,3175 3622,3173 3695,3172 3767,3170 3839,3169 3911,3168 3983,3168 4056,3168 4128,3166 4200,3166 4272,3166 4344,3166 4417,3166 4489,3166 4561,3166 4633,3166 4705,3164 4778,3164"/>
                <TextEquiv>
                    <Unicode>forcht hieuor gehabter schmertzen nit mehr in</Unicode>
                </TextEquiv>
            </TextLine>
            <TextLine id="r3l21" custom="readingOrder {index:20;} textStyle {offset:4; length:2;strikethrough:true;} textStyle {offset:13; length:1;strikethrough:true;}">
                <Coords points="3322,3288 3731,3260 3899,3309 3991,3254 4092,3316 4171,3253 4258,3295 4436,3248 4701,3282 4732,3192 4658,3224 4461,3177 4384,3230 4101,3183 3827,3233 3650,3176 3322,3250"/>
                <Baseline points="3332,3278 3401,3271 3471,3267 3540,3263 3610,3259 3679,3257 3749,3255 3818,3254 3888,3252 3957,3252 4027,3252 4096,3254 4166,3254 4235,3254 4305,3256 4374,3256 4444,3258 4513,3258 4583,3260 4652,3260 4722,3260"/>
                <TextEquiv>
                    <Unicode>seines willens ergeben wöllen, bittet</Unicode>
                </TextEquiv>
            </TextLine>
            <TextLine id="r3l22" custom="readingOrder {index:21;}">
                <Coords points="3316,3405 3522,3358 3577,3406 3662,3349 4795,3386 4857,3354 4856,3244 4652,3301 4562,3261 4498,3303 3558,3274 3496,3328 3382,3276 3316,3315"/>
                <Baseline points="3326,3366 3402,3360 3478,3355 3554,3350 3630,3348 3706,3346 3782,3344 3858,3344 3934,3342 4010,3344 4086,3344 4162,3344 4238,3346 4314,3346 4390,3348 4466,3348 4542,3348 4618,3348 4694,3348 4770,3348 4846,3346"/>
                <TextEquiv>
                    <Unicode>hiemit gantz flächenlich umb gnad und dass</Unicode>
                </TextEquiv>
            </TextLine>
            <TextLine id="r3l23" custom="readingOrder {index:22;} textStyle {offset:19; length:4;strikethrough:true;}">
                <Coords points="3341,3467 3485,3506 3568,3444 3734,3480 3796,3439 3868,3503 3984,3453 4154,3506 4261,3450 4435,3506 4559,3443 4880,3451 4880,3337 4561,3409 4506,3364 4405,3410 4257,3356 4191,3400 3664,3350 3580,3408 3522,3358 3341,3407"/>
                <Baseline points="3352,3448 3427,3443 3503,3440 3579,3438 3655,3436 3731,3436 3807,3436 3883,3436 3959,3436 4035,3438 4111,3439 4186,3440 4262,3442 4338,3442 4414,3444 4490,3444 4566,3444 4642,3444 4718,3442 4794,3440 4870,3438"/>
                <TextEquiv>
                    <Unicode>man ire jugent (so sich ungfarlich im 17 oder 18ten</Unicode>
                </TextEquiv>
            </TextLine>
            <TextLine id="r3l24" custom="readingOrder {index:23;}">
                <Coords points="3328,3589 3451,3556 3709,3598 3918,3539 4016,3583 4074,3531 4388,3583 4455,3542 4767,3551 4767,3497 4609,3442 4439,3503 4211,3456 4154,3506 3970,3459 3868,3502 3798,3444 3559,3448 3485,3506 3329,3469"/>
                <Baseline points="3338,3540 3409,3536 3480,3534 3551,3532 3622,3530 3693,3530 3764,3528 3835,3528 3906,3528 3977,3528 4048,3530 4119,3530 4190,3532 4261,3532 4332,3534 4403,3534 4474,3536 4545,3538 4616,3540 4687,3542 4758,3544"/>
                <TextEquiv>
                    <Unicode>jar bestath) ansechen und derselben ver¬</Unicode>
                </TextEquiv>
            </TextLine>
            <TextLine id="r3l25" custom="readingOrder {index:24;}">
                <Coords points="4058,3626 4308,3631 4389,3683 4441,3682 4513,3615 4606,3657 4757,3634 4758,3564 4650,3574 4552,3542 4512,3577 4452,3552 4353,3592 4285,3567 4231,3578 4120,3529 4059,3540"/>
                <Baseline points="4068,3614 4102,3614 4136,3614 4170,3616 4204,3616 4238,3616 4272,3618 4306,3619 4340,3620 4374,3620 4408,3621 4442,3622 4476,3624 4510,3624 4544,3624 4578,3625 4612,3626 4646,3626 4680,3624 4714,3624 4748,3624"/>
                <TextEquiv>
                    <Unicode>sittenmahlen sy nit</Unicode>
                </TextEquiv>
            </TextLine>
            <TextLine id="r3l26" custom="readingOrder {index:25;}">
                <Coords points="3347,3702 3418,3642 3522,3674 3742,3618 3806,3661 3840,3655 3858,3649 3853,3544 3797,3547 3713,3595 3668,3577 3592,3594 3557,3562 3488,3595 3420,3560 3341,3586"/>
                <Baseline points="3354,3632 3379,3632 3405,3634 3431,3635 3457,3636 3483,3635 3509,3634 3535,3632 3561,3630 3587,3629 3612,3627 3638,3625 3664,3624 3690,3621 3716,3620 3742,3618 3768,3618 3794,3616 3820,3618 3846,3618"/>
                <TextEquiv>
                    <Unicode>schonen welle,</Unicode>
                </TextEquiv>
            </TextLine>
            <TextLine id="r3l27" custom="readingOrder {index:26;} DIWO {offset:23; length:4;}">
                <Coords points="3316,3756 4105,3705 4195,3752 4636,3712 4748,3759 4759,3639 4597,3670 4513,3615 4441,3684 4030,3631 3315,3666"/>
                <Baseline points="3326,3730 3397,3723 3468,3717 3539,3713 3610,3710 3682,3706 3753,3704 3824,3704 3895,3702 3966,3702 4038,3702 4109,3702 4180,3704 4251,3704 4322,3705 4394,3706 4465,3706 4536,3706 4607,3706 4678,3706 4750,3706"/>
                <TextEquiv>
                    <Unicode>gewüsst was schwangere lüth noch</Unicode>
                </TextEquiv>
            </TextLine>
            <TextLine id="r3l28" custom="readingOrder {index:27;}">
                <Coords points="3305,3838 3746,3875 3831,3817 3884,3855 4001,3805 4442,3810 4517,3855 4611,3804 4706,3871 4791,3828 4790,3752 4614,3720 4406,3772 4255,3714 4175,3771 4067,3716 3893,3783 3810,3735 3645,3782 3399,3722 3304,3766"/>
                <Baseline points="3314,3820 3387,3818 3460,3818 3534,3816 3607,3814 3681,3812 3754,3810 3827,3808 3901,3806 3974,3804 4048,3803 4121,3802 4194,3801 4268,3800 4341,3800 4415,3800 4488,3801 4561,3802 4635,3804 4708,3806 4782,3808"/>
                <TextEquiv>
                    <Unicode>kinder gebähren oder dieselben abzuobinden</Unicode>
                </TextEquiv>
            </TextLine>
            <TextLine id="r3l29" custom="readingOrder {index:28;}">
                <Coords points="3324,3923 4129,3895 4304,3957 4416,3889 4490,3938 4576,3911 4575,3849 4254,3809 3990,3807 3910,3867 3837,3817 3766,3873 3654,3878 3323,3835"/>
                <Baseline points="3334,3908 3395,3906 3457,3906 3518,3906 3580,3904 3642,3902 3703,3902 3765,3900 3826,3898 3888,3898 3950,3896 4011,3894 4073,3894 4134,3892 4196,3892 4258,3892 4319,3892 4381,3892 4442,3892 4504,3892 4566,3894"/>
                <TextEquiv>
                    <Unicode>und wie mit inen umbzuogehen sye,</Unicode>
                </TextEquiv>
            </TextLine>
            <TextLine id="r3l30" custom="readingOrder {index:29;}">
                <Coords points="3328,4030 3716,4026 3784,3980 3991,4050 4361,3986 4602,4052 4688,3988 4806,4054 4848,3928 4756,3940 4660,3868 4311,3958 4071,3902 3973,3952 3802,3902 3636,3952 3328,3934"/>
                <Baseline points="3338,3994 3413,3991 3488,3988 3563,3985 3638,3982 3713,3982 3788,3980 3863,3980 3938,3978 4013,3978 4088,3980 4163,3980 4238,3980 4313,3982 4388,3982 4463,3984 4538,3985 4613,3986 4688,3988 4763,3988 4838,3990"/>
                <TextEquiv>
                    <Unicode>sy habe auch niemahlen einichen vorsatz noch</Unicode>
                </TextEquiv>
            </TextLine>
            <TextLine id="r3l31" custom="readingOrder {index:30;}">
                <Coords points="3318,4084 3419,4145 3571,4080 3665,4126 3807,4071 3894,4125 3966,4070 4072,4124 4200,4075 4651,4097 4735,4084 4735,3992 4603,4053 4356,3986 4080,4044 3318,4010"/>
                <Baseline points="3328,4086 3397,4082 3467,4080 3537,4078 3607,4076 3677,4074 3747,4072 3817,4072 3887,4070 3957,4070 4027,4070 4096,4070 4166,4070 4236,4070 4306,4070 4376,4071 4446,4072 4516,4072 4586,4074 4656,4075 4726,4076"/>
                <TextEquiv>
                    <Unicode>vil weniger anwysung gehabt diss kind</Unicode>
                </TextEquiv>
            </TextLine>
            <TextLine id="r3l32" custom="readingOrder {index:31;}">
                <Coords points="3304,4217 3370,4171 3438,4210 4165,4152 4893,4179 4892,4069 4822,4047 4568,4120 4281,4074 4093,4131 3966,4069 3901,4132 3758,4076 3436,4142 3303,4089"/>
                <Baseline points="3314,4166 3392,4166 3470,4166 3549,4166 3627,4165 3706,4164 3784,4162 3862,4161 3941,4159 4019,4158 4098,4156 4176,4154 4254,4154 4333,4154 4411,4154 4490,4154 4568,4155 4646,4158 4725,4160 4803,4165 4882,4170"/>
                <TextEquiv>
                    <Unicode>zuouerderben, sy muesse zwar wol bekennen,</Unicode>
                </TextEquiv>
            </TextLine>
            <TextLine id="r3l33" custom="readingOrder {index:32;}">
                <Coords points="3319,4278 3577,4305 3679,4251 4180,4243 4409,4312 4531,4242 4745,4268 4745,4222 4617,4168 3319,4204"/>
                <Baseline points="3328,4252 3398,4250 3468,4250 3539,4248 3609,4246 3680,4246 3750,4244 3820,4242 3891,4242 3961,4242 4032,4240 4102,4240 4172,4242 4243,4242 4313,4242 4384,4244 4454,4246 4524,4249 4595,4251 4665,4254 4736,4258"/>
                <TextEquiv>
                    <Unicode>dass sy jemand daruon hette sagen söllen,</Unicode>
                </TextEquiv>
            </TextLine>
            <TextLine id="r3l34" custom="readingOrder {index:33;}">
                <Coords points="3312,4364 3507,4335 3563,4390 3671,4338 3777,4393 3836,4335 4262,4329 4462,4393 4777,4382 4778,4264 4645,4298 4533,4243 4419,4308 4183,4245 4000,4300 3682,4252 3569,4310 3493,4261 3313,4282"/>
                <Baseline points="3322,4336 3394,4336 3466,4336 3538,4336 3611,4334 3683,4334 3755,4332 3828,4332 3900,4330 3972,4330 4045,4330 4117,4330 4189,4330 4261,4330 4334,4332 4406,4334 4478,4336 4551,4338 4623,4343 4695,4347 4768,4354"/>
                <TextEquiv>
                    <Unicode>die verschwigenheit aber sye geschechen</Unicode>
                </TextEquiv>
            </TextLine>
            <TextLine id="r3l35" custom="readingOrder {index:34;}">
                <Coords points="3336,4439 3381,4414 3412,4440 3534,4440 3609,4488 3680,4447 3890,4412 3949,4467 3997,4447 4035,4478 4110,4476 4109,4393 3998,4341 3934,4361 3899,4338 3766,4395 3683,4342 3643,4367 3607,4349 3561,4390 3507,4336 3463,4369 3397,4342 3335,4357"/>
                <Baseline points="3346,4430 3383,4428 3421,4426 3458,4426 3496,4425 3534,4424 3571,4424 3609,4423 3646,4422 3684,4422 3722,4422 3759,4421 3797,4420 3834,4420 3872,4420 3910,4420 3947,4420 3985,4420 4022,4420 4060,4420 4098,4418"/>
                <TextEquiv>
                    <Unicode>uss forcht und scham.</Unicode>
                </TextEquiv>
            </TextLine>
            <TextLine id="r3l36" custom="readingOrder {index:35;}">
                <Coords points="3236,4637 3727,4673 4196,4621 4614,4697 4857,4651 4858,4589 4397,4545 4319,4594 4197,4533 4128,4577 3860,4522 3729,4595 3502,4515 3237,4551"/>
                <Baseline points="3246,4630 3326,4628 3406,4626 3486,4626 3566,4626 3646,4626 3726,4626 3806,4626 3886,4626 3966,4627 4047,4628 4127,4629 4207,4630 4287,4631 4367,4632 4447,4634 4527,4635 4607,4636 4687,4638 4767,4638 4848,4638"/>
                <TextEquiv>
                    <Unicode>wylen nach beschechnem widerbringen obiger</Unicode>
                </TextEquiv>
            </TextLine>
            <TextLine id="r3l37" custom="readingOrder {index:36;}">
                <Coords points="3176,4773 3290,4719 3745,4745 3853,4695 4076,4771 4210,4723 4534,4775 4793,4727 4779,4653 4615,4697 3925,4621 3717,4683 3176,4597"/>
                <Baseline points="3186,4724 3265,4722 3345,4720 3425,4718 3505,4718 3585,4716 3664,4716 3744,4716 3824,4716 3904,4716 3984,4716 4063,4716 4143,4716 4223,4718 4303,4718 4383,4718 4462,4718 4542,4720 4622,4720 4702,4720 4782,4720"/>
                <TextEquiv>
                    <Unicode>bekantnuss mghen. sich derselbigen nit</Unicode>
                </TextEquiv>
            </TextLine>
            <TextLine id="r3l38" custom="readingOrder {index:37;}">
                <Coords points="3333,4817 3417,4853 3538,4809 3606,4859 3684,4809 4662,4802 4810,4848 4810,4740 3333,4747"/>
                <Baseline points="3344,4800 3416,4802 3489,4802 3562,4804 3635,4804 3708,4804 3780,4806 3853,4806 3926,4806 3999,4806 4072,4806 4144,4806 4217,4806 4290,4804 4363,4804 4436,4804 4508,4804 4581,4804 4654,4804 4727,4804 4800,4802"/>
                <TextEquiv>
                    <Unicode>ersettiget, sondern den tod diss kindts noch</Unicode>
                </TextEquiv>
            </TextLine>
            <TextLine id="r3l39" custom="readingOrder {index:38;}">
                <Coords points="3335,4905 3631,4898 3691,4942 3860,4891 3996,4949 4078,4889 4236,4927 4495,4878 4667,4929 4829,4911 4829,4857 4661,4803 4160,4853 3334,4827"/>
                <Baseline points="3344,4888 3417,4888 3491,4890 3565,4890 3639,4888 3713,4888 3786,4888 3860,4887 3934,4886 4008,4886 4082,4884 4155,4884 4229,4884 4303,4884 4377,4884 4451,4884 4524,4884 4598,4886 4672,4886 4746,4888 4820,4890"/>
                <TextEquiv>
                    <Unicode>in etwas verdächtig gehalten und desswegen</Unicode>
                </TextEquiv>
            </TextLine>
            <TextLine id="r3l40" custom="readingOrder {index:39;} person {offset:7; length:7;}">
                <Coords points="3339,4997 3954,4972 4054,5035 4255,4969 4793,5028 4822,4884 4696,4939 4465,4880 4287,4938 4079,4890 4002,4944 3858,4891 3692,4943 3574,4892 3339,4915"/>
                <Baseline points="3348,4964 3421,4968 3494,4970 3567,4972 3640,4972 3714,4972 3787,4972 3860,4972 3933,4971 4006,4970 4080,4969 4153,4968 4226,4968 4299,4968 4372,4968 4446,4968 4519,4970 4592,4973 4665,4976 4738,4982 4812,4988"/>
                <TextEquiv>
                    <Unicode>mhhen. Lentulo befolchen ernante dirnen</Unicode>
                </TextEquiv>
            </TextLine>
            <TextLine id="r3l41" custom="readingOrder {index:40;} DIWO {offset:8; length:7;} DIWO {offset:16; length:6;}">
                <Coords points="3325,5085 4772,5105 4772,4994 4634,4979 4560,5039 4254,4970 4031,5044 3957,4976 3852,5021 3737,4984 3646,5029 3476,4966 3326,5013"/>
                <Baseline points="3336,5056 3407,5059 3478,5062 3549,5064 3621,5066 3692,5066 3763,5066 3835,5068 3906,5068 3977,5068 4049,5066 4120,5066 4191,5066 4262,5066 4334,5067 4405,5068 4476,5068 4548,5070 4619,5072 4690,5075 4762,5078"/>
                <TextEquiv>
                    <Unicode>mit dem dumisen fecken zuolassen, ist</Unicode>
                </TextEquiv>
            </TextLine>
            <TextLine id="r3l43" custom="readingOrder {index:41;} date {offset:11; length:11;}">
                <Coords points="3349,5148 3607,5164 3693,5219 3787,5166 4118,5168 4224,5223 4611,5174 4611,5085 4551,5123 4477,5080 4365,5112 4044,5079 3904,5126 3852,5078 3754,5119 3630,5074 3349,5082"/>
                <Baseline points="3358,5152 3420,5152 3482,5154 3544,5154 3606,5156 3668,5156 3730,5158 3792,5158 3854,5160 3916,5160 3979,5160 4041,5162 4103,5162 4165,5162 4227,5162 4289,5162 4351,5162 4413,5162 4475,5160 4537,5160 4600,5158"/>
                <TextEquiv>
                    <Unicode>dasselbige den 19 tito in bysyn jr.</Unicode>
                </TextEquiv>
            </TextLine>
            <TextLine id="r3l44" custom="readingOrder {index:42;} person {offset:17; length:9;} person {offset:33; length:8; continued:true;}">
                <Coords points="3264,5294 3508,5239 4107,5293 4484,5235 4879,5272 4879,5194 4704,5166 4436,5221 3264,5177"/>
                <Baseline points="3274,5254 3353,5251 3433,5248 3513,5246 3592,5246 3672,5246 3752,5246 3831,5246 3911,5246 3991,5248 4071,5248 4150,5249 4230,5250 4310,5250 4389,5250 4469,5250 4549,5250 4628,5249 4708,5247 4788,5244 4868,5240"/>
                <TextEquiv>
                    <Unicode>grossweibels von Luthernow, hen. Johannes</Unicode>
                </TextEquiv>
            </TextLine>
            <TextLine id="r3l45" custom="readingOrder {index:43;} person {offset:0; length:8; continued:true;} person {offset:18; length:18;}">
                <Coords points="3344,5381 3680,5379 3872,5318 3949,5360 4253,5344 4356,5396 4431,5344 4714,5356 4736,5280 4483,5235 4185,5307 4068,5253 3610,5306 3509,5238 3343,5307"/>
                <Baseline points="3354,5340 3422,5340 3491,5338 3559,5338 3628,5336 3697,5336 3765,5334 3834,5334 3902,5333 3971,5332 4040,5332 4108,5332 4177,5332 4245,5332 4314,5332 4383,5332 4451,5332 4520,5332 4588,5332 4657,5334 4726,5334"/>
                <TextEquiv>
                    <Unicode>Holtzers und hen. Samuel Tschiffelis</Unicode>
                </TextEquiv>
            </TextLine>
            <TextLine id="r3l46" custom="readingOrder {index:44;}">
                <Coords points="3320,5455 3569,5496 3691,5428 4152,5433 4441,5488 4571,5430 4739,5494 4881,5443 4881,5363 4348,5402 4218,5345 3979,5391 3875,5321 3695,5392 3444,5358 3320,5399"/>
                <Baseline points="3330,5430 3407,5430 3484,5431 3561,5432 3638,5432 3715,5432 3792,5432 3869,5432 3946,5432 4023,5432 4101,5432 4178,5430 4255,5430 4332,5430 4409,5430 4486,5430 4563,5430 4640,5429 4717,5428 4794,5428 4872,5428"/>
                <TextEquiv>
                    <Unicode>beschechen, hatt aber über obige ire vergicht</Unicode>
                </TextEquiv>
            </TextLine>
            <TextLine id="r3l47" custom="readingOrder {index:45;}">
                <Coords points="3326,5533 4023,5581 4140,5529 4835,5539 4835,5468 4692,5495 4536,5423 4448,5480 4308,5442 4125,5491 3901,5437 3643,5494 3326,5459"/>
                <Baseline points="3336,5512 3410,5519 3484,5524 3559,5527 3633,5530 3708,5532 3782,5534 3856,5534 3931,5534 4005,5534 4080,5534 4154,5532 4228,5530 4303,5530 4377,5528 4452,5526 4526,5524 4600,5522 4675,5520 4749,5520 4824,5518"/>
                <TextEquiv>
                    <Unicode>verners nit bekennen wöllen, sondern mit</Unicode>
                </TextEquiv>
            </TextLine>
            <TextLine id="r3l48" custom="readingOrder {index:46;}">
                <Coords points="3381,5612 4000,5669 4583,5608 4814,5672 4773,5530 4635,5578 4439,5528 4022,5583 3900,5541 3381,5560"/>
                <Baseline points="3390,5600 3460,5604 3531,5608 3602,5611 3672,5613 3743,5615 3814,5616 3884,5616 3955,5616 4026,5616 4097,5616 4167,5614 4238,5614 4309,5612 4379,5610 4450,5610 4521,5608 4591,5608 4662,5606 4733,5606 4804,5606"/>
                <TextEquiv>
                    <Unicode>weinenden augen bezüget, dass sy niemahlen</Unicode>
                </TextEquiv>
            </TextLine>
            <TextLine id="r3l49" custom="readingOrder {index:47;}">
                <Coords points="3331,5720 4081,5709 4229,5762 4337,5692 4700,5708 4700,5603 4524,5661 4376,5608 4295,5666 4233,5629 3997,5671 3881,5624 3766,5668 3332,5614"/>
                <Baseline points="3342,5688 3409,5690 3476,5693 3544,5696 3611,5698 3679,5700 3746,5700 3813,5702 3881,5702 3948,5702 4016,5702 4083,5702 4150,5702 4218,5700 4285,5700 4353,5700 4420,5700 4487,5698 4555,5698 4622,5698 4690,5698"/>
                <TextEquiv>
                    <Unicode>im sinn gehabt bim wenigsten das kind</Unicode>
                </TextEquiv>
            </TextLine>
            <TextLine id="r3l50" custom="readingOrder {index:48;}">
                <Coords points="3321,5828 4830,5831 4882,5813 4883,5689 4578,5758 4336,5702 4235,5760 3897,5708 3826,5756 3698,5709 3322,5727"/>
                <Baseline points="3332,5782 3409,5784 3486,5788 3563,5790 3640,5792 3717,5792 3794,5792 3871,5794 3948,5794 4025,5794 4102,5793 4179,5792 4256,5792 4333,5792 4410,5792 4487,5792 4564,5792 4641,5794 4718,5795 4795,5796 4872,5798"/>
                <TextEquiv>
                    <Unicode>zuouerderben, aber wol wan dasselbig das</Unicode>
                </TextEquiv>
            </TextLine>
            <TextLine id="r3l51" custom="readingOrder {index:49;} DIWO {offset:32; length:10;}">
                <Coords points="3351,5911 3555,5947 3731,5894 4218,5886 4288,5925 4529,5876 4599,5940 4663,5876 4753,5890 4753,5809 4144,5848 3987,5796 3350,5819"/>
                <Baseline points="3360,5874 3429,5878 3498,5880 3567,5882 3636,5882 3706,5884 3775,5884 3844,5884 3913,5884 3982,5882 4052,5882 4121,5880 4190,5880 4259,5878 4328,5878 4398,5878 4467,5876 4536,5876 4605,5876 4674,5876 4744,5878"/>
                <TextEquiv>
                    <Unicode>leben gehabt hette ordenlich in zuofäschen,</Unicode>
                </TextEquiv>
            </TextLine>
            <TextLine id="r3l52" custom="readingOrder {index:50;}">
                <Coords points="3350,5972 3909,5968 4221,6024 4534,5975 4758,6027 4759,5902 4695,5866 4599,5940 4529,5875 4466,5933 4387,5886 4270,5940 4158,5887 3735,5897 3685,5942 3350,5912"/>
                <Baseline points="3360,5960 3429,5964 3498,5968 3568,5972 3637,5974 3707,5975 3776,5976 3845,5976 3915,5976 3984,5974 4054,5974 4123,5972 4192,5972 4262,5972 4331,5972 4401,5972 4470,5972 4539,5974 4609,5976 4678,5979 4748,5984"/>
                <TextEquiv>
                    <Unicode>in ein ander huss zuotragen und darzuo</Unicode>
                </TextEquiv>
            </TextLine>
            <TextLine id="r3l53" custom="readingOrder {index:51;}">
                <Coords points="3333,6072 3425,6044 3737,6116 3956,6090 4006,6119 4141,6045 4291,6085 4291,6029 4135,5991 4029,5981 3977,6023 3909,5968 3863,6005 3819,5966 3520,6013 3412,5965 3334,5986"/>
                <Baseline points="3344,6040 3390,6043 3437,6046 3484,6048 3531,6050 3578,6052 3624,6054 3671,6054 3718,6056 3765,6056 3812,6056 3858,6056 3905,6056 3952,6056 3999,6056 4046,6056 4092,6056 4139,6056 4186,6056 4233,6056 4280,6056"/>
                <TextEquiv>
                    <Unicode>ordenlich sorg zuohalten.</Unicode>
                </TextEquiv>
            </TextLine>
            <TextEquiv>
                <Unicode>189.
kind habe sich auch umb etwas gruehrt
und bloderet, aber bim wenigsten nüt grinnen.
Sy sye auch alsbald nach der gnisst ein
ohnmacht gefallen und nachdem sy widerumb
zuo iren selbst kommen habe sy das kind, so sich
gantz nichts mehr ruehrte, in ein züber gelegt
und under das bett gethan, morgents
aber im züber vor tag die halden hinab hinder
den garten ins sand, da es funden worden,
vergraben, daruon aber weder ir meister
noch fraw noch jemandts im hus nichts
gewüsst und diss sye in warheit also
und nit anderst verloffen. sy habe auch
niemahlen mit einichem anderen dan mit dem
hen. Binder sich in unküschheit vergessen
und obwol derselbig ira sith diser leidigen
schmertzhafften genisst mehr unküschheit
angemuothet, habe sy sich jedoch uss habender
forcht hieuor gehabter schmertzen nit mehr in
seines willens ergeben wöllen, bittet
hiemit gantz flächenlich umb gnad und dass
man ire jugent (so sich ungfarlich im 17 oder 18ten
jar bestath) ansechen und derselben ver¬
sittenmahlen sy nit
schonen welle,
gewüsst was schwangere lüth noch
kinder gebähren oder dieselben abzuobinden
und wie mit inen umbzuogehen sye,
sy habe auch niemahlen einichen vorsatz noch
vil weniger anwysung gehabt diss kind
zuouerderben, sy muesse zwar wol bekennen,
dass sy jemand daruon hette sagen söllen,
die verschwigenheit aber sye geschechen
uss forcht und scham.
wylen nach beschechnem widerbringen obiger
bekantnuss mghen. sich derselbigen nit
ersettiget, sondern den tod diss kindts noch
in etwas verdächtig gehalten und desswegen
mhhen. Lentulo befolchen ernante dirnen
mit dem dumisen fecken zuolassen, ist
dasselbige den 19 tito in bysyn jr.
grossweibels von Luthernow, hen. Johannes
Holtzers und hen. Samuel Tschiffelis
beschechen, hatt aber über obige ire vergicht
verners nit bekennen wöllen, sondern mit
weinenden augen bezüget, dass sy niemahlen
im sinn gehabt bim wenigsten das kind
zuouerderben, aber wol wan dasselbig das
leben gehabt hette ordenlich in zuofäschen,
in ein ander huss zuotragen und darzuo
ordenlich sorg zuohalten.</Unicode>
            </TextEquiv>
        </TextRegion>
    </Page>
</PcGts>
