5472 7296
628 1346 824 1497 128.
939 1408 2401 1609 Imme auch befolchen, die berusten Zwei
962 1541 2366 1725 Menner vff der Stras anzugreiffen
1035 1649 1518 1820 und zu schlagen,
1029 1757 2337 1937 Ebenmeßig habe er auch dem Müller zu
1036 1839 2343 2029 Gechste, sein werch vff der Rötze ver¬
1044 1966 1594 2131 bronnen helffen.
966 2058 2402 2235 Nit weniger seye auch wahr, daß er dem
1021 2174 2315 2332 Güttigkofer in wahrend seiner ge¬
1047 2275 2354 2446 fangenschafft, vnd zweyen mahlen, gelt
1034 2344 2337 2532 In 2 maßen weins geschickt, vnd Ime
1034 2450 2358 2635 versprochen, ein kind zu erhalten, sye aber
1038 2566 2379 2725 alles in keiner bösen intention beschehen.
1006 2717 2369 2921 Vom gestolnen bock, habe er, vff einladen
1026 2857 2237 3002 deß Büttwofers geßen, aber nit
1052 2951 1980 3118 gwüßt, daß es gestolen.
1037 3027 2379 3215 Deßgleich von Bentz kuffen Vrsper,
1024 3159 2323 3321 doch seye Jene in wüßen gewesen,
1020 3240 2306 3414 daß selbiger gestolen, darzu aber
2169 3354 2239 3430 .
1010 3336 2169 3535 habe er weder rath nach that geben
1057 3501 2248 3691 Daß er aber bemeltem Gütigkoter
1039 3639 2293 3775 befolchen, die lüth zu Jegenstorff oder
1040 3726 2380 3880 anderstwo by wahrenden scharmitzel
1059 3811 2302 3941 as der Newenbrugg, vfzumahnen,
1340 3893 2288 4041 Wol habe er Zū Ime
1031 3913 1328 4041 styr nit.
1051 3967 2312 4139 gesagt, er möge ryth wo er wölle,
1027 4064 2281 4218 dan ers Ime weder verbiete noch
1043 4177 1297 4295 heiße.
1064 4259 2256 4440 Vernemet auch, daß er einich Schaf
1064 4395 2174 4537 dem müller nemmen helffen.
906 4518 2275 4720 Betreffend herren kurtzen hüßli, seye
1021 4655 2336 4818 daßelbig allein ein schlecht scharin hüttli
1022 4752 2276 4897 gewesen, welches die gantze gmein
1022 4839 2310 4989 Vngern im holtz gesuch, deßwegen
1021 4925 2247 5083 erselbiges, in bysyn etlicher seiner
1023 4989 2268 5167 nachbuhren, muthwilliger weiß
1020 5104 1805 5252 anzündt und verbrönt.
964 5232 2268 5430 Entlichen müße er auch bekantlich sein,
990 5357 2244 5503 daß erstich mit dara Berner
988 5469 2138 5606 der hieuorgedacht dirnen, In
989 5534 2289 5692 Ehebruch vertrabt, und anfengklich
727 5610 989 5766 ungefahr
1008 5644 2295 5796 vor 15 jahren unfehrn von der inwen
1003 5727 2353 5900 brugg, und siderbar zu vnderschidenlich
1007 5827 2178 5977 mahlen, wie offt und an welch orthen
964 5905 2332 6074 aber, wüße er sich nit mehr zuuersinnen
621 6027 2335 6217 Was seinet halben von mahl den räthen erkent worden,
647 6125 1408 6304 viel hernach folio 134.
2983 5323 3079 5485 E
4355 1401 4569 1583 29.
3056 1493 4451 1684 Durch mehr heimlicher gatschet, ist
3146 1614 4472 1767 in bysyn meiner auch herren herren Müllers,
3120 1688 4420 1842 H. Husers, vnd S. Großweibels von
3156 1786 4597 1953 Wattenweil, Tags vorstath, examinirt
3134 1880 3538 2000 worden.
3308 1957 4628 2182 Peter Mosimari von Lauperschwyl
3132 2097 4471 2265 welcher vor vngefahr 4 Jahren, wegen
3156 2188 4520 2323 verübter hurey mit einer seiner baßen,
3149 2286 4572 2424 mit dem Eid des Landts verwisen, hernach
3152 2363 4456 2502 aber seinem fürgeben nach, von Ir gut
3154 2446 4532 2603 widerumb begnädiget worden) hatt
3126 2537 3442 2658 bekent:
3151 2650 4599 2829 daß er verschinnen herbsts zu Walckringen
3140 2767 4605 2908 Dem Amman daselbst ein roßen nachts un
3167 2861 4497 2997 der weid genommen, vnd biß nacher
3134 2949 4561 3083 Schwartzenburg geführt, welchem der
3114 3039 4613 3182 Amman durch seinen knecht nach ehlen laßen,
3126 3134 4590 3282 also daß er es zu Schwartzenburg, neben
3144 3216 4632 3381 noch 8 F. für seinen geforderet laßen, von
3154 3311 4102 3458 Imme widerumb bekomen.
3111 3415 4626 3553 Sonst habe er sein lebtag verners nichts
3135 3525 4545 3667 entwendet, sonder sich mit dienen, by
3143 3608 4516 3754 Vnderschidenlich herren, so wol alhie
3128 3693 4669 3849 In der Statt als anderstwo redlich gehalt
3130 3791 4378 3973 bittet hiemit vmb gnad etc.
3001 3907 4603 4137 Ist den 2. aprilis 1654 im strecken
3139 4037 4614 4190 thurn, in bywesen herren gatschets deß
3131 4124 4631 4291 kleinen H. Geörg Kachs und ir Groß
3138 4226 4608 4368 weibelis von Vattenwyl, des groß
3133 4307 4609 4467 Rahts, verners Examiniert, vnd Lahr
3132 4412 4645 4566 aufgezogen worden, hat aber nichts
3140 4504 4674 4638 anders bekennen wollen, dann das
3127 4594 4659 4753 er obiges Roß begert zustehlen vnd
3122 4685 4719 4878 fur ihne zu behalten, morgens aber
3122 4780 4693 4982 seye er in einen gefallen, den Vndt
3139 4869 4695 5057 dann belangendt, habe er, leider, auch
3124 4976 4621 5152 weßentlich übersechen, vnd hiemit
3122 5062 4681 5216 deß ein vnd anderen, sonderlich der hurey
3115 5155 4305 5338 halb gar übel gefählt etc.
3099 5296 4715 5490 Worüber er, verman Raht zedels dat
3165 5400 4741 5547 den 14. aprilis 1654 zwo stundt an
3131 5497 4633 5663 das halßysen gestelt, vnd volgents
4637 5500 4734 5595 .
3152 5585 4747 5756 widerumb ohne vertröstung kernere gnad
3164 5681 4689 5868 von seines, mit seines vetteren bei be¬
3146 5778 4701 5963 gangnen reiterierlichen fählers, vnd
3153 5892 4701 6060 siderhangen Endts vberseihnnewer,
3155 5956 4648 6137 mit den keit von Ir Gn Statt
3158 6087 4409 6270 und landtverwisen worden.
