5472 7296
711 1707 778 1774 d
707 4484 782 4629 C
741 1454 969 1630 198.
821 4829 939 5118 .
1389 1475 2297 1666 Joseps chantrens
1561 1597 2135 1724 von Ca Sarra
1488 1679 1946 1792 in genanten
1297 1678 1395 1810 e
1089 1754 2639 1971 Weilen mein gnädig herren vnd Oberen
1139 1890 2597 2041 so wol uß der kundtschafft welche in der
1151 1964 2574 2125 Cantzley ligen bliben, als sonsten, den schon
1136 2047 2549 2202 ein gutte Zeit in banden ligenden Joseph
1147 2141 2531 2280 Chantrens am letzen, vnd hiemit seiner
1134 2226 2569 2378 ußgoßnen worten schuldig erfunden, als
1119 2299 2557 2493 habend ir gut inne zu gnädiger wol
1098 2391 2525 2574 Verdienter straff, ein Viertel Jar ins
1120 2489 2521 2667 Schallenwerck erkent, nach verfließung
1202 2573 2510 2759 deßelben aber Ime vferlegt, alhie vor
1133 2629 1205 2750 d
1156 2680 2632 2824 einem ersammen gricht, den beleidigten nicht
1103 2758 2567 2923 Herren Schultheißen vnd Rath reparation
1139 2846 2522 3011 zethin mit actum 19. maii 1688
1126 2931 2563 3129 Ist selben tags ins schallenwerck kommen.
1407 3186 2235 3447 Anni Guttman
1413 3406 2045 3547 von Müntscheiner
1102 3479 2617 3670 Dieselbige hatt durch mittel vier Looß, Prech¬
1152 3580 2438 3726 ung, den Vierten faller vff sich gezogen,
1134 3667 2413 3824 Ist deßwegen vff Ir Gut befelch
1133 3703 2531 3887 mit dem Eid von Statt vnd Land verwisen
1165 3836 2133 3983 worden den 20. junii 1655.
1381 4078 2026 4299 Bartli Rodt
1546 4266 1939 4391 von Inns
1093 4330 2605 4485 Ist ebenmeßig wegen des anderen Ehebruchs
1090 4426 2500 4596 nach dem neüwen gsatzen uß ir gut befelch
1115 4522 2577 4688 Eidtlich von Statt und Land verwisen worden.
1149 4630 1677 4805 2. julii 1687.
1059 4830 2540 5053 Desgleichen Madle Schertz von Thuenen
1143 4953 2521 5110 wegen begangnen diebstälen, nachdem
1090 5030 2541 5211 sich zuuor etlichen wochen im schällenwerchen
1013 5133 2087 5299 so gewesen, oder die
2721 4872 3197 5047 ohngfar einen Par
3414 1532 3544 1620 .
4572 1559 4773 1699 199
3539 1589 4269 1790 d eadle Bernia
3484 1718 4747 1900 samel hertigs im Weyer by Münsing tochter
3256 1743 4722 2022 Nachdem dieselbige von schlächt bekent, diebstälen
3346 1893 3819 1993 wegen, den
3988 1943 4640 2080 maii 1685 von B�ren
3345 1970 4548 2148 alhar ins Schallenwerck und siderhar
3342 2043 4628 2204 mahl vorkommen, daß sy iren namen
3331 2124 4605 2273 faltschlich angeben, in dem sy sich Madler
3335 2191 4690 2348 Roth anfängklich genamstet, auch noch andere
3355 2273 4637 2450 diebstal begangen, habent er gut
3327 2356 4745 2535 herren Amman stüeler und mir dem gricht
3330 2435 4713 2589 hreiber befolhen, bemelte Persohn deß
3353 2516 4736 2660 ammen und anderen halb zu examinieren
3361 2583 4768 2761 Die hatt nun den 3. julii 1657 bekent.
3307 2692 4583 2875 Es seye nun mehr in die funffthalb Jar
3354 2810 4658 2935 daß sy mit einen Irem bruder vnd einer
3337 2893 4726 3000 Irer Schwester, von Trey Elteren, by denen
3353 2980 4666 3099 sey nit mehr gnugsam zu eßen hatten, hinab
3297 3026 4714 3176 Ins Niderland zogl. allwo sey sich innert
3310 3119 4749 3266 bemelter zeit mit diene redlich meisteren
3319 3196 4669 3345 vfgehalten, volgents aber lufft bekommen,
3317 3281 4679 3420 sich widerumb nach heimat in andere
3302 3356 4666 3499 redliche dienst zuuerfügt, da sy das
3320 3432 4680 3565 Vnderwegen zu Basel, ein gern sie fraw
3318 3522 4666 3653 angetriffen, die sy fur Ire Schwester
3293 3590 4684 3734 so zu Solothurn wohne gedinget, vnder¬
3315 3685 4669 3825 wegs und ohnfehr von Soldthurn habe
3314 3753 4703 3894 ermelte fraw iro hinderrucks und un
3321 3817 4843 3979 wüßent, die kleider zu sampt 5 baselb
3309 3903 4781 4053 so sy mit dienen gewunnen, hinweg treitt
3681 4002 3821 4068 wet
3290 4007 4737 4159 Also daß er nichts mehr dan einschlechten
3284 4093 4632 4240 geschehen, so sy annoch trage nacher
3257 4178 4673 4292 Guren kommen, Alda sy sich leider
3301 4265 4699 4419 uß armitt der s schultheißen Magt
3263 4349 4743 4480 genommen, ein alten rock, ein westes
3287 4441 4753 4589 fürtuch, ein gar in flächten, vnd ein kratten,
3294 4522 4835 4682 sy habe aber daßelbige alßbald widerumb
3952 4610 4845 4745 Vnd diß seye die Vrsach,
3297 4640 3748 4774 ggeben müßen.
3303 4694 4592 4838 daß sy ins schallenwerth kommen.
3288 4803 4817 4972 sonst seye nit weniger, das daß sy auch hievon
3269 4925 4783 5044 Der Anni Steiner von Oberburg, ein noch
3312 4993 4794 5132 gutter rock von Codit, ein par Ermel, vnd
3307 5079 4872 5203 ein schwartzen l�nig für auf entwendt, welches
3328 5167 4596 5266 y sy ausreder leib getragen und verbrochen.
3275 5200 4821 5306 Ebenmeßig habe sy sich vor der Statt Basel
3311 5306 4816 5442 mit Hans Jacob Fischgrät eines Schärers Sohn
3297 5374 4636 5512 by deßen Elteren sie gedienet, vff sein
3308 5448 4801 5589 glimpffliches berechen, am tag zuuor, ehe sy
3244 5557 4803 5655 nacher heimat gereiset, etlicher gstalt
4412 5621 4789 5738 diß alles
3300 5621 4019 5756 fleischlich vermischt,
3302 5660 4862 5840 aber sy iren von grund des her Hans leid
3298 5788 4834 5910 bitten dessweg gantz beweglich frächenlich
3318 5875 4835 5998 umb gnad und daß man sy jugent die sich
3306 5932 4858 6080 noch by ihn gfarlich 16 jahren befindt,
3306 6015 4821 6169 und derohalben iren nammen, ob sy Madle Kolh
3314 6093 4790 6243 oder Madle hertig heiße nit eigentlich ger
