<?xml version="1.0" encoding="UTF-8" standalone="yes"?>
<PcGts xmlns="http://schema.primaresearch.org/PAGE/gts/pagecontent/2013-07-15" xmlns:xsi="http://www.w3.org/2001/XMLSchema-instance" xsi:schemaLocation="http://schema.primaresearch.org/PAGE/gts/pagecontent/2013-07-15 http://schema.primaresearch.org/PAGE/gts/pagecontent/2013-07-15/pagecontent.xsd">
    <Metadata>
        <Creator>prov=University of Rostock/Institute of Mathematics/CITlab|PLANET AI GmbH/Gundram Leifert/gundram.leifert@planet-ai.de:name=German_Kurrent_XVI-XVIII_M1(htr_id=19584)::::v=2.6.6
prov=University of Rostock/Institute of Mathematics/CITlab|PLANET AI GmbH/Tobias Gruening/tobias.gruening@planet-ai.de:name=de.uros.citlab.module.baseline2polygon.B2PSeamMultiOriented:v=2.6.6
prov=University of Rostock/Institute of Mathematics/CITlab|PLANET AI GmbH/Tobias Gruening/tobias.gruening@planet-ai.de:name=/net_tf/LA73_249_0mod360.pb:de.uros.citlab.segmentation.CITlab_LA_ML:v=2.6.6
Transkribus</Creator>
        <Created>2020-10-05T15:04:05.842+02:00</Created>
        <LastChange>2022-09-09T16:02:23.890+02:00</LastChange>
        <TranskribusMetadata docId="1334831" pageId="52361499" pageNr="119" tsid="114643280" status="IN_PROGRESS" userId="9570" imgUrl="https://files.transkribus.eu/Get?id=ULIKNSMZJFNEDQOUPMNPRUIZ&amp;fileType=view" xmlUrl="https://files.transkribus.eu/Get?id=EBHRMQPISDHEXNWSCENEXAFH" imageId="16067611"/>
    </Metadata>
    <Page imageFilename="Turmbuch_StAB B IX 476_00119-20200925_084325.jpg" imageWidth="5472" imageHeight="7296">
        <ReadingOrder>
            <OrderedGroup id="ro_1687513731586" caption="Regions reading order">
                <RegionRefIndexed index="0" regionRef="r1"/>
                <RegionRefIndexed index="1" regionRef="r2"/>
                <RegionRefIndexed index="2" regionRef="r3"/>
            </OrderedGroup>
        </ReadingOrder>
        <TextRegion orientation="0.0" id="r1" custom="readingOrder {index:0;}">
            <Coords points="732,1456 732,1610 942,1610 942,1456"/>
            <TextLine id="r1l1" custom="readingOrder {index:0;}">
                <Coords points="721,1595 745,1591 755,1600 798,1577 814,1573 831,1582 882,1565 953,1585 954,1488 935,1492 914,1477 853,1494 836,1478 799,1489 769,1475 722,1486"/>
                <Baseline points="732,1558 758,1556 784,1556 810,1556 837,1556 863,1556 889,1557 915,1558 942,1560"/>
                <TextEquiv>
                    <Unicode>232.</Unicode>
                </TextEquiv>
            </TextLine>
            <TextEquiv>
                <Unicode>232.</Unicode>
            </TextEquiv>
        </TextRegion>
        <TextRegion orientation="0.0" id="r2" custom="readingOrder {index:1;}">
            <Coords points="898,1707 898,6371 2680,6371 2680,1707"/>
            <TextLine id="r2l1" custom="readingOrder {index:0;}">
                <Coords points="956,1760 1212,1850 1307,1774 1481,1779 1571,1847 1955,1772 2691,1845 2693,1783 2385,1702 2234,1732 2163,1663 2039,1687 1929,1627 1733,1712 1629,1661 1423,1708 1345,1641 958,1707"/>
                <Baseline points="968,1758 1053,1764 1139,1768 1224,1772 1310,1772 1396,1772 1481,1772 1567,1770 1652,1768 1738,1768 1824,1766 1909,1766 1995,1767 2080,1770 2166,1773 2252,1781 2337,1789 2423,1800 2508,1814 2594,1832 2680,1854"/>
                <TextEquiv>
                    <Unicode>vberzeüget waren angentz bekandtlich worden.</Unicode>
                </TextEquiv>
            </TextLine>
            <TextLine id="r2l2" custom="readingOrder {index:1;}">
                <Coords points="966,1885 1336,1892 1429,1946 2035,1891 2126,1965 2211,1902 2270,1955 2368,1904 2596,1933 2501,1823 2334,1795 1999,1783 1905,1856 1773,1795 1565,1846 1414,1775 1214,1850 968,1786"/>
                <Baseline points="976,1870 1056,1874 1136,1878 1217,1880 1297,1880 1378,1880 1458,1880 1538,1880 1619,1880 1699,1880 1780,1878 1860,1879 1940,1880 2021,1882 2101,1884 2182,1888 2262,1894 2342,1901 2423,1911 2503,1922 2584,1934"/>
                <TextEquiv>
                    <Unicode>namlich, daß nachdem sie daselbst über</Unicode>
                </TextEquiv>
            </TextLine>
            <TextLine id="r2l3" custom="readingOrder {index:2;}">
                <Coords points="993,2038 1276,2012 1397,2058 1700,1996 1845,2056 2199,2010 2600,2067 2647,2060 2649,1972 2488,1994 2201,1922 2127,1966 2036,1892 1793,1962 1584,1901 1447,1967 1353,1915 995,1939"/>
                <Baseline points="1004,1988 1085,1990 1167,1993 1248,1994 1330,1996 1412,1996 1493,1996 1575,1996 1656,1995 1738,1994 1820,1996 1901,1996 1983,1997 2064,2000 2146,2002 2228,2006 2309,2012 2391,2017 2472,2026 2554,2034 2636,2046"/>
                <TextEquiv>
                    <Unicode>nacht gelegen unnd am zinstag darnach mit</Unicode>
                </TextEquiv>
            </TextLine>
            <TextLine id="r2l4" custom="readingOrder {index:3;}">
                <Coords points="1005,2146 1273,2210 1389,2133 1508,2185 1593,2124 1816,2163 2282,2126 2655,2188 2656,2126 2264,2042 2171,2092 1916,2039 1814,2088 1735,2022 1007,2070"/>
                <Baseline points="1016,2114 1097,2117 1178,2119 1260,2120 1341,2122 1423,2122 1504,2122 1585,2121 1667,2120 1748,2120 1830,2120 1911,2120 1992,2122 2074,2124 2155,2126 2237,2130 2318,2135 2399,2141 2481,2149 2562,2159 2644,2170"/>
                <TextEquiv>
                    <Unicode>denen, so sie beherberigt, in die Statt gan¬</Unicode>
                </TextEquiv>
            </TextLine>
            <TextLine id="r2l5" custom="readingOrder {index:4;}">
                <Coords points="980,2270 1073,2239 1288,2311 1435,2245 1900,2239 2327,2304 2407,2260 2568,2292 2623,2233 2359,2160 2117,2208 2009,2133 1866,2180 1635,2125 1489,2200 1389,2132 1306,2210 1189,2153 982,2182"/>
                <Baseline points="992,2232 1073,2234 1154,2236 1235,2238 1316,2238 1397,2240 1478,2240 1559,2239 1640,2238 1721,2238 1802,2238 1883,2238 1964,2240 2045,2240 2126,2242 2207,2244 2288,2248 2369,2252 2450,2258 2531,2264 2612,2272"/>
                <TextEquiv>
                    <Unicode>gen, Sie sich also baldt widerumb hines</Unicode>
                </TextEquiv>
            </TextLine>
            <TextLine id="r2l6" custom="readingOrder {index:5;} person {offset:33; length:8; continued:true;}">
                <Coords points="964,2407 1169,2370 1231,2423 1378,2357 1498,2403 1647,2369 1702,2420 1996,2354 2210,2425 2484,2372 2674,2426 2676,2350 2097,2262 1754,2294 1695,2245 966,2304"/>
                <Baseline points="976,2350 1060,2352 1144,2354 1229,2354 1313,2354 1398,2354 1482,2354 1566,2354 1651,2352 1735,2352 1820,2352 1904,2352 1988,2354 2073,2356 2157,2358 2242,2362 2326,2368 2410,2374 2495,2381 2579,2390 2664,2402"/>
                <TextEquiv>
                    <Unicode>zu gedachter Scheüren oder samer Hans Ver</Unicode>
                </TextEquiv>
            </TextLine>
            <TextLine id="r2l7" custom="readingOrder {index:6;} person {offset:0; length:5; continued:true;}">
                <Coords points="1000,2522 1663,2468 1966,2537 2221,2477 2430,2581 2497,2515 2630,2541 2632,2461 2050,2364 1955,2404 1829,2365 1655,2442 1577,2376 1345,2439 1168,2368 1001,2434"/>
                <Baseline points="1012,2466 1092,2468 1172,2472 1253,2472 1333,2474 1414,2474 1494,2474 1574,2474 1655,2474 1735,2472 1816,2472 1896,2472 1976,2474 2057,2474 2137,2476 2218,2478 2298,2482 2378,2486 2459,2493 2539,2500 2620,2508"/>
                <TextEquiv>
                    <Unicode>fuegt, vber die Ward hinyn gestigen,</Unicode>
                </TextEquiv>
            </TextLine>
            <TextLine id="r2l8" custom="readingOrder {index:7;}">
                <Coords points="988,2618 1546,2594 1878,2676 2036,2609 2651,2651 2652,2584 2333,2571 2221,2476 2138,2546 1653,2490 1576,2547 1468,2489 1136,2532 1070,2485 989,2540"/>
                <Baseline points="1000,2596 1082,2598 1164,2598 1246,2597 1328,2596 1410,2596 1492,2596 1574,2594 1656,2594 1738,2594 1820,2594 1902,2595 1984,2596 2066,2598 2148,2600 2230,2602 2312,2607 2394,2611 2476,2617 2558,2625 2640,2632"/>
                <TextEquiv>
                    <Unicode>die thuren vnd trag geöffnet, vnd auß dem</Unicode>
                </TextEquiv>
            </TextLine>
            <TextLine id="r2l9" custom="readingOrder {index:8;}">
                <Coords points="1005,2736 1336,2774 1483,2723 1639,2794 1760,2728 2111,2786 2309,2732 2601,2760 2628,2709 2323,2639 2180,2685 2050,2624 1931,2678 1641,2624 1320,2657 1125,2601 1006,2654"/>
                <Baseline points="1016,2712 1096,2716 1176,2718 1256,2720 1336,2720 1416,2720 1496,2720 1576,2720 1656,2720 1736,2718 1816,2718 1896,2718 1976,2718 2056,2718 2136,2719 2216,2720 2296,2724 2376,2728 2456,2731 2536,2738 2616,2746"/>
                <TextEquiv>
                    <Unicode>selben volgende Sachen gestolen, Als nam¬</Unicode>
                </TextEquiv>
            </TextLine>
            <TextLine id="r2l10" custom="readingOrder {index:9;}">
                <Coords points="996,2848 1082,2883 1248,2843 1329,2891 1564,2840 2181,2886 2459,2849 2328,2751 2158,2806 1937,2726 1842,2773 1730,2740 1644,2802 1468,2743 1358,2798 1091,2731 997,2756"/>
                <Baseline points="1006,2834 1078,2834 1150,2834 1222,2834 1294,2834 1366,2834 1438,2834 1510,2834 1582,2834 1654,2834 1727,2834 1799,2836 1871,2836 1943,2836 2015,2836 2087,2838 2159,2838 2231,2838 2303,2839 2375,2840 2448,2840"/>
                <TextEquiv>
                    <Unicode>lichen, ein halbe dublonen, ein halben</Unicode>
                </TextEquiv>
            </TextLine>
            <TextLine id="r2l11" custom="readingOrder {index:10;}">
                <Coords points="2461,2853 2474,2853 2480,2859 2489,2857 2495,2850 2498,2853 2515,2853 2515,2818 2498,2818 2476,2803 2461,2805"/>
                <Baseline points="2472,2842 2504,2842"/>
                <TextEquiv>
                    <Unicode>.</Unicode>
                </TextEquiv>
            </TextLine>
            <TextLine id="r2l12" custom="readingOrder {index:11;}">
                <Coords points="970,2962 1355,2960 1477,3039 1588,2971 1742,3034 1859,2958 1942,3025 2072,2973 2586,2984 2587,2902 2508,2860 2421,2930 2262,2861 2077,2922 1830,2845 1319,2901 972,2854"/>
                <Baseline points="982,2948 1061,2950 1141,2950 1221,2952 1300,2952 1380,2952 1460,2952 1539,2954 1619,2954 1699,2954 1779,2954 1858,2954 1938,2956 2018,2956 2097,2958 2177,2959 2257,2962 2336,2964 2416,2966 2496,2970 2576,2976"/>
                <TextEquiv>
                    <Unicode>Reibsthaler, sechs strichli zwen gern ein</Unicode>
                </TextEquiv>
            </TextLine>
            <TextLine id="r2l13" custom="readingOrder {index:12;}">
                <Coords points="972,3091 1806,3088 2073,3169 2164,3090 2260,3145 2353,3077 2503,3095 2528,3007 2235,3046 2158,2974 1951,3031 1870,2959 1710,3049 1573,2996 1447,3034 1218,2949 972,2969"/>
                <Baseline points="982,3064 1058,3069 1135,3073 1212,3076 1288,3078 1365,3080 1442,3082 1518,3082 1595,3082 1672,3082 1749,3082 1825,3082 1902,3082 1979,3082 2055,3080 2132,3080 2209,3080 2285,3082 2362,3082 2439,3082 2516,3084"/>
                <TextEquiv>
                    <Unicode>Krützdieben, zwen Bern Pfennig fur</Unicode>
                </TextEquiv>
            </TextLine>
            <TextLine id="r2l14" custom="readingOrder {index:13;}">
                <Coords points="1001,3215 2627,3247 2628,3184 2477,3125 2259,3144 2183,3091 2073,3170 2001,3117 1885,3147 1612,3091 1003,3114"/>
                <Baseline points="1012,3180 1092,3182 1172,3184 1252,3187 1332,3190 1413,3192 1493,3193 1573,3195 1653,3196 1733,3199 1814,3200 1894,3202 1974,3204 2054,3206 2134,3207 2215,3208 2295,3210 2375,3212 2455,3213 2535,3214 2616,3216"/>
                <TextEquiv>
                    <Unicode>beid Catechismum und dann vierthalbe kronen</Unicode>
                </TextEquiv>
            </TextLine>
            <TextLine id="r2l15" custom="readingOrder {index:14;}">
                <Coords points="996,3329 1928,3316 2000,3373 2121,3321 2535,3309 2535,3266 2344,3218 1946,3260 1690,3209 1468,3267 997,3226"/>
                <Baseline points="1008,3296 1083,3296 1159,3296 1235,3296 1311,3296 1387,3298 1462,3300 1538,3302 1614,3302 1690,3304 1766,3306 1841,3308 1917,3310 1993,3312 2069,3312 2145,3312 2220,3312 2296,3312 2372,3312 2448,3310 2524,3308"/>
                <TextEquiv>
                    <Unicode>in anderem geldt, bringt hiemit das</Unicode>
                </TextEquiv>
            </TextLine>
            <TextLine id="r2l16" custom="readingOrder {index:15;}">
                <Coords points="967,3485 1150,3429 1285,3466 1363,3413 1660,3499 1894,3438 2116,3494 2275,3419 2570,3428 2570,3374 2441,3379 2383,3320 2161,3376 2017,3384 1918,3315 1372,3385 1167,3311 1088,3378 967,3371"/>
                <Baseline points="978,3416 1057,3416 1136,3417 1215,3418 1294,3418 1373,3418 1452,3420 1531,3420 1610,3420 1689,3420 1768,3420 1847,3420 1926,3420 2005,3420 2084,3420 2163,3420 2242,3420 2321,3420 2400,3420 2479,3420 2558,3420"/>
                <TextEquiv>
                    <Unicode>gestolne geldt zusammen gerechnet, in</Unicode>
                </TextEquiv>
            </TextLine>
            <TextLine id="r2l17" custom="readingOrder {index:16;}">
                <Coords points="2127,3570 2198,3586 2258,3565 2310,3586 2361,3559 2422,3561 2504,3609 2555,3582 2554,3475 2444,3468 2404,3505 2312,3442 2286,3451 2245,3428 2179,3479 2126,3490"/>
                <Baseline points="2138,3552 2163,3552 2188,3550 2214,3550 2239,3549 2264,3548 2290,3548 2315,3548 2341,3548 2366,3548 2391,3546 2417,3546 2442,3546 2467,3546 2493,3546 2518,3546 2544,3544"/>
                <TextEquiv>
                    <Unicode>8t 10 bz.</Unicode>
                </TextEquiv>
            </TextLine>
            <TextLine id="r2l18" custom="readingOrder {index:17;}">
                <Coords points="981,3562 1132,3557 1260,3625 1416,3581 1501,3633 1577,3565 1650,3572 1651,3493 1558,3513 1370,3417 1231,3515 1131,3449 982,3502"/>
                <Baseline points="992,3542 1024,3543 1056,3544 1089,3546 1121,3546 1154,3546 1186,3547 1218,3548 1251,3548 1283,3548 1316,3548 1348,3548 1380,3548 1413,3548 1445,3548 1478,3548 1510,3548 1542,3548 1575,3549 1607,3550 1640,3550"/>
                <TextEquiv>
                    <Unicode>allein by den</Unicode>
                </TextEquiv>
            </TextLine>
            <TextLine id="r2l19" custom="readingOrder {index:18;}">
                <Coords points="991,3677 1451,3670 1533,3726 1907,3675 2652,3692 2259,3564 2162,3632 2074,3578 1817,3645 1598,3576 1499,3634 1368,3585 1256,3641 1136,3573 992,3585"/>
                <Baseline points="1002,3670 1083,3670 1165,3670 1247,3670 1329,3672 1411,3672 1493,3672 1575,3674 1657,3674 1739,3674 1821,3676 1902,3676 1984,3676 2066,3678 2148,3678 2230,3678 2312,3678 2394,3680 2476,3680 2558,3680 2640,3680"/>
                <TextEquiv>
                    <Unicode>Verners ein schnur wol rothe Corrallen.</Unicode>
                </TextEquiv>
            </TextLine>
            <TextLine id="r2l20" custom="readingOrder {index:19;}">
                <Coords points="987,3824 1120,3862 1271,3794 1557,3860 1702,3795 2160,3809 2264,3875 2482,3802 2574,3863 2619,3726 2436,3687 2335,3733 2185,3669 2115,3725 2023,3678 1647,3689 1558,3742 1447,3682 1304,3732 1167,3686 988,3748"/>
                <Baseline points="998,3788 1078,3786 1159,3786 1239,3786 1320,3786 1400,3786 1481,3787 1561,3788 1642,3790 1722,3790 1803,3792 1883,3794 1964,3796 2044,3796 2125,3798 2205,3798 2286,3800 2366,3800 2447,3800 2527,3800 2608,3798"/>
                <TextEquiv>
                    <Unicode>Ein schwartz gadttin fürtuch, drey krag</Unicode>
                </TextEquiv>
            </TextLine>
            <TextLine id="r2l21" custom="readingOrder {index:20;}">
                <Coords points="994,3945 1107,3981 1190,3913 1513,3915 1725,3939 1789,4001 2151,3960 2290,4007 2388,3937 2590,3953 2636,3889 2430,3826 2253,3877 2185,3818 1890,3858 1813,3803 1601,3867 1454,3813 1200,3810 1122,3865 995,3823"/>
                <Baseline points="1006,3910 1086,3910 1167,3910 1248,3910 1329,3910 1410,3910 1491,3910 1572,3912 1653,3912 1734,3914 1815,3916 1895,3918 1976,3918 2057,3920 2138,3922 2219,3922 2300,3924 2381,3924 2462,3926 2543,3926 2624,3926"/>
                <TextEquiv>
                    <Unicode>zwey stückli news leinig thuch, ein kein</Unicode>
                </TextEquiv>
            </TextLine>
            <TextLine id="r2l22" custom="readingOrder {index:21;}">
                <Coords points="966,4072 1758,4055 1969,4122 2098,4062 2472,4062 2658,4143 2660,4010 2431,3973 2182,4027 2024,3970 1883,4027 1726,3938 1477,3972 1190,3913 967,3982"/>
                <Baseline points="978,4032 1061,4034 1145,4036 1228,4038 1312,4040 1395,4043 1479,4046 1562,4048 1646,4050 1729,4052 1813,4054 1896,4056 1980,4057 2063,4058 2147,4060 2230,4060 2314,4062 2397,4062 2481,4062 2564,4060 2648,4060"/>
                <TextEquiv>
                    <Unicode>lachen, drey Tabat, vier zwirnete strangen</Unicode>
                </TextEquiv>
            </TextLine>
            <TextLine id="r2l23" custom="readingOrder {index:22;}">
                <Coords points="969,4251 1310,4176 1438,4217 2650,4197 2650,4145 2476,4136 2372,4047 2190,4117 2097,4062 1971,4121 1903,4070 1779,4140 1627,4086 1481,4112 1367,4044 971,4088"/>
                <Baseline points="980,4154 1063,4158 1146,4161 1229,4164 1312,4167 1395,4170 1478,4172 1561,4174 1644,4176 1727,4176 1810,4178 1893,4178 1976,4180 2059,4180 2142,4180 2225,4180 2308,4180 2391,4180 2474,4180 2557,4178 2640,4178"/>
                <TextEquiv>
                    <Unicode>Sechs Göller, vnd ein deckten kratten.</Unicode>
                </TextEquiv>
            </TextLine>
            <TextLine id="r2l24" custom="readingOrder {index:23;}">
                <Coords points="888,4349 1100,4427 1221,4355 1574,4412 1643,4365 2047,4366 2167,4423 2387,4354 2533,4382 2618,4322 2489,4250 2080,4322 1926,4249 1510,4284 1190,4225 1011,4320 888,4296"/>
                <Baseline points="898,4344 983,4344 1068,4344 1154,4344 1239,4344 1325,4344 1410,4344 1495,4346 1581,4346 1666,4348 1752,4348 1837,4350 1922,4350 2008,4352 2093,4352 2179,4354 2264,4354 2349,4356 2435,4356 2520,4356 2606,4356"/>
                <TextEquiv>
                    <Unicode>Das guldt belangendt, daruon habe sie er</Unicode>
                </TextEquiv>
            </TextLine>
            <TextLine id="r2l25" custom="readingOrder {index:24;}">
                <Coords points="981,4512 1183,4454 1815,4519 1972,4465 2428,4469 2562,4553 2657,4492 2656,4385 2413,4430 2048,4431 1764,4362 1572,4414 1353,4369 1157,4436 981,4404"/>
                <Baseline points="992,4462 1074,4462 1157,4462 1240,4462 1322,4463 1405,4464 1488,4466 1570,4467 1653,4468 1736,4470 1819,4470 1901,4470 1984,4470 2067,4470 2149,4470 2232,4468 2315,4466 2397,4464 2480,4460 2563,4454 2646,4448"/>
                <TextEquiv>
                    <Unicode>par ermel umb 2 und ein par Tomanis</Unicode>
                </TextEquiv>
            </TextLine>
            <TextLine id="r2l26" custom="readingOrder {index:25;}">
                <Coords points="956,4651 1479,4585 1608,4633 1696,4580 2008,4642 2077,4596 2619,4627 2619,4558 1979,4468 1623,4526 1159,4458 956,4535"/>
                <Baseline points="966,4588 1048,4584 1130,4582 1212,4580 1294,4580 1376,4578 1458,4580 1540,4580 1622,4580 1704,4582 1787,4584 1869,4584 1951,4586 2033,4588 2115,4588 2197,4590 2279,4590 2361,4590 2443,4590 2525,4588 2608,4586"/>
                <TextEquiv>
                    <Unicode>Handscher umb 20 bz kauff, item dem</Unicode>
                </TextEquiv>
            </TextLine>
            <TextLine id="r2l27" custom="readingOrder {index:26;}">
                <Coords points="968,4744 1106,4779 1203,4713 1330,4771 1498,4699 1717,4697 1848,4801 2111,4703 2293,4764 2597,4713 2350,4605 2124,4619 2059,4675 1696,4581 1534,4664 1287,4595 1169,4672 1128,4633 968,4669"/>
                <Baseline points="980,4712 1060,4708 1140,4705 1220,4702 1301,4702 1381,4702 1461,4702 1542,4702 1622,4702 1702,4704 1783,4706 1863,4706 1943,4708 2023,4709 2104,4710 2184,4710 2264,4710 2345,4710 2425,4708 2505,4706 2586,4702"/>
                <TextEquiv>
                    <Unicode>auch gefangen gewesenen schulplin, darvon</Unicode>
                </TextEquiv>
            </TextLine>
            <TextLine id="r2l28" custom="readingOrder {index:27;}">
                <Coords points="965,4849 2497,4831 2496,4766 2288,4789 2191,4718 1845,4797 1707,4712 1509,4698 1296,4791 1186,4734 1115,4781 965,4758"/>
                <Baseline points="976,4840 1051,4834 1127,4830 1202,4828 1278,4826 1353,4824 1429,4824 1504,4824 1580,4824 1655,4824 1731,4826 1806,4826 1882,4827 1957,4828 2033,4828 2108,4828 2184,4828 2259,4826 2335,4824 2410,4820 2486,4816"/>
                <TextEquiv>
                    <Unicode>18 bz entlehnt und etwas weins</Unicode>
                </TextEquiv>
            </TextLine>
            <TextLine id="r2l29" custom="readingOrder {index:28;}">
                <Coords points="938,5025 1070,4939 1250,4950 1345,5028 1444,4940 1577,5003 1715,4947 1807,4990 1952,4950 2386,4981 2487,4932 2488,4878 2363,4899 2219,4832 2029,4879 1976,4838 1864,4898 1444,4820 939,4866"/>
                <Baseline points="950,4942 1026,4940 1102,4938 1178,4938 1255,4938 1331,4936 1407,4936 1484,4938 1560,4938 1636,4938 1713,4940 1789,4940 1865,4942 1941,4942 2018,4942 2094,4942 2170,4942 2247,4942 2323,4940 2399,4939 2476,4936"/>
                <TextEquiv>
                    <Unicode>In die koffi bezalt, das vbrige</Unicode>
                </TextEquiv>
            </TextLine>
            <TextLine id="r2l30" custom="readingOrder {index:29;}">
                <Coords points="926,5136 1196,5058 1752,5117 1997,5053 2146,5146 2272,5063 2533,5143 2630,5099 2629,4989 2271,4956 2143,5019 2075,4962 1675,4963 1547,5007 1445,4942 1334,5031 1071,4941 925,5024"/>
                <Baseline points="936,5068 1020,5066 1104,5064 1188,5064 1272,5062 1356,5062 1440,5062 1524,5062 1608,5064 1692,5064 1777,5064 1861,5064 1945,5064 2029,5064 2113,5062 2197,5060 2281,5058 2365,5055 2449,5051 2533,5047 2618,5040"/>
                <TextEquiv>
                    <Unicode>huldt aber alles, habe sie in haubtman</Unicode>
                </TextEquiv>
            </TextLine>
            <TextLine id="r2l31" custom="readingOrder {index:30;} person {offset:0; length:19;} person {offset:20; length:15;}">
                <Coords points="934,5252 998,5201 1531,5182 1777,5256 2000,5179 2201,5240 2325,5182 2568,5196 2612,5113 2250,5091 2146,5147 2046,5099 1860,5158 1788,5101 1518,5152 1355,5101 1201,5157 1019,5076 932,5140"/>
                <Baseline points="944,5200 1026,5196 1109,5193 1192,5190 1275,5188 1358,5188 1441,5186 1524,5186 1607,5184 1690,5184 1773,5182 1855,5182 1938,5182 2021,5180 2104,5180 2187,5178 2270,5176 2353,5174 2436,5171 2519,5168 2602,5164"/>
                <TextEquiv>
                    <Unicode>Fridenrich Menßlins Hans am Stalden,</Unicode>
                </TextEquiv>
            </TextLine>
            <TextLine id="r2l32" custom="readingOrder {index:31;}">
                <Coords points="957,5325 1528,5285 1785,5355 1881,5304 2336,5335 2645,5275 2644,5210 2360,5184 1991,5266 1848,5214 1786,5271 1536,5182 1356,5247 1090,5196 956,5273"/>
                <Baseline points="968,5314 1051,5309 1134,5304 1217,5301 1301,5300 1384,5298 1467,5298 1551,5298 1634,5298 1717,5298 1801,5298 1884,5298 1967,5298 2050,5298 2134,5298 2217,5296 2300,5294 2384,5290 2467,5285 2550,5281 2634,5272"/>
                <TextEquiv>
                    <Unicode>nit ihme und seiner frauwen, mit über</Unicode>
                </TextEquiv>
            </TextLine>
            <TextLine id="r2l33" custom="readingOrder {index:32;}">
                <Coords points="974,5463 1101,5514 1327,5431 1478,5512 1673,5454 1777,5510 1914,5464 2016,5508 2269,5419 2592,5406 2591,5327 2428,5304 2264,5348 2152,5312 2099,5360 1885,5305 1621,5354 1526,5288 1314,5366 1191,5309 973,5319"/>
                <Baseline points="984,5428 1063,5423 1143,5420 1223,5418 1303,5416 1383,5414 1462,5414 1542,5414 1622,5414 1702,5416 1782,5416 1861,5416 1941,5418 2021,5418 2101,5418 2181,5417 2260,5416 2340,5414 2420,5411 2500,5408 2580,5402"/>
                <TextEquiv>
                    <Unicode>flüßigem fräßen und sauffen verzehrt und</Unicode>
                </TextEquiv>
            </TextLine>
            <TextLine id="r2l34" custom="readingOrder {index:33;} person {offset:10; length:6;}">
                <Coords points="951,5587 1083,5639 1181,5559 1342,5542 1548,5551 1638,5619 1772,5535 1882,5589 2241,5525 2463,5558 2596,5527 2594,5411 2211,5433 2008,5514 1644,5461 1477,5512 1325,5437 1083,5520 1015,5455 949,5503"/>
                <Baseline points="960,5556 1041,5553 1122,5550 1203,5548 1284,5544 1366,5542 1447,5542 1528,5540 1609,5540 1690,5538 1772,5538 1853,5536 1934,5536 2015,5536 2096,5534 2178,5532 2259,5532 2340,5530 2421,5527 2502,5526 2584,5522"/>
                <TextEquiv>
                    <Unicode>durch die Burgel gesagt, also daß sie</Unicode>
                </TextEquiv>
            </TextLine>
            <TextLine id="r2l35" custom="readingOrder {index:34;}">
                <Coords points="941,5705 2556,5674 2589,5536 2399,5517 2267,5588 2139,5551 2015,5628 1922,5556 1635,5629 1430,5578 1355,5646 1032,5648 939,5583"/>
                <Baseline points="952,5680 1033,5680 1114,5678 1196,5678 1277,5676 1359,5676 1440,5674 1521,5674 1603,5672 1684,5672 1766,5670 1847,5669 1928,5668 2010,5666 2091,5666 2173,5664 2254,5662 2335,5662 2417,5660 2498,5659 2580,5658"/>
                <TextEquiv>
                    <Unicode>darvon nichts mehr übrig habe. Sol</Unicode>
                </TextEquiv>
            </TextLine>
            <TextLine id="r2l36" custom="readingOrder {index:35;}">
                <Coords points="938,5816 1346,5805 1473,5882 1867,5813 1961,5876 2056,5803 2444,5803 2572,5764 2571,5706 2207,5671 2004,5757 1810,5762 1690,5663 1577,5723 1290,5679 1141,5742 1024,5688 936,5732"/>
                <Baseline points="948,5802 1028,5800 1109,5798 1190,5798 1270,5796 1351,5796 1432,5796 1512,5796 1593,5796 1674,5796 1755,5796 1835,5796 1916,5794 1997,5794 2077,5792 2158,5788 2239,5785 2319,5780 2400,5774 2481,5768 2562,5758"/>
                <TextEquiv>
                    <Unicode>dann die vbrigken stuck ußert erinne</Unicode>
                </TextEquiv>
            </TextLine>
            <TextLine id="r2l37" custom="readingOrder {index:36;}">
                <Coords points="950,5931 2247,5906 2461,5966 2538,5908 2457,5790 2289,5772 2000,5876 1874,5821 1503,5876 1280,5803 1105,5863 949,5817"/>
                <Baseline points="960,5914 1038,5911 1116,5909 1194,5908 1273,5906 1351,5906 1429,5906 1508,5906 1586,5906 1664,5906 1743,5908 1821,5908 1899,5908 1977,5907 2056,5906 2134,5904 2212,5903 2291,5900 2369,5896 2447,5892 2526,5886"/>
                <TextEquiv>
                    <Unicode>und fürtuch, so sie antrage betrifft</Unicode>
                </TextEquiv>
            </TextLine>
            <TextLine id="r2l38" custom="readingOrder {index:37;}">
                <Coords points="920,6124 1150,6039 1537,6098 1607,6036 1823,6083 1903,6034 2600,5993 2598,5929 2454,5919 1690,5909 1491,5985 1122,5898 917,5992"/>
                <Baseline points="928,6046 1011,6040 1094,6036 1177,6034 1260,6032 1343,6030 1426,6030 1509,6030 1592,6030 1675,6030 1758,6030 1841,6030 1924,6028 2007,6028 2090,6026 2173,6023 2256,6018 2339,6014 2422,6006 2505,5999 2588,5988"/>
                <TextEquiv>
                    <Unicode>segend dieselbigen theilen in sein müßlins</Unicode>
                </TextEquiv>
            </TextLine>
            <TextLine id="r2l39" custom="readingOrder {index:38;}">
                <Coords points="947,6206 1131,6164 1348,6252 1732,6182 1851,6240 1972,6161 2211,6152 2288,6213 2521,6133 2519,6066 2305,6023 2081,6107 1932,6047 1791,6106 1609,6036 1539,6096 1443,6046 1336,6098 1241,6052 945,6097"/>
                <Baseline points="958,6166 1035,6163 1113,6160 1190,6160 1268,6158 1346,6157 1423,6156 1501,6156 1578,6156 1656,6156 1734,6156 1811,6156 1889,6154 1966,6154 2044,6151 2122,6148 2199,6145 2277,6141 2354,6135 2432,6129 2510,6122"/>
                <TextEquiv>
                    <Unicode>theils dann In Ire Großweibels Hans</Unicode>
                </TextEquiv>
            </TextLine>
            <TextLine id="r2l40" custom="readingOrder {index:39;}">
                <Coords points="936,6364 970,6351 1050,6380 1140,6332 1226,6379 1267,6379 1377,6348 1376,6251 1294,6256 1128,6164 1089,6193 1066,6186 995,6258 978,6245 935,6263"/>
                <Baseline points="946,6294 972,6287 998,6284 1024,6280 1051,6280 1077,6278 1103,6278 1129,6278 1156,6278 1182,6280 1208,6280 1234,6281 1261,6282 1287,6282 1313,6282 1339,6282 1366,6282"/>
                <TextEquiv>
                    <Unicode>zufinden.</Unicode>
                </TextEquiv>
            </TextLine>
            <TextLine id="r2l41" custom="readingOrder {index:40;}">
                <Coords points="2190,6374 2205,6369 2226,6380 2237,6369 2293,6366 2308,6377 2313,6369 2338,6373 2369,6394 2412,6345 2436,6344 2421,6239 2399,6238 2354,6205 2322,6201 2300,6213 2257,6214 2227,6245 2176,6273"/>
                <Baseline points="2196,6340 2224,6342 2252,6339 2280,6334 2308,6329 2336,6325 2364,6321 2392,6316 2420,6316"/>
                <TextEquiv>
                    <Unicode>Den</Unicode>
                </TextEquiv>
            </TextLine>
            <TextEquiv>
                <Unicode>vberzeüget waren angentz bekandtlich worden.
namlich, daß nachdem sie daselbst über
nacht gelegen unnd am zinstag darnach mit
denen, so sie beherberigt, in die Statt gan¬
gen, Sie sich also baldt widerumb hines
zu gedachter Scheüren oder samer Hans Ver
fuegt, vber die Ward hinyn gestigen,
die thuren vnd trag geöffnet, vnd auß dem
selben volgende Sachen gestolen, Als nam¬
lichen, ein halbe dublonen, ein halben
.
Reibsthaler, sechs strichli zwen gern ein
Krützdieben, zwen Bern Pfennig fur
beid Catechismum und dann vierthalbe kronen
in anderem geldt, bringt hiemit das
gestolne geldt zusammen gerechnet, in
8t 10 bz.
allein by den
Verners ein schnur wol rothe Corrallen.
Ein schwartz gadttin fürtuch, drey krag
zwey stückli news leinig thuch, ein kein
lachen, drey Tabat, vier zwirnete strangen
Sechs Göller, vnd ein deckten kratten.
Das guldt belangendt, daruon habe sie er
par ermel umb 2 und ein par Tomanis
Handscher umb 20 bz kauff, item dem
auch gefangen gewesenen schulplin, darvon
18 bz entlehnt und etwas weins
In die koffi bezalt, das vbrige
huldt aber alles, habe sie in haubtman
Fridenrich Menßlins Hans am Stalden,
nit ihme und seiner frauwen, mit über
flüßigem fräßen und sauffen verzehrt und
durch die Burgel gesagt, also daß sie
darvon nichts mehr übrig habe. Sol
dann die vbrigken stuck ußert erinne
und fürtuch, so sie antrage betrifft
segend dieselbigen theilen in sein müßlins
theils dann In Ire Großweibels Hans
zufinden.
Den</Unicode>
            </TextEquiv>
        </TextRegion>
        <TextRegion orientation="0.0" id="r3" custom="readingOrder {index:2;}">
            <Coords points="3018,1591 3018,6336 4828,6336 4828,1591"/>
            <TextLine id="r3l1" custom="readingOrder {index:0;}">
                <Coords points="4518,1659 4546,1659 4582,1693 4654,1680 4701,1699 4714,1616 4639,1597 4613,1595 4601,1602 4587,1582 4571,1575 4563,1581 4531,1576"/>
                <Baseline points="4530,1648 4557,1653 4584,1657 4612,1662 4639,1665 4666,1669 4694,1676"/>
                <TextEquiv>
                    <Unicode>233.</Unicode>
                </TextEquiv>
            </TextLine>
            <TextLine id="r3l2" custom="readingOrder {index:1;}">
                <Coords points="3005,1765 3495,1709 3878,1749 3951,1800 4170,1772 4512,1827 4564,1813 4568,1740 4320,1737 4033,1627 3753,1682 3687,1616 3371,1640 3184,1550 3014,1589"/>
                <Baseline points="3018,1742 3094,1733 3171,1726 3248,1720 3325,1718 3402,1716 3478,1716 3555,1716 3632,1718 3709,1722 3786,1726 3862,1732 3939,1739 4016,1745 4093,1753 4170,1762 4246,1771 4323,1780 4400,1790 4477,1799 4554,1810"/>
                <TextEquiv>
                    <Unicode>Den 23. jenner 1656 ist hievorgemelte</Unicode>
                </TextEquiv>
            </TextLine>
            <TextLine id="r3l3" custom="readingOrder {index:2;} person {offset:0; length:12;} person {offset:24; length:5;}">
                <Coords points="3090,1862 3826,1856 4526,1962 4656,1956 4663,1853 4434,1856 4346,1794 4275,1846 4172,1772 3844,1821 3720,1737 3625,1773 3495,1708 3380,1785 3095,1789"/>
                <Baseline points="3102,1848 3179,1844 3256,1840 3333,1838 3410,1838 3488,1838 3565,1840 3642,1843 3719,1847 3796,1851 3874,1857 3951,1864 4028,1870 4105,1878 4182,1886 4260,1895 4337,1904 4414,1913 4491,1924 4568,1934 4646,1944"/>
                <TextEquiv>
                    <Unicode>Madle hertig durch mehr hanni in bysein</Unicode>
                </TextEquiv>
            </TextLine>
            <TextLine id="r3l4" custom="readingOrder {index:3;} person {offset:2; length:21;} place {offset:36; length:6;}">
                <Coords points="3091,1995 3856,1971 4053,2062 4198,2020 4450,2048 4548,2134 4697,2075 4704,1970 4556,1984 4390,1917 4289,1949 4219,1892 3967,1927 3816,1861 3569,1917 3491,1860 3098,1894"/>
                <Baseline points="3104,1958 3183,1953 3262,1950 3341,1948 3420,1948 3500,1948 3579,1950 3658,1954 3737,1957 3816,1962 3896,1966 3975,1974 4054,1981 4133,1988 4212,1997 4292,2005 4371,2015 4450,2025 4529,2035 4608,2045 4688,2054"/>
                <TextEquiv>
                    <Unicode>H Hans Rudolff Tilliers canstatt zu Großen</Unicode>
                </TextEquiv>
            </TextLine>
            <TextLine id="r3l5" custom="readingOrder {index:4;} place {offset:3; length:14;}">
                <Coords points="3066,2145 3286,2099 3524,2169 3637,2113 4083,2113 4282,2201 4436,2156 4493,2209 4561,2163 4721,2224 4727,2119 4545,2132 4361,2043 3666,2055 3504,1955 3403,2026 3075,1992"/>
                <Baseline points="3080,2090 3161,2088 3243,2085 3324,2084 3406,2082 3488,2082 3569,2084 3651,2086 3732,2088 3814,2092 3896,2096 3977,2102 4059,2108 4140,2116 4222,2122 4304,2131 4385,2140 4467,2149 4548,2161 4630,2173 4712,2186"/>
                <TextEquiv>
                    <Unicode>im strecken thurn, bei anwendung einfachen</Unicode>
                </TextEquiv>
            </TextLine>
            <TextLine id="r3l6" custom="readingOrder {index:5;}">
                <Coords points="3092,2242 3452,2219 3511,2251 3570,2213 3698,2252 3878,2217 4023,2263 4260,2264 4279,2184 4201,2189 4152,2145 4014,2190 3899,2129 3818,2175 3440,2170 3286,2098 3212,2150 3094,2154"/>
                <Baseline points="3104,2214 3162,2212 3220,2210 3278,2209 3336,2208 3394,2208 3452,2206 3510,2206 3568,2206 3626,2206 3685,2208 3743,2208 3801,2210 3859,2212 3917,2214 3975,2218 4033,2220 4091,2224 4149,2230 4207,2235 4266,2240"/>
                <TextEquiv>
                    <Unicode>Marter examiniert worden.</Unicode>
                </TextEquiv>
            </TextLine>
            <TextLine id="r3l7" custom="readingOrder {index:6;}">
                <Coords points="3054,2426 3678,2372 3737,2430 3985,2394 4211,2408 4282,2471 4619,2448 4622,2358 4499,2306 4339,2380 4166,2284 4003,2317 3888,2272 3802,2349 3697,2263 3404,2331 3260,2321 3164,2236 3060,2267"/>
                <Baseline points="3066,2388 3143,2384 3220,2380 3297,2378 3374,2376 3451,2376 3528,2376 3605,2376 3682,2378 3759,2380 3837,2382 3914,2385 3991,2389 4068,2394 4145,2399 4222,2405 4299,2410 4376,2416 4453,2423 4530,2430 4608,2436"/>
                <TextEquiv>
                    <Unicode>Wolfe aber nüt weiters bekennen, weder</Unicode>
                </TextEquiv>
            </TextLine>
            <TextLine id="r3l8" custom="readingOrder {index:7;}">
                <Coords points="3099,2567 3234,2501 3614,2553 3699,2506 4609,2588 4711,2564 4713,2504 4580,2439 4474,2500 4384,2443 4309,2479 3903,2399 3767,2463 3509,2400 3430,2460 3212,2388 3103,2441"/>
                <Baseline points="3112,2500 3191,2500 3270,2498 3350,2498 3429,2498 3509,2498 3588,2498 3667,2498 3747,2500 3826,2502 3906,2504 3985,2506 4064,2510 4144,2514 4223,2518 4303,2524 4382,2529 4461,2535 4541,2542 4620,2549 4700,2556"/>
                <TextEquiv>
                    <Unicode>daß der jenige, mit deme sie vor ungefahr</Unicode>
                </TextEquiv>
            </TextLine>
            <TextLine id="r3l9" custom="readingOrder {index:8;}">
                <Coords points="3099,2685 3184,2643 3370,2698 3453,2626 3642,2685 3722,2627 3933,2624 4115,2698 4311,2641 4452,2714 4509,2659 4610,2689 4612,2584 4375,2597 4191,2523 4115,2571 4042,2524 3706,2583 3483,2534 3301,2596 3101,2586"/>
                <Baseline points="3110,2634 3184,2631 3259,2628 3333,2626 3408,2624 3482,2622 3557,2622 3631,2620 3706,2620 3780,2620 3855,2622 3929,2622 4004,2624 4078,2626 4153,2630 4227,2634 4302,2637 4376,2643 4451,2650 4525,2656 4600,2662"/>
                <TextEquiv>
                    <Unicode>zweyen Jahren, als das erste mahl, sich</Unicode>
                </TextEquiv>
            </TextLine>
            <TextLine id="r3l10" custom="readingOrder {index:9;}">
                <Coords points="3131,2773 3420,2760 3526,2807 3753,2758 3804,2802 3891,2749 4594,2798 4654,2790 4656,2659 4487,2725 4342,2674 4147,2723 4043,2654 3872,2704 3570,2646 3358,2705 3189,2647 3132,2679"/>
                <Baseline points="3142,2752 3217,2750 3292,2748 3367,2748 3442,2746 3517,2746 3592,2746 3667,2746 3742,2747 3817,2748 3893,2748 3968,2750 4043,2752 4118,2754 4193,2756 4268,2758 4343,2760 4418,2762 4493,2764 4568,2767 4644,2770"/>
                <TextEquiv>
                    <Unicode>fleischlich vergangen, ein Scherer gsell, und</Unicode>
                </TextEquiv>
            </TextLine>
            <TextLine id="r3l11" custom="readingOrder {index:10;} place {offset:11; length:6;}">
                <Coords points="3113,2894 3405,2925 3506,2868 3775,2877 3861,2920 4068,2852 4223,2866 4311,2946 4401,2877 4722,2902 4722,2839 4425,2776 4223,2833 4150,2782 3818,2839 3597,2773 3500,2842 3231,2759 3113,2804"/>
                <Baseline points="3124,2868 3203,2868 3282,2868 3361,2868 3441,2868 3520,2868 3599,2866 3679,2866 3758,2866 3837,2864 3917,2864 3996,2864 4075,2864 4154,2866 4234,2866 4313,2866 4392,2868 4472,2870 4551,2872 4630,2876 4710,2880"/>
                <TextEquiv>
                    <Unicode>domalen zu Feuren gsin, es aber seye do¬</Unicode>
                </TextEquiv>
            </TextLine>
            <TextLine id="r3l12" custom="readingOrder {index:11;}">
                <Coords points="3116,2995 3294,3045 3387,2988 3755,2989 3944,3062 4076,2985 4241,3040 4353,2996 4602,3054 4751,3012 4752,2943 4687,2915 4315,2951 4066,2852 3964,2939 3745,2886 3431,2948 3117,2930"/>
                <Baseline points="3128,2978 3208,2980 3289,2980 3369,2980 3450,2980 3531,2980 3611,2978 3692,2978 3772,2978 3853,2976 3934,2976 4014,2976 4095,2976 4175,2977 4256,2978 4337,2980 4417,2984 4498,2987 4578,2992 4659,2997 4740,3004"/>
                <TextEquiv>
                    <Unicode>malen noch nicht dergestalten, wegen ihrer</Unicode>
                </TextEquiv>
            </TextLine>
            <TextLine id="r3l13" custom="readingOrder {index:12;}">
                <Coords points="3084,3188 3409,3101 3525,3166 3603,3104 3741,3168 3818,3093 4035,3098 4117,3156 4270,3086 4724,3125 4666,3039 4296,3006 4227,3055 4135,2991 3958,3061 3728,2992 3085,3029"/>
                <Baseline points="3096,3102 3176,3102 3257,3100 3338,3098 3419,3097 3500,3096 3580,3096 3661,3094 3742,3094 3823,3094 3904,3094 3984,3094 4065,3094 4146,3095 4227,3096 4308,3097 4388,3098 4469,3100 4550,3103 4631,3106 4712,3108"/>
                <TextEquiv>
                    <Unicode>Jugent, beschaffen gewesen, daß er die</Unicode>
                </TextEquiv>
            </TextLine>
            <TextLine id="r3l14" custom="readingOrder {index:13;}">
                <Coords points="3132,3249 3569,3209 3623,3262 3864,3227 3956,3296 4038,3218 4139,3250 4255,3207 4643,3255 4698,3227 4698,3143 4481,3152 4408,3105 4259,3181 4201,3123 4133,3175 4031,3100 3732,3178 3625,3122 3547,3181 3448,3114 3132,3193"/>
                <Baseline points="3144,3224 3221,3224 3298,3222 3375,3220 3452,3219 3530,3218 3607,3216 3684,3214 3761,3214 3838,3212 3916,3212 3993,3210 4070,3210 4147,3210 4224,3212 4302,3212 4379,3214 4456,3216 4533,3220 4610,3222 4688,3228"/>
                <TextEquiv>
                    <Unicode>vorhabende that mit ihro volkommenlich</Unicode>
                </TextEquiv>
            </TextLine>
            <TextLine id="r3l15" custom="readingOrder {index:14;}">
                <Coords points="3110,3390 3387,3422 3520,3359 3630,3428 3841,3337 4020,3427 4155,3338 4624,3370 4766,3350 4766,3305 4538,3221 4411,3271 4088,3211 3948,3296 3806,3223 3647,3279 3559,3217 3436,3305 3109,3242"/>
                <Baseline points="3120,3340 3201,3340 3283,3338 3365,3338 3447,3336 3529,3336 3610,3336 3692,3334 3774,3334 3856,3334 3938,3334 4019,3334 4101,3334 4183,3334 4265,3334 4347,3334 4428,3334 4510,3334 4592,3336 4674,3336 4756,3338"/>
                <TextEquiv>
                    <Unicode>verbringen, vnnd ins werck setzen können.</Unicode>
                </TextEquiv>
            </TextLine>
            <TextLine id="r3l16" custom="readingOrder {index:15;}">
                <Coords points="3120,3645 3296,3665 3408,3603 3567,3670 3716,3597 4034,3599 4098,3649 4301,3611 4460,3684 4718,3622 4718,3560 4546,3497 4340,3490 4217,3552 4140,3509 4086,3563 3475,3530 3258,3437 3120,3497"/>
                <Baseline points="3130,3608 3208,3605 3287,3602 3366,3600 3445,3598 3524,3596 3603,3596 3682,3596 3761,3596 3840,3596 3919,3596 3997,3596 4076,3598 4155,3598 4234,3600 4313,3600 4392,3602 4471,3603 4550,3604 4629,3604 4708,3606"/>
                <TextEquiv>
                    <Unicode>Daß sie aber in werender irer verhafftung</Unicode>
                </TextEquiv>
            </TextLine>
            <TextLine id="r3l17" custom="readingOrder {index:16;}">
                <Coords points="3096,3775 3223,3733 3324,3795 3449,3722 3546,3800 3671,3719 3800,3768 4071,3715 4792,3766 4839,3646 4187,3679 3695,3611 3574,3675 3400,3626 3097,3698"/>
                <Baseline points="3108,3724 3194,3720 3280,3717 3366,3716 3452,3713 3538,3712 3624,3710 3710,3710 3796,3710 3882,3710 3968,3710 4054,3710 4140,3712 4226,3712 4312,3714 4398,3716 4484,3716 4570,3718 4656,3720 4742,3722 4828,3724"/>
                <TextEquiv>
                    <Unicode>geredt haben sol, Es seye ein geweßer Herr,</Unicode>
                </TextEquiv>
            </TextLine>
            <TextLine id="r3l18" custom="readingOrder {index:17;}">
                <Coords points="3107,3866 4219,3831 4316,3905 4413,3823 4486,3866 4813,3840 4813,3775 4144,3792 4066,3718 3952,3779 3546,3798 3453,3739 3107,3799"/>
                <Baseline points="3118,3842 3202,3840 3286,3837 3370,3834 3454,3833 3539,3832 3623,3830 3707,3830 3791,3828 3875,3828 3960,3828 4044,3828 4128,3828 4212,3828 4296,3828 4381,3828 4465,3828 4549,3828 4633,3828 4717,3828 4802,3828"/>
                <TextEquiv>
                    <Unicode>dem werde es sehr vbel ergahn, wann</Unicode>
                </TextEquiv>
            </TextLine>
            <TextLine id="r3l19" custom="readingOrder {index:18;}">
                <Coords points="3117,3960 3270,4015 3507,3945 3593,4008 3683,3944 4838,3990 4839,3904 4740,3863 3937,3898 3647,3832 3118,3905"/>
                <Baseline points="3128,3936 3213,3938 3298,3938 3383,3938 3468,3938 3553,3938 3638,3938 3723,3938 3808,3938 3893,3938 3978,3938 4063,3938 4148,3938 4233,3940 4318,3940 4403,3941 4488,3942 4573,3944 4658,3944 4743,3946 4828,3948"/>
                <TextEquiv>
                    <Unicode>man sie hart halten vnd exammieren iede,</Unicode>
                </TextEquiv>
            </TextLine>
            <TextLine id="r3l20" custom="readingOrder {index:19;}">
                <Coords points="3126,4101 3274,4061 3386,4135 3533,4054 3614,4115 4068,4059 4156,4129 4273,4052 4819,4094 4819,4014 4591,4011 4497,3950 4167,4021 4075,3954 3991,4018 3826,3978 3670,4025 3533,3947 3272,4016 3126,3961"/>
                <Baseline points="3136,4050 3219,4052 3303,4054 3386,4054 3470,4056 3554,4056 3637,4056 3721,4056 3804,4056 3888,4056 3972,4056 4055,4056 4139,4056 4222,4056 4306,4056 4390,4058 4473,4058 4557,4060 4640,4062 4724,4064 4808,4068"/>
                <TextEquiv>
                    <Unicode>Wolte sie auch anderst nicht bekennenn,</Unicode>
                </TextEquiv>
            </TextLine>
            <TextLine id="r3l21" custom="readingOrder {index:20;}">
                <Coords points="3113,4195 3397,4161 3480,4236 3754,4173 4184,4234 4449,4164 4698,4201 4776,4162 4776,4085 3113,4119"/>
                <Baseline points="3124,4166 3206,4166 3288,4166 3370,4168 3452,4168 3534,4168 3616,4168 3698,4168 3780,4170 3862,4170 3944,4170 4026,4170 4108,4170 4190,4171 4272,4172 4354,4171 4436,4170 4518,4170 4600,4170 4682,4170 4764,4168"/>
                <TextEquiv>
                    <Unicode>weder also geredt zu haben, Sie förchte</Unicode>
                </TextEquiv>
            </TextLine>
            <TextLine id="r3l22" custom="readingOrder {index:21;}">
                <Coords points="3115,4300 3678,4302 3756,4348 3943,4301 4246,4356 4360,4292 4745,4322 4776,4206 4683,4232 4617,4169 4214,4244 3784,4195 3115,4237"/>
                <Baseline points="3126,4282 3207,4282 3289,4284 3371,4286 3453,4286 3535,4288 3617,4288 3699,4288 3781,4288 3863,4288 3945,4290 4026,4290 4108,4290 4190,4290 4272,4290 4354,4290 4436,4290 4518,4290 4600,4290 4682,4290 4764,4292"/>
                <TextEquiv>
                    <Unicode>nur, es werde ihro wegen hr. spitalme</Unicode>
                </TextEquiv>
            </TextLine>
            <TextLine id="r3l23" custom="readingOrder {index:22;}">
                <Coords points="3100,4431 3257,4461 3468,4392 3774,4484 4225,4388 4329,4453 4413,4375 4585,4468 4744,4398 4511,4289 4086,4361 3307,4282 3100,4324"/>
                <Baseline points="3110,4388 3191,4390 3272,4394 3353,4396 3434,4396 3516,4396 3597,4396 3678,4396 3759,4395 3840,4394 3922,4392 4003,4392 4084,4390 4165,4390 4246,4390 4328,4390 4409,4390 4490,4390 4571,4392 4652,4395 4734,4398"/>
                <TextEquiv>
                    <Unicode>Spätigs sehr übel ergahn, weilen sie ihne</Unicode>
                </TextEquiv>
            </TextLine>
            <TextLine id="r3l24" custom="readingOrder {index:23;}">
                <Coords points="3105,4588 3255,4508 3559,4520 3667,4591 3854,4519 4792,4536 4737,4452 4413,4472 4219,4402 3754,4483 3692,4423 3599,4451 3464,4393 3105,4480"/>
                <Baseline points="3116,4506 3199,4508 3282,4510 3365,4512 3448,4512 3532,4512 3615,4512 3698,4512 3781,4512 3864,4512 3948,4510 4031,4510 4114,4509 4197,4508 4280,4508 4364,4506 4447,4506 4530,4506 4613,4506 4696,4508 4780,4508"/>
                <TextEquiv>
                    <Unicode>so schandtlich verlogen, vnd dardurch in einen</Unicode>
                </TextEquiv>
            </TextLine>
            <TextLine id="r3l25" custom="readingOrder {index:24;}">
                <Coords points="3107,4670 3468,4656 3560,4718 3769,4637 4216,4698 4518,4653 4622,4710 4794,4645 4792,4535 4668,4582 4570,4521 4451,4583 4325,4522 4248,4579 4080,4513 3612,4598 3258,4504 3106,4599"/>
                <Baseline points="3118,4634 3201,4636 3284,4638 3367,4640 3450,4640 3534,4639 3617,4638 3700,4637 3783,4635 3866,4633 3950,4632 4033,4629 4116,4627 4199,4625 4282,4624 4366,4622 4449,4622 4532,4620 4615,4622 4698,4622 4782,4624"/>
                <TextEquiv>
                    <Unicode>so bösen argwohn vnd verdacht gebrachte</Unicode>
                </TextEquiv>
            </TextLine>
            <TextLine id="r3l26" custom="readingOrder {index:25;}">
                <Coords points="3123,4778 3152,4762 3196,4775 3214,4761 3236,4760 3303,4802 3314,4791 3346,4795 3354,4632 3312,4645 3278,4676 3251,4674 3220,4647 3162,4687 3127,4694"/>
                <Baseline points="3134,4752 3159,4750 3184,4750 3209,4751 3235,4753 3260,4755 3285,4756 3310,4758 3336,4758"/>
                <TextEquiv>
                    <Unicode>habe.</Unicode>
                </TextEquiv>
            </TextLine>
            <TextLine id="r3l27" custom="readingOrder {index:26;}">
                <Coords points="3094,5037 3219,4973 3461,5014 3969,4946 4163,5011 4234,4938 4634,5016 4726,4979 4675,4853 4489,4908 4248,4828 4143,4906 3974,4875 3900,4922 3426,4825 3088,4834"/>
                <Baseline points="3102,4966 3182,4968 3263,4970 3343,4970 3424,4970 3505,4968 3585,4966 3666,4964 3746,4961 3827,4958 3908,4955 3988,4952 4069,4949 4149,4946 4230,4942 4311,4940 4391,4938 4472,4936 4552,4936 4633,4934 4714,4934"/>
                <TextEquiv>
                    <Unicode>Warumb sie aber auß der glangenschafft</Unicode>
                </TextEquiv>
            </TextLine>
            <TextLine id="r3l28" custom="readingOrder {index:27;}">
                <Coords points="3108,5177 3903,5061 4781,5057 4799,4912 4649,5011 4229,4940 4162,5011 3969,4945 3674,5033 3578,4975 3508,5025 3352,4986 3104,5036"/>
                <Baseline points="3116,5076 3199,5078 3283,5080 3367,5079 3451,5078 3535,5076 3618,5074 3702,5072 3786,5068 3870,5065 3954,5062 4037,5058 4121,5055 4205,5052 4289,5050 4373,5046 4456,5046 4540,5044 4624,5044 4708,5044 4792,5046"/>
                <TextEquiv>
                    <Unicode>geschloffen verstandt durch das lach daent.</Unicode>
                </TextEquiv>
            </TextLine>
            <TextLine id="r3l29" custom="readingOrder {index:28;} place {offset:35; length:5;}">
                <Coords points="3099,5261 3408,5191 3590,5259 3755,5198 4215,5165 4320,5206 4468,5157 4568,5220 4668,5149 4778,5155 4776,5102 4452,5117 4158,5053 3844,5145 3655,5105 3487,5166 3390,5116 3330,5170 3095,5171"/>
                <Baseline points="3106,5196 3189,5198 3272,5200 3355,5200 3438,5198 3521,5196 3604,5194 3687,5191 3770,5188 3853,5183 3936,5179 4019,5175 4102,5170 4185,5166 4268,5160 4351,5157 4434,5153 4517,5150 4600,5148 4683,5146 4766,5144"/>
                <TextEquiv>
                    <Unicode>halb dem Cre.) heimlicher Gmach im Eggen</Unicode>
                </TextEquiv>
            </TextLine>
            <TextLine id="r3l30" custom="readingOrder {index:29;}">
                <Coords points="3119,5346 3247,5311 3492,5369 3780,5293 4076,5332 4300,5269 4544,5348 4644,5258 4704,5308 4773,5262 4769,5155 4565,5221 4472,5159 4310,5209 4081,5179 3989,5255 3895,5198 3823,5255 3501,5267 3408,5191 3116,5269"/>
                <Baseline points="3128,5308 3209,5308 3291,5308 3373,5307 3454,5306 3536,5304 3618,5302 3699,5300 3781,5298 3863,5294 3945,5291 4026,5287 4108,5284 4190,5280 4271,5276 4353,5272 4435,5268 4516,5263 4598,5259 4680,5254 4762,5250"/>
                <TextEquiv>
                    <Unicode>gstracks gegen der lauben über schatten halbe</Unicode>
                </TextEquiv>
            </TextLine>
            <TextLine id="r3l31" custom="readingOrder {index:30;}">
                <Coords points="3117,5509 3299,5433 3402,5470 3610,5409 3720,5471 3973,5391 4179,5472 4432,5389 4576,5457 4649,5392 4823,5384 4818,5244 4713,5319 4642,5259 4542,5347 4303,5289 4157,5359 3966,5312 3882,5356 3798,5299 3659,5377 3596,5321 3488,5372 3204,5314 3111,5354"/>
                <Baseline points="3124,5424 3208,5424 3292,5424 3377,5424 3461,5422 3546,5420 3630,5418 3714,5415 3799,5412 3883,5408 3968,5403 4052,5400 4136,5396 4221,5393 4305,5388 4390,5384 4474,5382 4558,5378 4643,5376 4727,5373 4812,5372"/>
                <TextEquiv>
                    <Unicode>seye theils die forcht der besorgenden straf,</Unicode>
                </TextEquiv>
            </TextLine>
            <TextLine id="r3l32" custom="readingOrder {index:31;}">
                <Coords points="3115,5631 3222,5555 3693,5588 3769,5526 3986,5602 4109,5516 4763,5497 4759,5415 4665,5392 4567,5457 4450,5392 3934,5499 3655,5430 3569,5514 3302,5430 3110,5515"/>
                <Baseline points="3122,5546 3203,5550 3285,5552 3366,5552 3448,5552 3529,5550 3611,5548 3692,5544 3774,5539 3855,5536 3937,5530 4018,5524 4100,5518 4181,5512 4263,5507 4344,5502 4426,5497 4507,5493 4589,5490 4670,5487 4752,5486"/>
                <TextEquiv>
                    <Unicode>theils dann die hievorgemelte, damalen</Unicode>
                </TextEquiv>
            </TextLine>
            <TextLine id="r3l33" custom="readingOrder {index:32;}">
                <Coords points="3115,5699 3425,5680 3626,5758 3699,5694 3780,5743 3930,5667 4072,5726 4350,5626 4825,5645 4821,5557 4560,5495 4325,5580 4139,5525 3953,5610 3769,5528 3571,5637 3449,5584 3376,5645 3113,5632"/>
                <Baseline points="3124,5664 3208,5670 3293,5672 3377,5672 3462,5672 3546,5670 3631,5667 3715,5663 3800,5658 3884,5654 3969,5648 4053,5642 4138,5636 4222,5631 4307,5626 4391,5622 4476,5620 4560,5618 4645,5618 4729,5619 4814,5622"/>
                <TextEquiv>
                    <Unicode>auch in der gefangenschafft geweser Predi¬</Unicode>
                </TextEquiv>
            </TextLine>
            <TextLine id="r3l34" custom="readingOrder {index:33;} place {offset:10; length:9;}">
                <Coords points="3123,5804 3594,5803 3663,5863 3751,5797 3863,5842 4120,5770 4255,5842 4485,5753 4735,5753 4731,5652 4626,5607 4470,5704 4362,5629 4054,5730 3937,5675 3717,5768 3318,5686 3245,5756 3119,5731"/>
                <Baseline points="3132,5784 3211,5791 3291,5794 3370,5796 3450,5796 3530,5796 3609,5794 3689,5792 3768,5787 3848,5782 3928,5778 4007,5773 4087,5768 4166,5762 4246,5756 4326,5752 4405,5748 4485,5744 4564,5742 4644,5740 4724,5740"/>
                <TextEquiv>
                    <Unicode>antin von Cappellen, die Vrsach, welche</Unicode>
                </TextEquiv>
            </TextLine>
            <TextLine id="r3l35" custom="readingOrder {index:34;}">
                <Coords points="3085,5966 4029,5895 4142,5961 4242,5892 4352,5934 4454,5848 4710,5888 4756,5769 4585,5749 4217,5846 4110,5771 4038,5845 3865,5873 3660,5863 3588,5803 3281,5880 3078,5812"/>
                <Baseline points="3094,5902 3176,5907 3259,5910 3342,5913 3424,5914 3507,5912 3590,5911 3672,5908 3755,5905 3838,5902 3921,5897 4003,5891 4086,5885 4169,5880 4251,5874 4334,5868 4417,5863 4499,5856 4582,5851 4665,5846 4748,5842"/>
                <TextEquiv>
                    <Unicode>Ihre das Loch am Abent zuuor gezeigt,</Unicode>
                </TextEquiv>
            </TextLine>
            <TextLine id="r3l36" custom="readingOrder {index:35;}">
                <Coords points="3109,6039 3257,6128 3339,6054 3518,6100 3669,6031 3874,6027 4033,6094 4428,5969 4706,5956 4702,5900 4379,5942 4243,5890 4137,5965 3569,5972 3448,5927 3316,5993 3187,5923 3105,5964"/>
                <Baseline points="3120,6028 3198,6032 3277,6034 3356,6034 3434,6034 3513,6032 3592,6030 3670,6028 3749,6023 3828,6019 3907,6014 3985,6008 4064,6001 4143,5994 4221,5988 4300,5982 4379,5976 4457,5968 4536,5962 4615,5955 4694,5950"/>
                <TextEquiv>
                    <Unicode>und gsagt habe, wann sie ihro etwas</Unicode>
                </TextEquiv>
            </TextLine>
            <TextLine id="r3l37" custom="readingOrder {index:36;}">
                <Coords points="3084,6220 3199,6161 3380,6235 3928,6126 4062,6211 4176,6131 4512,6093 4641,6168 4776,6142 4767,5998 4691,5960 4547,6040 4348,5987 4206,6067 4114,6005 4033,6090 3891,6051 3488,6120 3341,6052 3258,6130 3076,6089"/>
                <Baseline points="3090,6148 3173,6156 3257,6162 3340,6164 3424,6164 3508,6164 3591,6160 3675,6155 3758,6149 3842,6143 3926,6136 4009,6127 4093,6119 4176,6111 4260,6105 4344,6097 4427,6092 4511,6087 4594,6084 4678,6082 4762,6082"/>
                <TextEquiv>
                    <Unicode>gelts gebe, wolle sie Ihre dardurch ußen</Unicode>
                </TextEquiv>
            </TextLine>
            <TextLine id="r3l38" custom="readingOrder {index:37;}">
                <Coords points="3099,6333 3158,6305 3310,6368 3435,6295 3503,6338 3654,6275 3837,6340 3976,6253 4327,6291 4504,6188 4665,6180 4661,6120 4596,6152 4502,6102 4061,6211 3914,6137 3773,6217 3605,6161 3515,6232 3360,6234 3287,6178 3092,6221"/>
                <Baseline points="3106,6272 3183,6276 3260,6278 3338,6278 3415,6278 3493,6276 3570,6273 3647,6269 3725,6264 3802,6258 3880,6252 3957,6245 4034,6238 4112,6231 4189,6223 4267,6216 4344,6210 4421,6204 4499,6198 4576,6193 4654,6188"/>
                <TextEquiv>
                    <Unicode>helffen, auß welichem anlaß, sie es</Unicode>
                </TextEquiv>
            </TextLine>
            <TextLine id="r3l39" custom="readingOrder {index:38;}">
                <Coords points="4374,6353 4409,6336 4465,6371 4500,6341 4520,6349 4574,6309 4594,6315 4631,6297 4684,6310 4724,6292 4720,6226 4683,6223 4663,6246 4633,6246 4612,6262 4577,6251 4494,6264 4447,6241 4369,6271"/>
                <Baseline points="4382,6310 4407,6308 4433,6308 4458,6307 4484,6304 4509,6302 4535,6300 4560,6298 4586,6298 4611,6296 4637,6294 4662,6294 4688,6294 4714,6294"/>
                <TextEquiv>
                    <Unicode>morgens</Unicode>
                </TextEquiv>
            </TextLine>
            <TextEquiv>
                <Unicode>233.
Den 23. jenner 1656 ist hievorgemelte
Madle hertig durch mehr hanni in bysein
H Hans Rudolff Tilliers canstatt zu Großen
im strecken thurn, bei anwendung einfachen
Marter examiniert worden.
Wolfe aber nüt weiters bekennen, weder
daß der jenige, mit deme sie vor ungefahr
zweyen Jahren, als das erste mahl, sich
fleischlich vergangen, ein Scherer gsell, und
domalen zu Feuren gsin, es aber seye do¬
malen noch nicht dergestalten, wegen ihrer
Jugent, beschaffen gewesen, daß er die
vorhabende that mit ihro volkommenlich
verbringen, vnnd ins werck setzen können.
Daß sie aber in werender irer verhafftung
geredt haben sol, Es seye ein geweßer Herr,
dem werde es sehr vbel ergahn, wann
man sie hart halten vnd exammieren iede,
Wolte sie auch anderst nicht bekennenn,
weder also geredt zu haben, Sie förchte
nur, es werde ihro wegen hr. spitalme
Spätigs sehr übel ergahn, weilen sie ihne
so schandtlich verlogen, vnd dardurch in einen
so bösen argwohn vnd verdacht gebrachte
habe.
Warumb sie aber auß der glangenschafft
geschloffen verstandt durch das lach daent.
halb dem Cre.) heimlicher Gmach im Eggen
gstracks gegen der lauben über schatten halbe
seye theils die forcht der besorgenden straf,
theils dann die hievorgemelte, damalen
auch in der gefangenschafft geweser Predi¬
antin von Cappellen, die Vrsach, welche
Ihre das Loch am Abent zuuor gezeigt,
und gsagt habe, wann sie ihro etwas
gelts gebe, wolle sie Ihre dardurch ußen
helffen, auß welichem anlaß, sie es
morgens</Unicode>
            </TextEquiv>
        </TextRegion>
    </Page>
</PcGts>
