5472 7296
737 4702 842 4831 3.
709 1453 951 1635 196
900 4754 1101 4910 1 fürg
1087 1606 2564 1813 den mund erforschet, vnd zu Iro gesagt
1124 1713 2592 1885 der zahn mangle keines ußzeuchens, welle
1143 1809 2576 1975 Ira sonst mittel geben, woruff er dan
1135 1885 2563 2045 ein gwüste halben, dieser gmeinlich alhie
1157 1954 2661 2108 für das Jahnwehe verkaufft uß einem büchßlin
1165 2055 2572 2200 genommen und iro etwas einer erbs groß
1145 2133 2582 2261 den taht und das Jahnfleisch darmit bestrichten,
1130 2199 2589 2368 Das fleisch aber beforderst mit einem gwüßen
1137 2285 2619 2484 instrument geöffnet, damit die fluß desto
1116 2361 2581 2550 Ocher Ires gang haben mochten, fur welche sein
1161 2452 2547 2600 Ann und und der büchßlenen darinn solche
1122 2533 2483 2733 halben gewesen, sy ime zwey batzen zalt
1153 2661 2547 2843 daß aber er, tra einich waßerlin oder
1127 2770 2573 2930 Irgent etwas anders in mund oder sonsten
1120 2820 2474 2983 Ingeben angeklagter und vorgehaltner
1175 2930 2576 3084 maßen ingeben, sye gar nicht und geschehen
1155 2997 2151 3157 Ime in diser anklag vnrecht.
1142 3146 2416 3312 furs ander sye nicht wenig, das als
1116 3264 2462 3423 gedachte Dochter Ime obige zweij batzen
1154 3354 2442 3507 erlegt, habe er zu tra gesprochen, Es
1158 3418 2558 3601 mangle ira nicht an den zähnen sy sölle einen
1119 3523 2489 3678 mann nemmen, so werde es schon bester
1162 3605 2419 3753 werden, vnd wo fehrn sy noch keinen
1143 3686 2606 3852 versprochen hette, welle er sy gern zum thatz
1140 3754 2580 3948 haben, vnd als sy darüber Ire Eltere
1106 3890 2659 4012 anzogen vnd sich vff dero willen referirt
1120 3976 2608 4134 habe er Ire vnder das furtuch griffen,
1114 4044 2606 4215 gesprochen, welle kein schelm antra sein
1115 4135 2560 4305 sy habe Ime auch Ire Jungen zwey mahl in
1148 4226 2652 4377 seinen mund gehebt, Inmaßen er sich verners
1126 4304 2564 4468 der fräffenheit angenommen, daß er fra
1146 4396 2473 4550 mit dem muten finger die scham berürt,
1150 4464 2588 4629 und das meind durch den rock schlitz hinuß
1153 4550 2537 4731 gezogen, auch daruff Iren bauch und zuuor
2253 4626 2537 4750 daß er
1162 4658 1912 4795 die brüst geküßt
1154 4694 2636 4868 aber mit dem mänlichen glid Irgent etwas
1146 4803 2544 4960 mit ira zu thun gehaltt oder sy anderer
1139 4858 2677 5052 gstalt mit den fingeren verletzt, sy geschent
1142 4972 2587 5127 der Jungfrawschafft vnd Irer ehren
1123 5043 2625 5208 beraubet, seye gantz und gar nicht komme zur
1111 5110 2617 5296 deßhalben sehr fr�nd für, daß sy so verderbt
1953 5192 2639 5376 bey seye auch niemahlen
1828 5241 1937 5362 .
1114 5237 1828 5400 gefunden worden seye,
1130 5288 2541 5471 zu boden gefallen, vil weniger mohnmacht
1130 5434 1391 5564 gelegt.
1155 5492 2453 5672 Diß alles aber seye geschechen nit mit irem
1107 5563 2581 5723 sonderen unwillen, bittenmahlen sy, als sy
1116 5674 2364 5834 von imme nacher hauß gang, gelachet.
4555 1601 4740 1756 97.
3292 1591 4558 1812 ist bekantnuß und daß es anderst nit
3241 1709 4578 1876 dan wie dieselbige luthet, hergangen, neme
3282 1797 4685 1976 er uff sein gewüßen, und daß er by derselbige
3269 1859 4007 1974 leben vnd sterben wölle
3271 1940 4708 2106 Er müste freilich wol bekennen, daß dise action
3302 2024 4711 2161 an ira selbsten unloblich ergerlich und und
3273 2102 4658 2244 ehrlich und daß er deßhalb einzüchtigung
3288 2176 4136 2303 und straf wol verdienet,
4157 2163 4618 2297 Gittel
3291 2277 4736 2389 Deßwegen gantz flachenlich inne nit nach strenge
3248 2327 4631 2452 sondern in gnaden abzustraffen, imme seines
3259 2415 4674 2548 jungen leibs, insonderheit aber, daß er dem
3289 2475 4580 2599 Nachrichter nit in die hand kommen müße,
3267 2554 4661 2675 zu verschonen, damit der sich seiner kunst mit
3271 2624 4632 2773 uszüchung der töhnen und den medicament
3297 2683 4732 2846 für allerley fluß, verners könne gebeünen
3274 2788 4719 2923 sich und seinen jungen sohn, den er in Thürigen
3278 2850 4749 3017 mit großem unlasten studieren laßt, desto
3260 2964 4126 3101 bester zu vnderhalten etc.
3216 3122 4787 3265 Nachdem obige bekantnuß den 19. maii in and
3271 3243 4822 3332 in geseßnen rath vorgetragen und daruff befolhen
3291 3304 4681 3422 worden, ermelten Hans Rothen, Verners
3274 3369 4625 3485 mit zimlicher Marter zu examinieren
3258 3413 4828 3564 hatt derselbige vngeacht zweymahliger lähren
3200 3504 4773 3627 oveziechung weithers nichts bekennen wöllen.
3253 3575 4704 3714 sondern obige sein verricht nochmahlen an
3266 3645 4736 3784 der Marter mit höchstel bezilgung, daß es
3265 3736 4719 3869 anderst nit, das wie obstath hergangen.
3251 3833 4745 3911 erhalten. Abermahlen gantz demütigst
3275 3899 4743 4016 und flachenlichst bittend, könne eher das leben
3240 3952 4676 4076 Zubmeinen, als vernes zu marteren,
3301 4032 4618 4147 dan, wo fehrn er durch die Marter
3229 4098 4810 4229 zu mehrerer vnd anderer bekantnuß solte
3256 4175 4819 4320 gebracht werden, müßte er wider sein
3244 4240 4592 4396 rigen wüßen vnd gewüßen reden.
3262 4398 4787 4565 Den 19. maii 1675 haben mahl erkent,
3234 4492 4690 4631 Daß diser Hans Roth, neben abtrag alles
3237 4581 4845 4708 Costens, mit dem Eid von Statt vnd Land verwisen
3289 4702 4849 4827 werden solle. Ist uff gleichem Tag bescheh
