5472 7296
732 1344 906 1491 111.
1079 1319 2354 1593 Geldet hiemit Gott vnd leich nichtet Ime
1102 1483 2333 1653 dise so vnuerstehne, an Inne gebrachten
1123 1562 2429 1717 vnd gesuchte trawrige action die fur
1100 1656 2230 1831 dan von grund seines hertzens leid
1097 1748 1765 1940 gnädigst zu verzeichen.
1190 1857 2366 2088 Kindhaffen vnd Information
1128 2009 2261 2165 so durch ihn herren rathspf Müller
1149 2097 2225 2247 Dr Obrist vor Wattenweil und Herr
1123 2170 2289 2326 obrist morbet uß unghen der kriegs
1224 2268 2325 2431 rathen befelch ufgenommen worden,
680 2279 1146 2466 f von hievorgedachten
1242 2340 2095 2529 n 24. febr 1677.
713 2420 1087 2531 castichs wegen
1086 2472 2398 2681 Erstlich zuget Sigmund Ulrich von
1070 2597 2426 2757 trachwitz püetig von Peter schwalden uß
1078 2698 2444 2856 der Schlesing, daß nachdem er mit Hiero,
1092 2809 2377 2950 nnnd matern dem entlebten Nulans
1091 2897 2397 3072 dordan dem thadter und Geörgen Kall
1108 3000 2269 3172 dem hienach gemelten Gezügen, In
1097 3108 2433 3273 wirtshans Hin Wilden man getrunken
1104 3215 2364 3394 Sye der entlybte von Ihnen in ein andere
1100 3336 2381 3502 Stuben gegangen, dazumalen habe Niclaus
1101 3432 2380 3615 dardan der thädter zu Geörgen kahl
1107 3560 2439 3727 gesagt, die Wirthi, das ist Marthi Walters
1094 3659 2457 3850 Er, habe im gesagt, der große und der
1107 3757 2391 3921 kleine Schelm, das ist der entlybte und
1087 3879 2428 4059 Geörg Kall, werden sy nit bezahlen.
1113 3987 2355 4148 er aber, das ist der thädter, werde sy
1108 4074 2421 4272 wohl bezahlen und alß der entlybte
1099 4202 2416 4386 us der anderen stuben wider zu ihnen
1084 4303 2380 4498 kommen, habe Geörg Kall imme soliches
1114 4416 2413 4596 erzelt, daruf sy us dem wirtshuß
1107 4545 2418 4702 gangen, und alß sy uf die gaß kommen
1066 4643 2345 4835 habe der entlybte den thätter Hans
1072 4770 2389 4940 genorderet, der thädter aber habe sich
1102 4888 2465 5075 nit wöllen mit imme schlagen, sonder
1078 5004 2390 5196 seye von Ihnen, synen quartier zuge¬
1075 5142 2423 5312 gangen und sye er gezug mit den übrigen
1056 5252 2427 5424 zweyen, biß zu ihrem quartier gegang, wied
1076 5331 2432 5535 er von ihnen syn abscheid genommen, und sich nach
1043 5436 2456 5657 hus begeben, habendt auch in synen bywäsen,
1073 5582 2248 5777 niemahlen die wehr gezuckt
1062 5680 2454 5902 anders und mehrers seye im nit
1018 5779 1504 5974 zu wüssen.
4352 1384 4562 1550 112.
2986 1435 4614 1685 D Jörg Koll von Lignitz von der schlesing pürtig,
3109 1617 4611 1798 bezüget, daß nachdem er und obgemelte syne
3070 1696 4591 1892 drey Cameraden zum Wildenman getrunken, seye
3121 1804 4600 1981 einer so vor disem in Catalonien Mendrich gewesen
3126 1918 4608 2068 in die stuben kommen. Daruf der entlybten
3114 1992 4610 2208 vom tisch ufgestanden, in ein andere stuben gegangen.
3113 2115 4631 2325 und gesprochen, sy söllen auch kommen, sy wollen beden
3098 2221 4635 2405 Worüber der thädter geantwortet, er habe in
3100 2346 4641 2542 diser stuben angefangen zu trinken, wölle auch
3086 2454 4644 2644 darin verblyben, biß er hinweg gange dazumalen
3082 2576 4595 2763 habe auch der thädter zu imme gezug gesagt,
3091 2692 4566 2870 Ihre wirthi habe gesagt, der große und der
3109 2816 4562 3000 kleine schelm, habendt sy nit bezalt und alß
3095 2912 4576 3094 Der entlebte uß der anderen stuben wider zu ihnen
3113 3028 4586 3204 kommen, habe er gezug dise wort dem entlybten
3135 3159 4618 3329 erzelt, darnach sy alsobald mit einanderen us dem
3133 3267 4671 3453 wirtshus gegangen und alß sy uf der gaß kommen,
3116 3373 4658 3536 habe der entlybte den städter herns geworderet
3113 3473 4642 3682 und gesprochen, er habe in für ein hundts etc. Wan
3142 3592 4599 3770 er nit mit für kopfe, daruf der thätter
3109 3709 4687 3889 imme die landt gegeben und inne gebetten, er wolle
3125 3792 4644 3991 gedult haben biß am morgen und solle sich umb
3149 3922 4631 4094 einen raupftagen umb sechen und sye hiemit
3137 4032 4659 4227 der thädter von ihnen synem quartier zuge
3130 4147 4653 4330 ggangen, worüber sy zur auch nachgefolget
3145 4261 4612 4443 und alß sy ins quantier kommen, habendt sy
3088 4381 4617 4572 den thädter bim tisch sitzen funden, welches
3142 4512 4645 4693 mit ihrer wirthi gezanket, wylen sy imme
3149 4622 4693 4847 nit gstendig syn wöllen, daß sy zu im gesagt
3097 4741 4670 4947 habe, syne anderen beid Camareiden syn schelmen
3146 4870 4641 5055 und alß er Bezug hernach by der wirthi gestanden
3153 4989 4642 5172 und etliche wort mit ihro geredt, habe der ent
3158 5104 4552 5277 lybete das wehr gezucket und zu den thadter
3150 5236 4667 5409 gesprochen, du hundts etc. du must jetzunder
3154 5316 4690 5534 mit nur schlagen und habe daruf uf den thadter
3130 5444 4722 5624 zugehauwen, der streich aber seye nit hinen gegangen,
3138 5543 4629 5763 sonder abgeschlipfft, daruon der thädter ein
3159 5667 4654 5866 blauwen müsen uf dem arm bekommen, welchen
3573 5800 3727 5901 hern
3169 5793 4648 6006 er alsobald uf der wacht gezeigt, daruf
4747 5584 4787 5759 1
