<?xml version="1.0" encoding="UTF-8" standalone="yes"?>
<PcGts xmlns="http://schema.primaresearch.org/PAGE/gts/pagecontent/2013-07-15" xmlns:xsi="http://www.w3.org/2001/XMLSchema-instance" xsi:schemaLocation="http://schema.primaresearch.org/PAGE/gts/pagecontent/2013-07-15 http://schema.primaresearch.org/PAGE/gts/pagecontent/2013-07-15/pagecontent.xsd">
    <Metadata>
        <Creator>prov=University of Rostock/Institute of Mathematics/CITlab|PLANET AI GmbH/Gundram Leifert/gundram.leifert@planet-ai.de:name=German_Kurrent_XVI-XVIII_M1(htr_id=19584)::::v=2.6.6
prov=University of Rostock/Institute of Mathematics/CITlab|PLANET AI GmbH/Tobias Gruening/tobias.gruening@planet-ai.de:name=de.uros.citlab.module.baseline2polygon.B2PSeamMultiOriented:v=2.6.6
prov=University of Rostock/Institute of Mathematics/CITlab|PLANET AI GmbH/Tobias Gruening/tobias.gruening@planet-ai.de:name=/net_tf/LA73_249_0mod360.pb:de.uros.citlab.segmentation.CITlab_LA_ML:v=2.6.6
Transkribus</Creator>
        <Created>2020-10-05T15:03:56.102+02:00</Created>
        <LastChange>2022-09-09T16:00:21.784+02:00</LastChange>
        <TranskribusMetadata docId="1334831" pageId="52361114" pageNr="53" tsid="114642892" status="IN_PROGRESS" userId="9570" imgUrl="https://files.transkribus.eu/Get?id=PZIPMVLHLVPJBBCIEVEQPQLU&amp;fileType=view" xmlUrl="https://files.transkribus.eu/Get?id=UDLVYRGLFXDCHKFUKBFVNAEN" imageId="16066958"/>
    </Metadata>
    <Page imageFilename="Turmbuch_StAB B IX 476_00053-20200925_083145.jpg" imageWidth="5472" imageHeight="7296">
        <ReadingOrder>
            <OrderedGroup id="ro_1687513722336" caption="Regions reading order">
                <RegionRefIndexed index="0" regionRef="r1"/>
                <RegionRefIndexed index="1" regionRef="r2"/>
                <RegionRefIndexed index="2" regionRef="r3"/>
                <RegionRefIndexed index="3" regionRef="r4"/>
                <RegionRefIndexed index="4" regionRef="r5"/>
            </OrderedGroup>
        </ReadingOrder>
        <TextRegion orientation="0.0" id="r1" custom="readingOrder {index:0;}">
            <Coords points="658,1336 658,1516 856,1516 856,1336"/>
            <TextLine id="r1l1" custom="readingOrder {index:0;}">
                <Coords points="658,1526 698,1491 723,1505 760,1462 776,1464 788,1450 798,1453 810,1443 825,1449 864,1426 856,1368 830,1376 808,1359 740,1375 729,1385 715,1379 659,1440 645,1442"/>
                <Baseline points="658,1466 686,1457 714,1450 742,1444 771,1441 799,1439 827,1436 856,1436"/>
                <TextEquiv>
                    <Unicode>103.</Unicode>
                </TextEquiv>
            </TextLine>
            <TextEquiv>
                <Unicode>103.</Unicode>
            </TextEquiv>
        </TextRegion>
        <TextRegion orientation="0.0" id="r2" custom="readingOrder {index:1;}">
            <Coords points="946,5418 946,5576 1030,5576 1030,5418"/>
            <TextLine id="r2l1" custom="readingOrder {index:0;}">
                <Coords points="939,5568 957,5571 978,5563 1006,5574 1018,5559 1033,5568 1044,5565 1033,5445 1018,5444 1012,5449 1002,5444 983,5451 977,5446 968,5449 953,5441 950,5445 928,5439"/>
                <Baseline points="946,5526 974,5526 1002,5524 1030,5518"/>
                <TextEquiv>
                    <Unicode>2</Unicode>
                </TextEquiv>
            </TextLine>
            <TextEquiv>
                <Unicode>2</Unicode>
            </TextEquiv>
        </TextRegion>
        <TextRegion orientation="0.0" id="r3" custom="readingOrder {index:2;}">
            <Coords points="1008,1366 1008,5946 2450,5946 2450,1366"/>
            <TextLine id="r3l1" custom="readingOrder {index:0;}">
                <Coords points="1062,1454 1076,1454 1080,1458 1090,1448 1101,1448 1101,1330 1092,1330 1080,1336 1076,1332 1062,1334"/>
                <Baseline points="1072,1410 1092,1410"/>
                <TextEquiv>
                    <Unicode>c</Unicode>
                </TextEquiv>
            </TextLine>
            <TextLine id="r3l2" custom="readingOrder {index:1;} person {offset:0; length:12; continued:true;}">
                <Coords points="1185,1532 1254,1548 1373,1503 1464,1533 1520,1489 1878,1504 1931,1470 2005,1473 1998,1370 1791,1414 1674,1367 1594,1430 1531,1387 1371,1405 1310,1457 1182,1484"/>
                <Baseline points="1194,1518 1234,1513 1274,1509 1314,1506 1354,1502 1394,1499 1434,1496 1474,1493 1514,1492 1554,1490 1594,1486 1634,1485 1674,1484 1714,1482 1754,1479 1794,1476 1834,1476 1874,1472 1914,1470 1954,1467 1994,1464"/>
                <TextEquiv>
                    <Unicode>atis Steiner</Unicode>
                </TextEquiv>
            </TextLine>
            <TextLine id="r3l3" custom="readingOrder {index:2;} person {offset:0; length:11; continued:true;}">
                <Coords points="1295,1643 1328,1625 1398,1675 1512,1608 1607,1660 1745,1578 1854,1612 1900,1573 2023,1586 2088,1558 2083,1491 1940,1472 1901,1503 1709,1511 1676,1541 1587,1490 1460,1532 1286,1519"/>
                <Baseline points="1302,1612 1340,1608 1379,1605 1418,1602 1457,1600 1496,1595 1534,1593 1573,1589 1612,1585 1651,1582 1690,1579 1728,1576 1767,1574 1806,1570 1845,1568 1884,1566 1922,1564 1961,1564 2000,1562 2039,1562 2078,1562"/>
                <TextEquiv>
                    <Unicode>Wurst Mader</Unicode>
                </TextEquiv>
            </TextLine>
            <TextLine id="r3l4" custom="readingOrder {index:3;} person {offset:8; length:12;}">
                <Coords points="1066,1742 1298,1757 1486,1714 1557,1745 1997,1686 2288,1727 2285,1655 2183,1614 2036,1634 1901,1574 1593,1672 1499,1619 1399,1669 1292,1602 1140,1697 1064,1682"/>
                <Baseline points="1076,1720 1136,1720 1196,1720 1256,1718 1316,1716 1376,1714 1436,1712 1496,1708 1556,1705 1616,1702 1677,1698 1737,1696 1797,1693 1857,1691 1917,1690 1977,1688 2037,1687 2097,1688 2157,1688 2217,1691 2278,1694"/>
                <TextEquiv>
                    <Unicode>lad dem Hans Steiner der</Unicode>
                </TextEquiv>
            </TextLine>
            <TextLine id="r3l5" custom="readingOrder {index:4;} place {offset:13; length:11;}">
                <Coords points="998,1851 1668,1798 1724,1845 1969,1775 2256,1825 2340,1789 2338,1723 2172,1690 1998,1749 1823,1692 1346,1766 1081,1741 996,1787"/>
                <Baseline points="1008,1828 1074,1823 1140,1820 1206,1816 1272,1811 1338,1808 1404,1804 1470,1799 1536,1797 1602,1792 1669,1790 1735,1788 1801,1785 1867,1783 1933,1782 1999,1780 2065,1780 2131,1780 2197,1780 2263,1782 2330,1784"/>
                <TextEquiv>
                    <Unicode>Schreiber zu Mülithurnen beklagt,</Unicode>
                </TextEquiv>
            </TextLine>
            <TextLine id="r3l6" custom="readingOrder {index:5;}">
                <Coords points="1064,1920 1958,1918 2116,1861 2439,1908 2437,1841 2331,1789 2283,1831 2045,1782 1900,1836 1824,1786 1718,1849 1472,1801 1405,1852 1062,1856"/>
                <Baseline points="1074,1906 1141,1904 1209,1902 1277,1900 1344,1896 1412,1893 1480,1889 1547,1886 1615,1882 1683,1878 1751,1875 1818,1872 1886,1870 1954,1868 2021,1866 2089,1866 2157,1868 2224,1870 2292,1873 2360,1878 2428,1884"/>
                <TextEquiv>
                    <Unicode>worden, daß derselbige im Wirths¬</Unicode>
                </TextEquiv>
            </TextLine>
            <TextLine id="r3l7" custom="readingOrder {index:6;}">
                <Coords points="1044,2066 1119,2016 1300,2062 1378,1987 1436,2029 1617,1981 1752,2025 1899,1964 2025,2012 2225,1998 2287,1971 2285,1901 2215,1915 2120,1861 2010,1931 1787,1885 1721,1925 1594,1889 1525,1923 1386,1901 1315,1953 1146,1916 1039,1946"/>
                <Baseline points="1050,2004 1111,2000 1172,1997 1234,1994 1295,1990 1357,1988 1418,1984 1479,1981 1541,1978 1602,1976 1664,1973 1725,1970 1786,1968 1848,1966 1909,1964 1971,1962 2032,1960 2093,1960 2155,1958 2216,1958 2278,1958"/>
                <TextEquiv>
                    <Unicode>huß im Flösch, Nachdem er frisch</Unicode>
                </TextEquiv>
            </TextLine>
            <TextLine id="r3l8" custom="readingOrder {index:7;}">
                <Coords points="1069,2117 1204,2087 1498,2123 1566,2070 1632,2121 1750,2115 1877,2047 2028,2111 2302,2045 2300,2001 2060,2013 1915,1964 1687,2036 1513,2004 1446,2034 1378,1986 1333,2027 1066,2048"/>
                <Baseline points="1078,2092 1138,2090 1199,2087 1260,2084 1320,2081 1381,2076 1442,2074 1502,2070 1563,2066 1624,2064 1685,2061 1745,2058 1806,2056 1867,2053 1927,2050 1988,2050 2049,2048 2109,2048 2170,2046 2231,2048 2292,2048"/>
                <TextEquiv>
                    <Unicode>vo der densen heimkommen, ohne</Unicode>
                </TextEquiv>
            </TextLine>
            <TextLine id="r3l9" custom="readingOrder {index:8;}">
                <Coords points="1073,2205 1216,2176 1269,2224 1549,2242 1816,2148 1954,2222 2163,2216 2254,2147 2413,2181 2410,2106 2346,2081 2021,2107 1947,2050 1627,2127 1556,2075 1501,2127 1071,2133"/>
                <Baseline points="1082,2180 1148,2178 1214,2176 1280,2173 1346,2170 1412,2166 1478,2164 1544,2161 1610,2157 1676,2154 1742,2151 1808,2148 1874,2146 1940,2144 2006,2144 2072,2142 2138,2142 2204,2144 2270,2146 2336,2148 2402,2154"/>
                <TextEquiv>
                    <Unicode>muchen gegebnen anlaß grett haben</Unicode>
                </TextEquiv>
            </TextLine>
            <TextLine id="r3l10" custom="readingOrder {index:9;}">
                <Coords points="1065,2302 1080,2299 1170,2344 1223,2314 1256,2279 1272,2286 1299,2255 1341,2249 1339,2210 1272,2226 1211,2177 1129,2195 1096,2228 1060,2227"/>
                <Baseline points="1074,2278 1099,2275 1125,2270 1151,2268 1177,2266 1203,2264 1228,2262 1254,2262 1280,2262 1306,2262 1332,2264"/>
                <TextEquiv>
                    <Unicode>sollen</Unicode>
                </TextEquiv>
            </TextLine>
            <TextLine id="r3l11" custom="readingOrder {index:10;}">
                <Coords points="1068,2398 1568,2346 1650,2394 1744,2334 1880,2385 2060,2326 2306,2372 2396,2320 2392,2223 2216,2291 2129,2246 1704,2229 1382,2295 1320,2249 1166,2342 1064,2303"/>
                <Baseline points="1076,2376 1141,2371 1207,2367 1272,2362 1338,2358 1403,2353 1469,2350 1534,2345 1600,2340 1665,2337 1731,2334 1796,2332 1862,2328 1927,2328 1993,2326 2058,2326 2124,2326 2189,2326 2255,2329 2320,2332 2386,2336"/>
                <TextEquiv>
                    <Unicode>wort an der Heüßen seyn einer gsinn</Unicode>
                </TextEquiv>
            </TextLine>
            <TextLine id="r3l12" custom="readingOrder {index:11;}">
                <Coords points="1049,2454 1250,2500 1316,2449 1380,2491 1490,2433 1730,2452 2046,2402 2226,2441 2356,2388 2354,2348 2078,2379 2024,2337 1757,2403 1572,2346 1380,2409 1301,2364 1189,2415 1047,2408"/>
                <Baseline points="1058,2464 1122,2458 1186,2453 1251,2448 1315,2444 1380,2440 1444,2436 1508,2432 1573,2430 1637,2426 1702,2423 1766,2421 1830,2419 1895,2416 1959,2414 2024,2413 2088,2412 2152,2410 2217,2408 2281,2408 2346,2406"/>
                <TextEquiv>
                    <Unicode>welcher gredt, Er wolte drunde</Unicode>
                </TextEquiv>
            </TextLine>
            <TextLine id="r3l13" custom="readingOrder {index:12;}">
                <Coords points="1070,2560 1855,2502 1964,2560 2067,2496 2383,2548 2399,2408 2224,2443 2045,2402 1832,2465 1682,2434 1614,2489 1385,2492 1329,2449 1250,2505 1214,2475 1068,2516"/>
                <Baseline points="1078,2546 1143,2542 1209,2539 1275,2535 1340,2532 1406,2527 1472,2524 1537,2520 1603,2516 1669,2512 1735,2509 1800,2506 1866,2504 1932,2502 1997,2500 2063,2498 2129,2498 2194,2498 2260,2498 2326,2500 2392,2502"/>
                <TextEquiv>
                    <Unicode>in der Statt ein man wein trinckt</Unicode>
                </TextEquiv>
            </TextLine>
            <TextLine id="r3l14" custom="readingOrder {index:13;}">
                <Coords points="1062,2665 1432,2614 1837,2669 1914,2609 2043,2658 2251,2595 2247,2515 2170,2498 1965,2560 1854,2501 1747,2542 1474,2524 1359,2585 1058,2581"/>
                <Baseline points="1070,2638 1128,2636 1187,2634 1245,2629 1304,2627 1362,2623 1421,2620 1479,2616 1538,2612 1596,2610 1655,2606 1713,2601 1772,2598 1830,2595 1889,2592 1947,2590 2006,2588 2064,2584 2123,2583 2181,2581 2240,2580"/>
                <TextEquiv>
                    <Unicode>und dan der statt hinf zu nachghl.</Unicode>
                </TextEquiv>
            </TextLine>
            <TextLine id="r3l15" custom="readingOrder {index:14;} person {offset:14; length:7;} person {offset:29; length:7; continued:true;}">
                <Coords points="1053,2758 1432,2709 1629,2738 1668,2700 1887,2732 1965,2684 2049,2732 2365,2697 2348,2610 2039,2661 1908,2611 1842,2665 1626,2656 1570,2612 1282,2685 1121,2645 1051,2688"/>
                <Baseline points="1062,2730 1126,2725 1191,2719 1255,2714 1320,2711 1385,2708 1449,2705 1514,2702 1578,2701 1643,2698 1708,2698 1772,2696 1837,2694 1901,2693 1966,2692 2030,2691 2095,2690 2160,2688 2224,2686 2289,2684 2354,2680"/>
                <TextEquiv>
                    <Unicode>herren keiner wagners herren general</Unicode>
                </TextEquiv>
            </TextLine>
            <TextLine id="r3l16" custom="readingOrder {index:15;} person {offset:0; length:11; continued:true;}">
                <Coords points="1057,2821 2336,2789 2334,2733 2073,2748 1972,2685 1747,2753 1579,2714 1055,2759"/>
                <Baseline points="1066,2810 1129,2810 1192,2806 1255,2804 1318,2802 1381,2800 1444,2797 1507,2794 1570,2792 1633,2790 1696,2787 1759,2784 1822,2782 1885,2780 1948,2778 2011,2776 2074,2774 2137,2774 2200,2772 2263,2772 2326,2772"/>
                <TextEquiv>
                    <Unicode>von Erlachs. H. Meiners Tūrlers</Unicode>
                </TextEquiv>
            </TextLine>
            <TextLine id="r3l17" custom="readingOrder {index:16;} person {offset:31; length:10; continued:true;}">
                <Coords points="1069,2919 1177,2895 1483,2961 1882,2886 2278,2868 2350,2907 2435,2888 2433,2787 1904,2806 1853,2848 1549,2785 1463,2837 1365,2800 1294,2856 1204,2790 1067,2832"/>
                <Baseline points="1078,2900 1145,2898 1212,2897 1280,2896 1347,2893 1415,2890 1482,2887 1549,2884 1617,2882 1684,2880 1752,2878 1819,2876 1886,2874 1954,2872 2021,2872 2089,2872 2156,2872 2223,2872 2291,2874 2358,2877 2426,2882"/>
                <TextEquiv>
                    <Unicode>vnd Ir gn. herren Schultheißen von Graff¬</Unicode>
                </TextEquiv>
            </TextLine>
            <TextLine id="r3l18" custom="readingOrder {index:17;} person {offset:0; length:5; continued:true;}">
                <Coords points="1058,3016 1172,3006 1249,3064 1348,2992 1623,3041 1728,2984 2076,2955 2202,3016 2274,2963 2412,2974 2408,2863 2238,2920 2165,2889 2048,2936 1963,2891 1738,2938 1688,2902 1473,2961 1146,2898 1056,2962"/>
                <Baseline points="1066,2996 1132,2998 1199,2996 1266,2996 1333,2994 1400,2992 1466,2988 1533,2986 1600,2982 1667,2980 1734,2975 1800,2972 1867,2969 1934,2966 2001,2963 2068,2961 2134,2960 2201,2960 2268,2960 2335,2961 2402,2964"/>
                <TextEquiv>
                    <Unicode>rndes hüßeren gahn und sagen, da sind</Unicode>
                </TextEquiv>
            </TextLine>
            <TextLine id="r3l19" custom="readingOrder {index:18;}">
                <Coords points="1051,3163 1196,3095 1297,3143 1439,3089 1516,3137 1588,3075 2065,3097 2122,3056 2279,3118 2445,3067 2443,3013 2343,2977 2255,3026 1977,2969 1544,3045 1415,3004 1256,3063 1173,3005 1047,3030"/>
                <Baseline points="1058,3090 1126,3090 1195,3088 1264,3088 1333,3086 1402,3083 1470,3081 1539,3078 1608,3074 1677,3072 1746,3068 1814,3066 1883,3064 1952,3062 2021,3060 2090,3058 2158,3058 2227,3058 2296,3060 2365,3062 2434,3064"/>
                <TextEquiv>
                    <Unicode>die vilen batzenmacher, auch weither</Unicode>
                </TextEquiv>
            </TextLine>
            <TextLine id="r3l20" custom="readingOrder {index:19;}">
                <Coords points="1077,3200 1286,3253 2261,3170 2227,3080 2156,3108 2023,3066 1880,3102 1788,3066 1665,3111 1594,3079 1515,3138 1438,3090 1294,3148 1228,3098 1075,3153"/>
                <Baseline points="1086,3186 1144,3184 1202,3183 1260,3182 1318,3180 1377,3177 1435,3176 1493,3172 1551,3170 1609,3168 1668,3166 1726,3163 1784,3160 1842,3158 1900,3156 1959,3155 2017,3153 2075,3152 2133,3151 2191,3150 2250,3150"/>
                <TextEquiv>
                    <Unicode>anzeigen, da vnd da In der vnd</Unicode>
                </TextEquiv>
            </TextLine>
            <TextLine id="r3l21" custom="readingOrder {index:20;}">
                <Coords points="1036,3349 1179,3318 1228,3352 1294,3310 1556,3345 1656,3303 1783,3367 1844,3310 2199,3305 2198,3227 1956,3263 1852,3205 1313,3283 1125,3198 1034,3205"/>
                <Baseline points="1046,3310 1103,3310 1160,3308 1217,3307 1274,3306 1332,3306 1389,3304 1446,3304 1503,3304 1560,3304 1618,3302 1675,3302 1732,3302 1789,3301 1846,3300 1904,3299 1961,3298 2018,3296 2075,3294 2132,3292 2190,3290"/>
                <TextEquiv>
                    <Unicode>Etlich meiner gl. als Ir gut hen</Unicode>
                </TextEquiv>
            </TextLine>
            <TextLine id="r3l22" custom="readingOrder {index:21;} person {offset:13; length:15;}">
                <Coords points="1057,3432 1115,3399 1280,3446 1358,3399 2054,3417 2123,3368 2203,3414 2280,3396 2280,3338 1910,3301 1780,3366 1650,3307 1555,3346 1491,3309 1057,3349"/>
                <Baseline points="1066,3400 1126,3398 1186,3398 1246,3398 1306,3398 1367,3398 1427,3398 1487,3398 1547,3398 1607,3398 1668,3398 1728,3398 1788,3398 1848,3398 1908,3398 1969,3396 2029,3396 2089,3394 2149,3393 2209,3391 2270,3388"/>
                <TextEquiv>
                    <Unicode>Schultheißen von Graffenrind herren</Unicode>
                </TextEquiv>
            </TextLine>
            <TextLine id="r3l23" custom="readingOrder {index:22;} person {offset:7; length:7;} person {offset:28; length:6;}">
                <Coords points="1065,3504 1499,3479 1726,3531 1974,3476 2248,3539 2420,3475 2420,3440 2253,3444 2147,3386 2081,3437 1918,3447 1695,3399 1065,3432"/>
                <Baseline points="1074,3482 1140,3482 1207,3482 1274,3482 1341,3482 1408,3482 1474,3480 1541,3480 1608,3480 1675,3480 1742,3478 1808,3478 1875,3478 1942,3478 2009,3478 2076,3478 2142,3478 2209,3478 2276,3479 2343,3480 2410,3482"/>
                <TextEquiv>
                    <Unicode>keiner Stürler, Hern keiner Wagner</Unicode>
                </TextEquiv>
            </TextLine>
            <TextLine id="r3l24" custom="readingOrder {index:23;} person {offset:7; length:18;}">
                <Coords points="1068,3598 1238,3563 1348,3632 1415,3577 1807,3569 1981,3607 2198,3583 2225,3511 1067,3511"/>
                <Baseline points="1078,3574 1134,3576 1191,3576 1248,3576 1305,3576 1362,3576 1419,3575 1476,3574 1533,3572 1590,3572 1647,3570 1703,3568 1760,3568 1817,3568 1874,3566 1931,3566 1988,3566 2045,3567 2102,3568 2159,3570 2216,3572"/>
                <TextEquiv>
                    <Unicode>und h. General von Frlach, deß</Unicode>
                </TextEquiv>
            </TextLine>
            <TextLine id="r3l25" custom="readingOrder {index:24;}">
                <Coords points="1068,3691 1172,3675 1256,3732 1370,3665 1496,3707 1736,3661 2080,3732 2171,3663 2429,3698 2428,3587 1949,3624 1751,3581 1550,3633 1416,3578 1348,3633 1144,3572 1067,3608"/>
                <Baseline points="1078,3674 1145,3672 1212,3670 1279,3668 1346,3666 1413,3664 1480,3662 1547,3660 1614,3660 1681,3658 1748,3658 1815,3657 1882,3656 1949,3656 2016,3658 2083,3658 2150,3658 2217,3660 2284,3662 2351,3664 2418,3666"/>
                <TextEquiv>
                    <Unicode>faltischen batzenpragung beschuldiget,</Unicode>
                </TextEquiv>
            </TextLine>
            <TextLine id="r3l26" custom="readingOrder {index:25;}">
                <Coords points="1045,3816 1434,3737 1622,3801 1781,3759 2190,3763 2315,3812 2404,3782 2372,3689 2105,3729 1703,3661 1600,3725 1544,3685 1257,3731 1044,3698"/>
                <Baseline points="1054,3768 1121,3768 1188,3766 1255,3766 1322,3764 1389,3762 1456,3762 1523,3760 1590,3758 1657,3758 1724,3756 1791,3756 1858,3756 1925,3754 1992,3754 2059,3754 2126,3756 2193,3756 2260,3758 2327,3758 2394,3760"/>
                <TextEquiv>
                    <Unicode>und grett haben sölle, daß er sölche</Unicode>
                </TextEquiv>
            </TextLine>
            <TextLine id="r3l27" custom="readingOrder {index:26;}">
                <Coords points="1069,3892 1195,3920 1295,3855 1379,3926 1536,3856 1628,3917 1763,3854 1922,3922 2001,3852 2385,3887 2424,3828 2105,3779 2041,3816 1913,3759 1787,3807 1707,3767 1468,3830 1327,3767 1068,3820"/>
                <Baseline points="1078,3866 1144,3866 1211,3864 1278,3862 1345,3862 1412,3859 1478,3858 1545,3855 1612,3854 1679,3852 1746,3850 1812,3850 1879,3848 1946,3848 2013,3848 2080,3848 2146,3850 2213,3852 2280,3854 2347,3857 2414,3862"/>
                <TextEquiv>
                    <Unicode>beschuldigung offentlich im wirth</Unicode>
                </TextEquiv>
            </TextLine>
            <TextLine id="r3l28" custom="readingOrder {index:27;} place {offset:11; length:12;}">
                <Coords points="1060,3947 1545,3952 1648,4000 1896,3956 1992,3997 2049,3944 2167,3944 2167,3892 2005,3867 1909,3921 1825,3871 1781,3905 1691,3869 1632,3914 1538,3856 1378,3924 1247,3858 1161,3907 1060,3887"/>
                <Baseline points="1070,3956 1124,3954 1178,3952 1233,3950 1287,3948 1342,3948 1396,3948 1450,3946 1505,3946 1559,3946 1614,3946 1668,3946 1722,3946 1777,3944 1831,3944 1886,3944 1940,3942 1994,3941 2049,3940 2103,3938 2158,3936"/>
                <TextEquiv>
                    <Unicode>buß by der Senstenbrugg von</Unicode>
                </TextEquiv>
            </TextLine>
            <TextLine id="r3l29" custom="readingOrder {index:28;} place {offset:0; length:5;} person {offset:7; length:5;}">
                <Coords points="1030,4066 1375,4031 1826,4108 2024,4021 2099,4074 2375,4039 2374,3979 2219,3929 1991,3997 1905,3961 1630,4006 1393,3948 1029,3969"/>
                <Baseline points="1040,4052 1106,4048 1172,4044 1238,4042 1305,4040 1371,4038 1437,4038 1504,4037 1570,4036 1636,4036 1703,4036 1769,4036 1835,4036 1901,4036 1968,4036 2034,4034 2100,4032 2167,4030 2233,4027 2299,4024 2366,4018"/>
                <TextEquiv>
                    <Unicode>Bürck. Mader gehört, haber</Unicode>
                </TextEquiv>
            </TextLine>
            <TextLine id="r3l30" custom="readingOrder {index:29;}">
                <Coords points="1047,4176 1148,4135 1268,4201 1493,4117 1580,4164 2071,4144 2164,4200 2350,4152 2350,4082 2255,4033 2113,4084 2009,4035 1823,4111 1681,4111 1590,4047 1427,4076 1344,4030 1047,4081"/>
                <Baseline points="1056,4126 1120,4128 1184,4130 1248,4132 1312,4134 1377,4134 1441,4136 1505,4136 1569,4136 1633,4136 1698,4136 1762,4136 1826,4136 1890,4136 1954,4134 2019,4134 2083,4132 2147,4132 2211,4130 2275,4128 2340,4126"/>
                <TextEquiv>
                    <Unicode>Aūghl. vnd Oberen in erforschung</Unicode>
                </TextEquiv>
            </TextLine>
            <TextLine id="r3l31" custom="readingOrder {index:30;}">
                <Coords points="1711,4205 1729,4207 1736,4200 1752,4206 1773,4195 1787,4207 1806,4210 1835,4203 1833,4133 1819,4134 1806,4142 1792,4137 1777,4151 1761,4145 1747,4132 1730,4146 1724,4141 1709,4141"/>
                <Baseline points="1720,4180 1746,4175 1772,4174 1798,4174 1824,4176"/>
                <TextEquiv>
                    <Unicode>ol</Unicode>
                </TextEquiv>
            </TextLine>
            <TextLine id="r3l32" custom="readingOrder {index:31;}">
                <Coords points="1050,4261 1180,4224 1948,4272 2295,4233 2351,4269 2375,4181 2162,4202 2073,4145 1921,4139 1787,4210 1640,4139 1462,4204 1264,4199 1127,4137 1051,4185"/>
                <Baseline points="1060,4228 1125,4228 1190,4229 1255,4230 1320,4230 1386,4232 1451,4232 1516,4232 1581,4232 1646,4234 1712,4234 1777,4234 1842,4234 1907,4234 1972,4234 2038,4234 2103,4234 2168,4234 2233,4234 2298,4234 2364,4234"/>
                <TextEquiv>
                    <Unicode>der warheit herūrten Speiner</Unicode>
                </TextEquiv>
            </TextLine>
            <TextLine id="r3l33" custom="readingOrder {index:32;}">
                <Coords points="1066,4325 1222,4385 1326,4326 1393,4362 1539,4325 1728,4395 1839,4348 1910,4399 2258,4326 2259,4285 2172,4259 2078,4299 1759,4242 1571,4275 1426,4238 1385,4273 1240,4234 1067,4279"/>
                <Baseline points="1076,4320 1134,4320 1193,4320 1251,4321 1310,4322 1369,4322 1427,4324 1486,4324 1544,4326 1603,4328 1662,4328 1720,4330 1779,4330 1837,4332 1896,4332 1955,4332 2013,4332 2072,4332 2130,4332 2189,4330 2248,4328"/>
                <TextEquiv>
                    <Unicode>Als seinen angebnen Versagen, den</Unicode>
                </TextEquiv>
            </TextLine>
            <TextLine id="r3l34" custom="readingOrder {index:33;} person {offset:0; length:11;} place {offset:16; length:7;}">
                <Coords points="1060,4451 1889,4434 2128,4490 2229,4428 2395,4476 2444,4447 2444,4354 2174,4335 2095,4399 1913,4401 1800,4349 1724,4403 1337,4325 1236,4389 1059,4325"/>
                <Baseline points="1070,4428 1138,4426 1206,4426 1274,4426 1342,4426 1411,4427 1479,4428 1547,4428 1615,4428 1683,4428 1752,4430 1820,4430 1888,4430 1956,4430 2024,4429 2093,4428 2161,4426 2229,4426 2297,4424 2365,4421 2434,4418"/>
                <TextEquiv>
                    <Unicode>Nucki Mader von Steinen gfencklich</Unicode>
                </TextEquiv>
            </TextLine>
            <TextLine id="r3l35" custom="readingOrder {index:34;}">
                <Coords points="1056,4554 1149,4519 1258,4564 1306,4520 1872,4555 2122,4515 2256,4570 2376,4530 2377,4471 2179,4442 2126,4490 1989,4453 1931,4483 1878,4439 1826,4479 1760,4438 1404,4421 1056,4480"/>
                <Baseline points="1066,4512 1131,4512 1196,4513 1261,4514 1326,4515 1391,4516 1456,4516 1521,4518 1586,4518 1651,4518 1716,4518 1781,4520 1846,4520 1911,4520 1976,4520 2041,4518 2106,4518 2171,4518 2236,4516 2301,4516 2366,4514"/>
                <TextEquiv>
                    <Unicode>einsetzen, vnd durch meine hochge¬</Unicode>
                </TextEquiv>
            </TextLine>
            <TextLine id="r3l36" custom="readingOrder {index:35;} person {offset:23; length:6;}">
                <Coords points="1069,4617 1975,4657 2052,4611 2353,4626 2353,4529 2188,4578 2122,4516 2052,4566 1626,4517 1523,4577 1306,4521 1251,4565 1174,4519 1069,4551"/>
                <Baseline points="1078,4604 1141,4606 1204,4608 1267,4610 1330,4612 1394,4614 1457,4616 1520,4616 1583,4616 1646,4618 1710,4618 1773,4618 1836,4618 1899,4616 1962,4616 2026,4614 2089,4614 2152,4612 2215,4610 2278,4606 2342,4604"/>
                <TextEquiv>
                    <Unicode>ehrte Herren, H Züghl. Leiber vnd</Unicode>
                </TextEquiv>
            </TextLine>
            <TextLine id="r3l37" custom="readingOrder {index:36;} person {offset:14; length:7;}">
                <Coords points="1050,4748 1411,4716 1537,4757 1684,4717 1756,4775 1882,4737 1988,4784 2194,4715 2281,4769 2376,4746 2377,4659 2276,4630 2219,4676 2053,4610 1810,4684 1638,4620 1555,4662 1051,4624"/>
                <Baseline points="1060,4704 1125,4704 1190,4704 1255,4706 1321,4706 1386,4708 1451,4710 1517,4710 1582,4712 1647,4712 1713,4714 1778,4714 1843,4714 1908,4714 1974,4714 2039,4714 2104,4712 2170,4710 2235,4708 2300,4705 2366,4700"/>
                <TextEquiv>
                    <Unicode>H. heimlicher Steiger erforderliche</Unicode>
                </TextEquiv>
            </TextLine>
            <TextLine id="r3l38" custom="readingOrder {index:37;}">
                <Coords points="1061,4854 1285,4798 1386,4865 1624,4811 1712,4852 2293,4839 2294,4779 2172,4764 1064,4740"/>
                <Baseline points="1072,4792 1132,4796 1193,4799 1253,4802 1314,4804 1375,4807 1435,4808 1496,4810 1556,4812 1617,4813 1678,4814 1738,4816 1799,4818 1859,4818 1920,4820 1981,4820 2041,4822 2102,4822 2162,4824 2223,4826 2284,4826"/>
                <TextEquiv>
                    <Unicode>maßen hierüber examinieren,</Unicode>
                </TextEquiv>
            </TextLine>
            <TextLine id="r3l39" custom="readingOrder {index:38;}">
                <Coords points="1065,4904 1240,4946 1321,4907 1475,4956 1628,4928 1732,4980 2073,4914 2163,4952 2287,4881 2101,4837 1845,4867 1634,4811 1432,4880 1186,4817 1065,4871"/>
                <Baseline points="1074,4900 1134,4900 1194,4902 1254,4902 1314,4904 1374,4906 1434,4906 1494,4908 1554,4910 1614,4912 1675,4912 1735,4914 1795,4915 1855,4916 1915,4916 1975,4918 2035,4918 2095,4918 2155,4918 2215,4916 2276,4916"/>
                <TextEquiv>
                    <Unicode>auff die jenig persohnen, welche bei</Unicode>
                </TextEquiv>
            </TextLine>
            <TextLine id="r3l40" custom="readingOrder {index:39;}">
                <Coords points="1076,5059 1241,4999 1298,5043 1419,4997 1621,5060 1770,5003 2011,5061 2144,5012 2277,5030 2280,4908 2197,4970 2073,4913 2007,4964 1940,4932 1732,4981 1628,4928 1474,4956 1390,4915 1263,4963 1080,4910"/>
                <Baseline points="1088,4986 1147,4986 1206,4988 1265,4990 1324,4992 1383,4994 1442,4996 1501,4998 1560,5000 1619,5002 1678,5004 1737,5006 1796,5008 1855,5008 1914,5010 1973,5010 2032,5010 2091,5010 2150,5010 2209,5008 2268,5006"/>
                <TextEquiv>
                    <Unicode>ußgießung obiger schmach, und </Unicode>
                </TextEquiv>
            </TextLine>
            <TextLine id="r3l41" custom="readingOrder {index:40;}">
                <Coords points="1076,5096 1471,5108 1521,5074 1758,5170 1830,5112 1890,5125 1958,5182 2099,5120 2358,5100 2359,5042 1894,5056 1783,5004 1639,5062 1245,5010 1077,5050"/>
                <Baseline points="1086,5080 1149,5078 1212,5080 1275,5080 1338,5083 1401,5086 1464,5088 1527,5091 1590,5096 1653,5098 1717,5102 1780,5104 1843,5108 1906,5110 1969,5110 2032,5112 2095,5111 2158,5110 2221,5107 2284,5102 2348,5096"/>
                <TextEquiv>
                    <Unicode>lesterwort gewesen, bÿ Iren Eiden</Unicode>
                </TextEquiv>
            </TextLine>
            <TextLine id="r3l42" custom="readingOrder {index:41;}">
                <Coords points="1053,5175 1277,5188 1350,5229 1458,5214 1554,5238 1612,5208 1730,5240 1736,5153 1653,5139 1537,5165 1449,5101 1239,5108 1185,5134 1124,5090 1058,5086"/>
                <Baseline points="1062,5168 1095,5170 1128,5170 1161,5172 1194,5174 1227,5174 1260,5176 1293,5177 1326,5178 1359,5181 1392,5184 1425,5185 1458,5187 1491,5189 1524,5190 1557,5194 1590,5197 1623,5200 1656,5202 1689,5205 1722,5208"/>
                <TextEquiv>
                    <Unicode>vernemmen lass</Unicode>
                </TextEquiv>
            </TextLine>
            <TextLine id="r3l43" custom="readingOrder {index:42;} person {offset:13; length:12;}">
                <Coords points="1067,5305 1166,5361 1263,5300 1559,5368 1643,5321 2112,5347 2212,5399 2399,5324 2401,5221 2286,5272 2129,5221 2035,5276 1787,5174 1555,5248 1069,5181"/>
                <Baseline points="1078,5304 1143,5304 1209,5305 1274,5306 1340,5308 1406,5310 1471,5313 1537,5316 1602,5318 1668,5321 1734,5324 1799,5326 1865,5326 1930,5328 1996,5328 2061,5327 2127,5326 2193,5322 2258,5319 2324,5314 2390,5306"/>
                <TextEquiv>
                    <Unicode>und hat sich Hans Steiner volgend</Unicode>
                </TextEquiv>
            </TextLine>
            <TextLine id="r3l44" custom="readingOrder {index:43;}">
                <Coords points="1067,5438 1150,5407 1217,5433 1275,5397 1322,5423 1510,5404 1566,5434 1771,5418 1880,5443 1945,5426 1949,5347 1693,5378 1610,5333 1554,5375 1428,5317 1332,5343 1278,5300 1170,5355 1072,5341"/>
                <Baseline points="1080,5386 1122,5386 1165,5386 1208,5388 1251,5388 1294,5390 1336,5392 1379,5394 1422,5395 1465,5399 1508,5402 1550,5404 1593,5407 1636,5408 1679,5412 1722,5414 1764,5415 1807,5417 1850,5418 1893,5418 1936,5418"/>
                <TextEquiv>
                    <Unicode>masen beantwortet.</Unicode>
                </TextEquiv>
            </TextLine>
            <TextLine id="r3l45" custom="readingOrder {index:44;} person {offset:29; length:8; continued:true;}">
                <Coords points="1041,5562 1258,5511 1522,5574 1587,5533 1715,5596 1996,5537 2189,5598 2240,5555 2408,5575 2411,5463 1880,5435 1412,5495 1132,5416 1044,5455"/>
                <Baseline points="1052,5514 1119,5514 1186,5516 1254,5518 1321,5520 1389,5523 1456,5526 1523,5529 1591,5532 1658,5536 1726,5540 1793,5542 1860,5544 1928,5546 1995,5548 2063,5548 2130,5547 2197,5545 2265,5542 2332,5537 2400,5532"/>
                <TextEquiv>
                    <Unicode>Als an einem gwüßen zinstag, Christen</Unicode>
                </TextEquiv>
            </TextLine>
            <TextLine id="r3l46" custom="readingOrder {index:45;} person {offset:0; length:10; continued:true;} place {offset:23; length:7;}">
                <Coords points="1053,5671 1313,5608 1952,5707 2140,5638 2201,5692 2390,5646 2392,5586 2247,5551 2176,5600 1987,5545 1720,5597 1588,5533 1478,5593 1400,5552 1056,5553"/>
                <Baseline points="1064,5604 1129,5607 1195,5610 1261,5612 1327,5614 1393,5618 1458,5622 1524,5624 1590,5626 1656,5629 1722,5632 1787,5634 1853,5636 1919,5636 1985,5638 2051,5638 2116,5638 2182,5636 2248,5634 2314,5632 2380,5630"/>
                <TextEquiv>
                    <Unicode>Schappeler zu inen gan Thurnen ins</Unicode>
                </TextEquiv>
            </TextLine>
            <TextLine id="r3l47" custom="readingOrder {index:46;}">
                <Coords points="1086,5708 1219,5709 1332,5776 1553,5727 1849,5739 1914,5789 1994,5740 2056,5773 2297,5749 2298,5691 2174,5667 1947,5708 1833,5671 1741,5698 1665,5653 1616,5681 1568,5638 1378,5655 1305,5610 1213,5665 1087,5650"/>
                <Baseline points="1096,5698 1155,5702 1215,5706 1274,5709 1334,5713 1394,5715 1453,5718 1513,5720 1572,5723 1632,5726 1692,5727 1751,5728 1811,5730 1870,5730 1930,5730 1990,5730 2049,5730 2109,5728 2168,5727 2228,5725 2288,5722"/>
                <TextEquiv>
                    <Unicode>wirthshuß kommen und fürgeben.</Unicode>
                </TextEquiv>
            </TextLine>
            <TextLine id="r3l48" custom="readingOrder {index:47;} place {offset:25; length:12;}">
                <Coords points="1055,5808 1695,5817 1758,5861 2232,5829 2349,5883 2452,5857 2454,5739 1912,5789 1706,5724 1430,5781 1056,5735"/>
                <Baseline points="1066,5792 1134,5795 1203,5800 1272,5804 1341,5807 1410,5812 1479,5815 1548,5818 1617,5820 1686,5822 1755,5824 1823,5826 1892,5826 1961,5826 2030,5826 2099,5824 2168,5822 2237,5819 2306,5814 2375,5810 2444,5804"/>
                <TextEquiv>
                    <Unicode>es branne starck uff dem lengenbergen</Unicode>
                </TextEquiv>
            </TextLine>
            <TextLine id="r3l49" custom="readingOrder {index:48;}">
                <Coords points="1050,5923 1145,5951 1295,5899 1542,5970 1653,5928 1749,5982 1847,5933 1993,5985 2460,5930 2461,5860 2346,5883 2148,5827 1895,5882 1810,5836 1439,5865 1314,5816 1216,5865 1052,5828"/>
                <Baseline points="1060,5890 1129,5890 1199,5894 1268,5896 1338,5900 1407,5904 1477,5906 1546,5910 1616,5914 1685,5917 1755,5920 1824,5922 1894,5924 1963,5924 2033,5924 2102,5924 2172,5922 2241,5920 2311,5914 2380,5909 2450,5900"/>
                <TextEquiv>
                    <Unicode>begerende, daß man inen zu hilff herren</Unicode>
                </TextEquiv>
            </TextLine>
            <TextEquiv>
                <Unicode>c
atis Steiner
Wurst Mader
lad dem Hans Steiner der
Schreiber zu Mülithurnen beklagt,
worden, daß derselbige im Wirths¬
huß im Flösch, Nachdem er frisch
vo der densen heimkommen, ohne
muchen gegebnen anlaß grett haben
sollen
wort an der Heüßen seyn einer gsinn
welcher gredt, Er wolte drunde
in der Statt ein man wein trinckt
und dan der statt hinf zu nachghl.
herren keiner wagners herren general
von Erlachs. H. Meiners Tūrlers
vnd Ir gn. herren Schultheißen von Graff¬
rndes hüßeren gahn und sagen, da sind
die vilen batzenmacher, auch weither
anzeigen, da vnd da In der vnd
Etlich meiner gl. als Ir gut hen
Schultheißen von Graffenrind herren
keiner Stürler, Hern keiner Wagner
und h. General von Frlach, deß
faltischen batzenpragung beschuldiget,
und grett haben sölle, daß er sölche
beschuldigung offentlich im wirth
buß by der Senstenbrugg von
Bürck. Mader gehört, haber
Aūghl. vnd Oberen in erforschung
ol
der warheit herūrten Speiner
Als seinen angebnen Versagen, den
Nucki Mader von Steinen gfencklich
einsetzen, vnd durch meine hochge¬
ehrte Herren, H Züghl. Leiber vnd
H. heimlicher Steiger erforderliche
maßen hierüber examinieren,
auff die jenig persohnen, welche bei
ußgießung obiger schmach, und 
lesterwort gewesen, bÿ Iren Eiden
vernemmen lass
und hat sich Hans Steiner volgend
masen beantwortet.
Als an einem gwüßen zinstag, Christen
Schappeler zu inen gan Thurnen ins
wirthshuß kommen und fürgeben.
es branne starck uff dem lengenbergen
begerende, daß man inen zu hilff herren</Unicode>
            </TextEquiv>
        </TextRegion>
        <TextRegion orientation="0.0" id="r4" custom="readingOrder {index:3;}">
            <Coords points="2834,3929 2834,4088 3052,4088 3052,3929"/>
            <TextLine id="r4l1" custom="readingOrder {index:0;}">
                <Coords points="2823,4073 2855,4070 2899,4047 2936,4059 2967,4055 3023,4089 3062,4078 3063,3940 3015,3941 2986,3920 2951,3935 2901,3909 2825,3891"/>
                <Baseline points="2834,4038 2861,4031 2888,4029 2915,4030 2943,4031 2970,4033 2997,4035 3024,4034 3052,4032"/>
                <TextEquiv>
                    <Unicode>zelter</Unicode>
                </TextEquiv>
            </TextLine>
            <TextEquiv>
                <Unicode>zelter</Unicode>
            </TextEquiv>
        </TextRegion>
        <TextRegion orientation="0.0" id="r5" custom="readingOrder {index:4;}">
            <Coords points="3058,1404 3058,5942 4672,5942 4672,1404"/>
            <TextLine id="r5l1" custom="readingOrder {index:0;}">
                <Coords points="4378,1497 4422,1501 4439,1515 4491,1492 4515,1508 4550,1487 4602,1487 4607,1427 4582,1419 4568,1424 4550,1409 4501,1404 4483,1390 4465,1397 4420,1374 4387,1379"/>
                <Baseline points="4390,1452 4415,1454 4441,1456 4466,1458 4492,1460 4517,1462 4543,1464 4568,1465 4594,1468"/>
                <TextEquiv>
                    <Unicode>107</Unicode>
                </TextEquiv>
            </TextLine>
            <TextLine id="r5l2" custom="readingOrder {index:1;} person {offset:19; length:10;}">
                <Coords points="3084,1576 3403,1558 3557,1627 3662,1573 4067,1646 4223,1617 4430,1682 4538,1662 4546,1557 4225,1483 4031,1554 3801,1465 3699,1504 3599,1432 3463,1483 3352,1442 3091,1489"/>
                <Baseline points="3096,1546 3167,1544 3239,1546 3311,1546 3382,1548 3454,1551 3526,1555 3597,1558 3669,1563 3741,1570 3813,1574 3884,1581 3956,1589 4028,1595 4099,1603 4171,1611 4243,1618 4314,1627 4386,1636 4458,1643 4530,1652"/>
                <TextEquiv>
                    <Unicode>w�lle, sye er nach Hanß Huser</Unicode>
                </TextEquiv>
            </TextLine>
            <TextLine id="r5l3" custom="readingOrder {index:2;} place {offset:4; length:7;} person {offset:12; length:10;} place {offset:27; length:10;}">
                <Coords points="3112,1668 4516,1775 4554,1655 4325,1697 4238,1630 4031,1650 3665,1574 3494,1635 3416,1573 3118,1592"/>
                <Baseline points="3124,1642 3194,1647 3265,1651 3335,1654 3406,1658 3477,1663 3547,1667 3618,1672 3688,1677 3759,1681 3830,1686 3900,1692 3971,1698 4041,1702 4112,1709 4183,1714 4253,1721 4324,1726 4394,1733 4465,1741 4536,1748"/>
                <TextEquiv>
                    <Unicode>von Thurnen Hanß Spani von Lohnstorff</Unicode>
                </TextEquiv>
            </TextLine>
            <TextLine id="r5l4" custom="readingOrder {index:3;} person {offset:4; length:8;} place {offset:17; length:7;}">
                <Coords points="3105,1758 4591,1879 4597,1792 4483,1763 4400,1800 4231,1728 4042,1760 3968,1708 3768,1732 3678,1683 3319,1668 3262,1709 3112,1661"/>
                <Baseline points="3116,1744 3189,1748 3262,1752 3336,1756 3409,1760 3483,1764 3556,1768 3629,1771 3703,1776 3776,1780 3850,1784 3923,1790 3996,1794 4070,1800 4143,1805 4217,1812 4290,1818 4363,1826 4437,1833 4510,1841 4584,1850"/>
                <TextEquiv>
                    <Unicode>und Hans Wyl von Rümling ußgeschoßen</Unicode>
                </TextEquiv>
            </TextLine>
            <TextLine id="r5l5" custom="readingOrder {index:4;}">
                <Coords points="3109,1847 3621,1918 3702,1873 3953,1931 4040,1898 4124,1949 4205,1912 4537,1935 4525,1856 4316,1881 4241,1836 4049,1858 3992,1809 3924,1840 3863,1793 3553,1779 3113,1795"/>
                <Baseline points="3120,1840 3190,1842 3260,1844 3331,1846 3401,1849 3472,1853 3542,1858 3612,1862 3683,1866 3753,1872 3824,1878 3894,1884 3964,1889 4035,1894 4105,1900 4176,1907 4246,1911 4316,1917 4387,1921 4457,1926 4528,1930"/>
                <TextEquiv>
                    <Unicode>worden, sich hinneder zu begeben, umb</Unicode>
                </TextEquiv>
            </TextLine>
            <TextLine id="r5l6" custom="readingOrder {index:5;}">
                <Coords points="3107,1979 3367,1948 4516,2039 4519,1981 4372,1919 4293,1957 4201,1913 4120,1960 4054,1907 3929,1939 3862,1899 3610,1921 3458,1866 3394,1901 3114,1866"/>
                <Baseline points="3120,1934 3189,1936 3258,1938 3328,1940 3397,1944 3467,1947 3536,1951 3605,1955 3675,1959 3744,1965 3814,1968 3883,1974 3952,1979 4022,1983 4091,1989 4161,1994 4230,1999 4299,2002 4369,2006 4438,2010 4508,2014"/>
                <TextEquiv>
                    <Unicode>zustehen, ob deme also. Nachdem sy nun</Unicode>
                </TextEquiv>
            </TextLine>
            <TextLine id="r5l7" custom="readingOrder {index:6;}">
                <Coords points="3094,2093 3173,2044 3710,2059 3900,2132 4231,2088 4485,2185 4535,2160 4543,2031 4431,2011 4331,2063 4119,2000 3785,2009 3719,1964 3583,2001 3367,1948 3194,2010 3101,1981"/>
                <Baseline points="3108,2038 3179,2036 3250,2036 3321,2036 3392,2038 3463,2040 3534,2044 3605,2048 3676,2051 3747,2054 3818,2060 3889,2066 3960,2070 4031,2076 4102,2080 4173,2086 4244,2092 4315,2096 4386,2100 4457,2104 4528,2106"/>
                <TextEquiv>
                    <Unicode>zur kummenen bruggen kommen und gesehen,</Unicode>
                </TextEquiv>
            </TextLine>
            <TextLine id="r5l8" custom="readingOrder {index:7;} person {offset:14; length:11;}">
                <Coords points="3113,2153 3654,2141 3847,2225 4005,2174 4158,2244 4251,2193 4307,2251 4530,2202 4530,2159 4348,2156 4241,2089 4161,2135 4041,2099 3889,2134 3718,2063 3549,2100 3499,2058 3328,2096 3118,2068"/>
                <Baseline points="3124,2128 3193,2128 3263,2130 3333,2131 3403,2134 3473,2136 3542,2139 3612,2142 3682,2146 3752,2150 3822,2155 3891,2158 3961,2164 4031,2169 4101,2174 4171,2179 4240,2186 4310,2192 4380,2197 4450,2203 4520,2210"/>
                <TextEquiv>
                    <Unicode>daß obgedacht Schappelers fürgeben.</Unicode>
                </TextEquiv>
            </TextLine>
            <TextLine id="r5l9" custom="readingOrder {index:8;}">
                <Coords points="3106,2246 3260,2227 3354,2297 3433,2256 3652,2306 3783,2246 4102,2269 4216,2329 4277,2280 4564,2284 4568,2187 4311,2250 4257,2197 4160,2245 4015,2189 3850,2226 3652,2139 3491,2193 3424,2132 3338,2186 3109,2171"/>
                <Baseline points="3116,2220 3187,2222 3259,2224 3331,2226 3403,2230 3475,2232 3547,2236 3619,2239 3691,2242 3763,2246 3835,2249 3906,2252 3978,2257 4050,2261 4122,2264 4194,2268 4266,2271 4338,2276 4410,2279 4482,2284 4554,2288"/>
                <TextEquiv>
                    <Unicode>nit wahr, seyen sy widerumb zurück</Unicode>
                </TextEquiv>
            </TextLine>
            <TextLine id="r5l10" custom="readingOrder {index:9;}">
                <Coords points="3099,2330 3210,2390 3285,2335 3348,2385 3445,2348 3761,2411 3842,2363 4531,2379 4437,2299 4220,2334 4159,2274 3986,2313 3779,2259 3651,2307 3102,2259"/>
                <Baseline points="3108,2318 3178,2321 3249,2324 3319,2328 3390,2332 3461,2336 3531,2340 3602,2342 3672,2346 3743,2350 3814,2352 3884,2356 3955,2358 4025,2362 4096,2366 4167,2368 4237,2372 4308,2374 4378,2376 4449,2380 4520,2382"/>
                <TextEquiv>
                    <Unicode>nacher hauß gangen, underwegs aber</Unicode>
                </TextEquiv>
            </TextLine>
            <TextLine id="r5l11" custom="readingOrder {index:10;} place {offset:22; length:13;}">
                <Coords points="3083,2496 3243,2424 3463,2508 3563,2433 3673,2497 3756,2456 3872,2505 4355,2472 4497,2548 4568,2519 4571,2438 4388,2402 4335,2439 4258,2376 4184,2429 4122,2376 4021,2423 3870,2374 3765,2429 3088,2358"/>
                <Baseline points="3096,2426 3169,2428 3242,2431 3315,2434 3388,2436 3462,2439 3535,2442 3608,2444 3681,2448 3754,2450 3828,2453 3901,2456 3974,2458 4047,2462 4120,2464 4194,2467 4267,2470 4340,2473 4413,2476 4486,2478 4560,2480"/>
                <TextEquiv>
                    <Unicode>Im wirthshauß bei der sensten brugg</Unicode>
                </TextEquiv>
            </TextLine>
            <TextLine id="r5l12" custom="readingOrder {index:11;}">
                <Coords points="3110,2548 3472,2540 3704,2618 3763,2567 3855,2602 4028,2557 4369,2606 4469,2572 4471,2528 4168,2488 4089,2532 3972,2489 3881,2535 3784,2481 3684,2508 3564,2434 3463,2508 3326,2432 3113,2461"/>
                <Baseline points="3120,2526 3187,2528 3254,2531 3321,2534 3388,2535 3455,2538 3522,2541 3589,2544 3656,2547 3723,2550 3790,2552 3857,2555 3924,2558 3991,2560 4058,2562 4125,2564 4192,2565 4259,2566 4326,2568 4393,2568 4460,2568"/>
                <TextEquiv>
                    <Unicode>einen trunck gethan, alwo sy dem</Unicode>
                </TextEquiv>
            </TextLine>
            <TextLine id="r5l13" custom="readingOrder {index:12;} person {offset:0; length:13;}">
                <Coords points="3102,2651 3806,2654 3909,2720 4035,2659 4246,2657 4371,2708 4581,2680 4583,2610 4434,2578 4113,2622 4023,2558 3867,2605 3767,2568 3698,2619 3643,2567 3104,2544"/>
                <Baseline points="3112,2630 3185,2630 3258,2632 3331,2634 3404,2636 3477,2638 3550,2640 3623,2642 3696,2644 3769,2646 3842,2648 3915,2650 3988,2650 4061,2652 4134,2654 4207,2654 4280,2656 4353,2656 4426,2656 4499,2656 4572,2656"/>
                <TextEquiv>
                    <Unicode>Burcki Maders welcher mit einem seiner</Unicode>
                </TextEquiv>
            </TextLine>
            <TextLine id="r5l14" custom="readingOrder {index:13;}">
                <Coords points="3082,2757 4009,2758 4126,2819 4214,2763 4507,2778 4528,2712 4436,2675 4144,2720 3997,2674 3921,2721 3726,2666 3566,2699 3417,2628 3311,2683 3084,2662"/>
                <Baseline points="3092,2732 3163,2732 3234,2732 3305,2734 3376,2734 3448,2736 3519,2736 3590,2738 3661,2740 3732,2741 3804,2742 3875,2744 3946,2746 4017,2748 4088,2751 4160,2752 4231,2755 4302,2758 4373,2760 4444,2762 4516,2764"/>
                <TextEquiv>
                    <Unicode>verwandten getruncken) angetroffen.</Unicode>
                </TextEquiv>
            </TextLine>
            <TextLine id="r5l15" custom="readingOrder {index:14;}">
                <Coords points="3102,2859 3268,2819 3431,2892 3539,2845 3699,2904 3855,2845 4112,2912 4188,2855 4423,2853 4509,2917 4597,2879 4566,2778 4458,2817 4246,2767 4125,2821 3965,2760 3702,2807 3593,2739 3388,2798 3302,2752 3104,2777"/>
                <Baseline points="3112,2830 3185,2830 3259,2830 3333,2830 3407,2830 3481,2830 3554,2832 3628,2834 3702,2836 3776,2838 3850,2840 3923,2841 3997,2843 4071,2845 4145,2846 4219,2848 4292,2848 4366,2850 4440,2850 4514,2850 4588,2848"/>
                <TextEquiv>
                    <Unicode>vnd von Ime gehort reden, Er (namlich</Unicode>
                </TextEquiv>
            </TextLine>
            <TextLine id="r5l16" custom="readingOrder {index:15;}">
                <Coords points="3098,2984 3397,2945 3487,3002 3617,2909 3692,2959 4099,2961 4160,3017 4246,2958 4346,2998 4502,2972 4503,2904 4238,2855 4115,2911 3821,2860 3698,2905 3559,2864 3421,2891 3288,2834 3220,2882 3100,2864"/>
                <Baseline points="3108,2940 3177,2936 3246,2932 3315,2930 3384,2928 3454,2928 3523,2928 3592,2928 3661,2928 3730,2930 3800,2932 3869,2934 3938,2936 4007,2938 4076,2940 4146,2943 4215,2946 4284,2948 4353,2949 4422,2950 4492,2952"/>
                <TextEquiv>
                    <Unicode>Mad, wußte wol, wo die Poltschen</Unicode>
                </TextEquiv>
            </TextLine>
            <TextLine id="r5l17" custom="readingOrder {index:16;}">
                <Coords points="3108,3047 4461,3083 4523,3066 4525,2963 4163,3014 4100,2955 4026,3006 3918,2961 3720,2993 3656,2948 3491,2999 3109,2978"/>
                <Baseline points="3118,3036 3187,3032 3257,3029 3327,3027 3397,3026 3467,3026 3536,3026 3606,3026 3676,3028 3746,3029 3816,3031 3885,3033 3955,3035 4025,3037 4095,3040 4165,3042 4234,3044 4304,3044 4374,3046 4444,3047 4514,3048"/>
                <TextEquiv>
                    <Unicode>batzen praget worden, er habe offt</Unicode>
                </TextEquiv>
            </TextLine>
            <TextLine id="r5l18" custom="readingOrder {index:17;}">
                <Coords points="3106,3195 3218,3132 4490,3170 4490,3090 4211,3061 4114,3096 4033,3051 3781,3047 3562,3099 3465,3032 3345,3092 3106,3090"/>
                <Baseline points="3116,3126 3184,3126 3252,3126 3320,3128 3388,3128 3457,3130 3525,3130 3593,3130 3661,3132 3729,3132 3798,3132 3866,3134 3934,3134 4002,3134 4070,3134 4139,3134 4207,3134 4275,3134 4343,3132 4411,3132 4480,3130"/>
                <TextEquiv>
                    <Unicode>gmeint, Er wolte in der Statten</Unicode>
                </TextEquiv>
            </TextLine>
            <TextLine id="r5l19" custom="readingOrder {index:18;}">
                <Coords points="3121,3232 3853,3277 4187,3234 4335,3299 4410,3249 4526,3295 4527,3198 4415,3164 4288,3211 4080,3155 3897,3194 3818,3138 3709,3199 3587,3135 3121,3175"/>
                <Baseline points="3130,3224 3199,3224 3268,3224 3337,3224 3407,3226 3476,3226 3545,3226 3615,3228 3684,3228 3753,3228 3823,3230 3892,3230 3961,3232 4030,3233 4100,3234 4169,3236 4238,3236 4308,3238 4377,3240 4446,3240 4516,3242"/>
                <TextEquiv>
                    <Unicode>mas wys trinken, und demnach von</Unicode>
                </TextEquiv>
            </TextLine>
            <TextLine id="r5l20" custom="readingOrder {index:19;}">
                <Coords points="3110,3352 3237,3326 3462,3396 3535,3333 3627,3370 3688,3332 4039,3340 4178,3405 4260,3354 4495,3345 4497,3244 4327,3311 4252,3269 4086,3295 3653,3234 3278,3288 3203,3232 3112,3259"/>
                <Baseline points="3120,3324 3188,3322 3256,3320 3324,3320 3393,3320 3461,3320 3529,3320 3598,3322 3666,3324 3734,3326 3803,3328 3871,3332 3939,3333 4007,3335 4076,3338 4144,3338 4212,3340 4281,3340 4349,3340 4417,3338 4486,3336"/>
                <TextEquiv>
                    <Unicode>einem hauß zum anderen gehen und</Unicode>
                </TextEquiv>
            </TextLine>
            <TextLine id="r5l21" custom="readingOrder {index:20;}">
                <Coords points="3121,3430 3333,3472 3441,3420 3710,3426 3917,3505 4123,3438 4505,3442 4506,3392 4417,3355 4098,3405 3909,3336 3818,3369 3531,3336 3463,3395 3184,3328 3122,3355"/>
                <Baseline points="3130,3424 3198,3422 3266,3420 3334,3418 3403,3418 3471,3418 3539,3418 3608,3420 3676,3422 3744,3424 3813,3426 3881,3428 3949,3430 4017,3432 4086,3434 4154,3434 4222,3436 4291,3436 4359,3436 4427,3434 4496,3432"/>
                <TextEquiv>
                    <Unicode>sagen, sie sein faltschen batzen machen, da</Unicode>
                </TextEquiv>
            </TextLine>
            <TextLine id="r5l22" custom="readingOrder {index:21;}">
                <Coords points="3113,3527 3151,3557 3230,3507 3348,3570 3452,3524 3538,3586 3716,3524 3783,3578 4032,3531 4521,3589 4584,3577 4587,3439 4427,3484 4251,3439 4137,3502 4057,3448 3914,3505 3511,3422 3255,3484 3115,3440"/>
                <Baseline points="3122,3514 3194,3514 3267,3512 3339,3512 3412,3514 3485,3515 3557,3516 3630,3519 3702,3521 3775,3524 3848,3526 3920,3528 3993,3530 4065,3534 4138,3535 4211,3536 4283,3538 4356,3538 4428,3538 4501,3538 4574,3538"/>
                <TextEquiv>
                    <Unicode>ist ein faltschen batzenmacher, auch daruff</Unicode>
                </TextEquiv>
            </TextLine>
            <TextLine id="r5l23" custom="readingOrder {index:22;} person {offset:33; length:3; continued:true;}">
                <Coords points="3106,3664 3178,3625 3523,3691 3610,3633 3759,3678 3957,3645 4038,3680 4128,3633 4385,3664 4385,3579 4029,3532 3783,3577 3724,3530 3540,3587 3472,3532 3342,3569 3228,3507 3106,3587"/>
                <Baseline points="3116,3622 3179,3622 3242,3622 3305,3622 3368,3622 3431,3622 3494,3622 3557,3622 3620,3622 3683,3622 3746,3622 3809,3622 3872,3622 3935,3622 3998,3622 4061,3622 4124,3622 4187,3622 4250,3622 4313,3622 4376,3622"/>
                <TextEquiv>
                    <Unicode>anklagt, ir guten hr. schultheiß von</Unicode>
                </TextEquiv>
            </TextLine>
            <TextLine id="r5l24" custom="readingOrder {index:23;} person {offset:0; length:11; continued:true;} person {offset:17; length:14;} person {offset:33; length:3; continued:true;}">
                <Coords points="3048,3733 3542,3734 3616,3790 3699,3728 4317,3758 4525,3730 4525,3662 4201,3688 4124,3636 3959,3694 3595,3635 3527,3693 3176,3627 3048,3677"/>
                <Baseline points="3058,3720 3130,3720 3203,3722 3276,3722 3349,3722 3422,3722 3495,3720 3568,3720 3641,3720 3714,3720 3787,3718 3859,3718 3932,3718 4005,3718 4078,3718 4151,3720 4224,3720 4297,3722 4370,3724 4443,3726 4516,3730"/>
                <TextEquiv>
                    <Unicode>Graffenried, Er. Zenner Stūrler, Er¬</Unicode>
                </TextEquiv>
            </TextLine>
            <TextLine id="r5l25" custom="readingOrder {index:24;} person {offset:0; length:7; continued:true;} place {offset:12; length:6;} person {offset:25; length:6;}">
                <Coords points="3081,3888 3356,3827 3870,3829 3973,3894 4172,3827 4355,3825 4450,3883 4514,3836 4513,3760 4356,3738 4269,3788 4042,3731 3943,3770 3683,3742 3608,3797 3449,3735 3375,3782 3160,3737 3081,3772"/>
                <Baseline points="3090,3824 3160,3824 3231,3824 3302,3824 3372,3824 3443,3824 3514,3822 3584,3822 3655,3821 3726,3820 3797,3819 3867,3818 3938,3818 4009,3818 4079,3818 4150,3818 4221,3818 4291,3818 4362,3820 4433,3822 4504,3824"/>
                <TextEquiv>
                    <Unicode>General von Erlach und j oberst von</Unicode>
                </TextEquiv>
            </TextLine>
            <TextLine id="r5l26" custom="readingOrder {index:25;}">
                <Coords points="3745,3927 3782,3927 3811,3940 3834,3931 3868,3941 3889,3938 3885,3851 3860,3856 3846,3845 3832,3846 3825,3854 3819,3848 3801,3851 3764,3880 3742,3879"/>
                <Baseline points="3754,3914 3785,3914 3816,3912 3847,3910 3878,3910"/>
                <TextEquiv>
                    <Unicode>1</Unicode>
                </TextEquiv>
            </TextLine>
            <TextLine id="r5l27" custom="readingOrder {index:26;} place {offset:0; length:10;}">
                <Coords points="3100,3929 3146,3948 3239,3923 3294,3940 3396,3923 3437,3940 3720,3934 3743,3928 3742,3841 3620,3827 3545,3886 3390,3875 3341,3833 3288,3835 3188,3878 3099,3883"/>
                <Baseline points="3110,3918 3141,3918 3172,3919 3203,3920 3234,3920 3266,3920 3297,3920 3328,3920 3359,3920 3390,3918 3422,3918 3453,3918 3484,3918 3515,3916 3546,3916 3578,3915 3609,3914 3640,3914 3671,3912 3702,3911 3734,3910"/>
                <TextEquiv>
                    <Unicode>Wättenweil.</Unicode>
                </TextEquiv>
            </TextLine>
            <TextLine id="r5l28" custom="readingOrder {index:27;}">
                <Coords points="4084,3964 4137,3962 4170,3934 4240,3959 4267,3946 4360,4010 4437,3941 4532,3978 4589,3944 4643,3967 4643,3853 4508,3835 4446,3883 4399,3842 4298,3843 4256,3823 4085,3848"/>
                <Baseline points="4094,3942 4121,3939 4148,3937 4175,3935 4202,3933 4229,3932 4256,3930 4283,3930 4310,3931 4337,3932 4364,3932 4391,3934 4418,3934 4445,3936 4472,3936 4499,3938 4526,3938 4553,3938 4580,3938 4607,3938 4634,3936"/>
                <TextEquiv>
                    <Unicode>Weliche Jetzer</Unicode>
                </TextEquiv>
            </TextLine>
            <TextLine id="r5l29" custom="readingOrder {index:28;} person {offset:8; length:7;}">
                <Coords points="3067,4076 3726,4030 3854,4076 4054,4041 4110,4091 4201,4033 4393,4088 4556,4022 4556,3970 4362,3929 4081,3969 3993,3923 3799,3937 3703,4007 3398,3926 3247,4000 3067,3998"/>
                <Baseline points="3076,4032 3149,4032 3223,4034 3296,4034 3370,4034 3443,4034 3517,4034 3590,4034 3664,4034 3737,4032 3811,4032 3884,4032 3958,4030 4031,4030 4105,4030 4178,4030 4252,4030 4325,4030 4399,4032 4472,4032 4546,4034"/>
                <TextEquiv>
                    <Unicode>wort er steiner bei seiner heimkunfft</Unicode>
                </TextEquiv>
            </TextLine>
            <TextLine id="r5l30" custom="readingOrder {index:29;}">
                <Coords points="3118,4149 3591,4136 3764,4201 3853,4137 4117,4197 4252,4127 4621,4161 4621,4052 4392,4087 4200,4032 4115,4092 4021,4038 3727,4093 3645,4041 3558,4093 3345,4100 3287,4053 3118,4093"/>
                <Baseline points="3128,4128 3202,4129 3276,4130 3350,4132 3424,4132 3499,4132 3573,4132 3647,4132 3721,4132 3795,4132 3870,4131 3944,4130 4018,4130 4092,4130 4166,4128 4241,4128 4315,4128 4389,4128 4463,4128 4537,4128 4612,4128"/>
                <TextEquiv>
                    <Unicode>anfangs im wirthshuß im flösch genant,</Unicode>
                </TextEquiv>
            </TextLine>
            <TextLine id="r5l31" custom="readingOrder {index:30;} person {offset:1; length:13;} person {offset:19; length:16;}">
                <Coords points="3099,4275 3225,4225 3407,4286 3706,4228 4134,4280 4231,4234 4328,4294 4442,4234 4520,4283 4559,4165 4262,4205 3849,4138 3758,4203 3516,4137 3370,4191 3099,4157"/>
                <Baseline points="3108,4230 3180,4228 3252,4228 3324,4226 3396,4226 3468,4226 3540,4226 3612,4226 3684,4226 3756,4226 3828,4227 3900,4228 3972,4228 4044,4228 4116,4228 4188,4230 4260,4230 4332,4230 4404,4230 4476,4230 4548,4230"/>
                <TextEquiv>
                    <Unicode> Jacob Nußbaum und Melcher schragen</Unicode>
                </TextEquiv>
            </TextLine>
            <TextLine id="r5l32" custom="readingOrder {index:31;}">
                <Coords points="3089,4341 3566,4320 3651,4376 3754,4316 3936,4388 4115,4323 4559,4337 4603,4230 4343,4290 4231,4234 4153,4280 3663,4239 3405,4289 3186,4236 3089,4294"/>
                <Baseline points="3098,4324 3172,4322 3247,4321 3322,4320 3397,4318 3472,4318 3546,4317 3621,4316 3696,4316 3771,4316 3846,4316 3920,4316 3995,4316 4070,4316 4145,4318 4220,4318 4294,4320 4369,4320 4444,4323 4519,4324 4594,4326"/>
                <TextEquiv>
                    <Unicode>den beiden wirthen in gheim widerafferet</Unicode>
                </TextEquiv>
            </TextLine>
            <TextLine id="r5l33" custom="readingOrder {index:32;}">
                <Coords points="3100,4445 3187,4421 3263,4481 3420,4490 3557,4416 3883,4487 4241,4398 4556,4465 4555,4364 4396,4336 4340,4379 4266,4323 3933,4390 3787,4318 3563,4381 3369,4330 3099,4356"/>
                <Baseline points="3110,4418 3181,4418 3253,4418 3325,4418 3397,4418 3469,4418 3540,4418 3612,4418 3684,4418 3756,4418 3828,4418 3899,4418 3971,4416 4043,4416 4115,4416 4187,4416 4258,4415 4330,4414 4402,4414 4474,4414 4546,4414"/>
                <TextEquiv>
                    <Unicode>auch volgents uff ein anders zeit dem</Unicode>
                </TextEquiv>
            </TextLine>
            <TextLine id="r5l34" custom="readingOrder {index:33;} place {offset:14; length:7;}">
                <Coords points="3076,4550 3446,4519 3776,4581 3954,4518 4288,4578 4394,4500 4611,4561 4634,4454 4277,4472 4225,4431 3901,4489 3659,4427 3446,4490 3155,4433 3075,4471"/>
                <Baseline points="3086,4512 3162,4514 3239,4515 3316,4516 3393,4518 3470,4518 3547,4518 3624,4518 3701,4518 3778,4518 3855,4516 3931,4516 4008,4515 4085,4514 4162,4512 4239,4512 4316,4510 4393,4510 4470,4508 4547,4508 4624,4508"/>
                <TextEquiv>
                    <Unicode>freyweibel zu thuenen, in das ehr gennet,</Unicode>
                </TextEquiv>
            </TextLine>
            <TextLine id="r5l35" custom="readingOrder {index:34;}">
                <Coords points="3060,4641 3128,4613 3229,4673 3420,4616 3597,4690 3839,4614 3971,4660 4163,4619 4401,4684 4574,4626 4574,4538 4417,4506 4299,4584 3515,4546 3397,4589 3060,4520"/>
                <Baseline points="3070,4620 3144,4620 3219,4620 3294,4620 3368,4620 3443,4620 3518,4620 3592,4618 3667,4618 3742,4618 3817,4618 3891,4618 3966,4616 4041,4616 4115,4616 4190,4616 4265,4616 4339,4618 4414,4618 4489,4619 4564,4620"/>
                <TextEquiv>
                    <Unicode>daß er aber jegent etwas vom herren</Unicode>
                </TextEquiv>
            </TextLine>
            <TextLine id="r5l36" custom="readingOrder {index:35;} person {offset:7; length:6;}">
                <Coords points="3124,4745 3363,4749 3420,4712 3576,4791 3669,4742 3981,4740 4021,4701 4119,4761 4394,4713 4407,4676 4267,4632 3963,4678 3890,4619 3684,4693 3540,4646 3472,4682 3365,4616 3240,4681 3123,4665"/>
                <Baseline points="3134,4726 3197,4724 3260,4724 3323,4722 3386,4722 3450,4721 3513,4720 3576,4720 3639,4719 3702,4718 3766,4718 3829,4716 3892,4716 3955,4716 4018,4714 4082,4714 4145,4713 4208,4712 4271,4711 4334,4710 4398,4708"/>
                <TextEquiv>
                    <Unicode>Nenner wagner oder dem h. tags zu</Unicode>
                </TextEquiv>
            </TextLine>
            <TextLine id="r5l37" custom="readingOrder {index:36;} place {offset:0; length:7;}">
                <Coords points="3106,4890 3309,4817 3766,4819 3831,4861 4140,4770 4409,4863 4561,4806 4560,4727 4447,4713 4351,4769 4005,4726 3917,4768 3835,4725 3576,4791 3461,4739 3104,4739"/>
                <Baseline points="3114,4822 3185,4820 3257,4820 3329,4820 3401,4820 3473,4818 3545,4818 3617,4818 3689,4818 3761,4818 3833,4816 3904,4816 3976,4815 4048,4814 4120,4812 4192,4810 4264,4808 4336,4803 4408,4801 4480,4797 4552,4792"/>
                <TextEquiv>
                    <Unicode>Grandis grett, sye nit berüffe</Unicode>
                </TextEquiv>
            </TextLine>
            <TextLine id="r5l38" custom="readingOrder {index:37;}">
                <Coords points="3116,4910 3201,4967 3375,4915 3823,4984 4035,4905 4380,4985 4626,4941 4626,4836 4566,4817 4403,4873 4308,4818 4072,4857 3920,4810 3812,4873 3546,4815 3490,4861 3116,4848"/>
                <Baseline points="3126,4912 3200,4912 3275,4914 3349,4914 3424,4915 3498,4916 3573,4916 3647,4916 3722,4917 3796,4918 3871,4918 3945,4918 4020,4918 4094,4918 4169,4918 4243,4918 4318,4916 4392,4916 4467,4916 4541,4916 4616,4916"/>
                <TextEquiv>
                    <Unicode>sach aber uff obige seine mit ußgeschoßne</Unicode>
                </TextEquiv>
            </TextLine>
            <TextLine id="r5l39" custom="readingOrder {index:38;}">
                <Coords points="3092,5038 3451,5014 3542,5078 3726,5008 4130,5079 4294,5019 4651,5022 4587,4929 4356,4982 3972,4920 3821,4985 3676,4932 3092,4943"/>
                <Baseline points="3102,5006 3179,5008 3256,5008 3333,5008 3410,5008 3487,5008 3564,5010 3641,5010 3718,5010 3795,5010 3872,5010 3949,5010 4026,5010 4103,5010 4180,5010 4257,5008 4334,5008 4411,5007 4488,5006 4565,5004 4642,5002"/>
                <TextEquiv>
                    <Unicode>die man in Irer kundtschafft vernemmen wolle.</Unicode>
                </TextEquiv>
            </TextLine>
            <TextLine id="r5l40" custom="readingOrder {index:39;}">
                <Coords points="3091,5211 3311,5246 3504,5182 4207,5243 4347,5198 4544,5254 4603,5227 4604,5062 4289,5145 3792,5059 3652,5123 3092,5099"/>
                <Baseline points="3100,5186 3174,5188 3249,5190 3324,5192 3398,5194 3473,5195 3548,5196 3622,5198 3697,5198 3772,5200 3847,5200 3921,5202 3996,5202 4071,5202 4145,5202 4220,5202 4295,5202 4369,5202 4444,5201 4519,5200 4594,5200"/>
                <TextEquiv>
                    <Unicode>Vnd als hieruf der vernamsete vorsagt</Unicode>
                </TextEquiv>
            </TextLine>
            <TextLine id="r5l41" custom="readingOrder {index:40;} person {offset:0; length:12;} place {offset:17; length:7;}">
                <Coords points="3088,5315 3816,5343 4104,5301 4267,5339 4484,5311 4484,5197 4197,5260 4125,5210 3575,5226 3501,5181 3309,5248 3088,5214"/>
                <Baseline points="3098,5290 3166,5294 3235,5298 3304,5300 3373,5303 3442,5304 3510,5306 3579,5306 3648,5307 3717,5308 3786,5306 3854,5306 3923,5305 3992,5304 4061,5302 4130,5300 4198,5298 4267,5296 4336,5294 4405,5292 4474,5288"/>
                <TextEquiv>
                    <Unicode>Burcki Mader von Steinen, Zū red</Unicode>
                </TextEquiv>
            </TextLine>
            <TextLine id="r5l42" custom="readingOrder {index:41;} person {offset:28; length:7;}">
                <Coords points="3100,5436 3310,5397 3433,5463 3523,5407 3804,5457 3901,5425 3947,5468 4035,5408 4114,5445 4166,5407 4434,5414 4382,5348 4283,5365 4192,5308 3812,5347 3682,5309 3101,5316"/>
                <Baseline points="3110,5390 3175,5392 3241,5394 3307,5396 3372,5398 3438,5398 3504,5400 3569,5400 3635,5402 3701,5402 3767,5402 3832,5402 3898,5402 3964,5402 4029,5402 4095,5402 4161,5401 4226,5400 4292,5400 4358,5398 4424,5398"/>
                <TextEquiv>
                    <Unicode>gestelt und mit obgedachtem steiner</Unicode>
                </TextEquiv>
            </TextLine>
            <TextLine id="r5l43" custom="readingOrder {index:42;}">
                <Coords points="3112,5516 4081,5500 4163,5552 4269,5488 4471,5534 4653,5501 4652,5435 4535,5380 4443,5448 4163,5410 3988,5467 3562,5410 3433,5463 3310,5399 3241,5450 3111,5430"/>
                <Baseline points="3122,5494 3198,5496 3274,5498 3350,5499 3426,5500 3502,5500 3578,5500 3654,5502 3730,5501 3806,5500 3883,5500 3959,5499 4035,5498 4111,5496 4187,5494 4263,5492 4339,5489 4415,5486 4491,5482 4567,5480 4644,5476"/>
                <TextEquiv>
                    <Unicode>confrontirt worden, hatt derselbige</Unicode>
                </TextEquiv>
            </TextLine>
            <TextLine id="r5l44" custom="readingOrder {index:43;}">
                <Coords points="3113,5608 3222,5649 3635,5612 3767,5670 3941,5623 3998,5669 4143,5605 4681,5587 4680,5523 4606,5505 4173,5562 4073,5507 4021,5545 3901,5504 3112,5519"/>
                <Baseline points="3122,5600 3199,5602 3277,5604 3354,5606 3432,5608 3509,5608 3587,5608 3664,5608 3742,5608 3819,5607 3897,5606 3974,5604 4052,5602 4129,5600 4207,5598 4284,5596 4362,5592 4439,5590 4517,5586 4594,5583 4672,5580"/>
                <TextEquiv>
                    <Unicode>anfangs diser angeklagt usgoßnen worten</Unicode>
                </TextEquiv>
            </TextLine>
            <TextLine id="r5l45" custom="readingOrder {index:44;}">
                <Coords points="3106,5722 3272,5771 3329,5717 3450,5719 3554,5786 3851,5708 4051,5754 4182,5687 4531,5701 4529,5613 4397,5603 4264,5641 4149,5606 4073,5672 3830,5625 3767,5679 3527,5606 3433,5657 3275,5610 3105,5670"/>
                <Baseline points="3116,5708 3186,5710 3256,5712 3326,5714 3397,5714 3467,5714 3537,5714 3608,5714 3678,5714 3748,5712 3819,5710 3889,5709 3959,5706 4029,5704 4100,5700 4170,5698 4240,5694 4311,5692 4381,5688 4451,5683 4522,5680"/>
                <TextEquiv>
                    <Unicode>nit gestendig sein, handeren sich mit der</Unicode>
                </TextEquiv>
            </TextLine>
            <TextLine id="r5l46" custom="readingOrder {index:45;}">
                <Coords points="3085,5817 3916,5853 4064,5790 4115,5836 4648,5808 4647,5761 4470,5696 4364,5760 4235,5702 4151,5768 3664,5725 3544,5790 3342,5717 3209,5788 3084,5735"/>
                <Baseline points="3094,5808 3171,5812 3248,5814 3325,5816 3402,5818 3480,5818 3557,5818 3634,5818 3711,5816 3788,5815 3866,5814 3943,5811 4020,5808 4097,5806 4174,5804 4252,5801 4329,5799 4406,5796 4483,5794 4560,5792 4638,5790"/>
                <TextEquiv>
                    <Unicode>trunkenheit und deshalben bekommer ver</Unicode>
                </TextEquiv>
            </TextLine>
            <TextLine id="r5l47" custom="readingOrder {index:46;}">
                <Coords points="3103,5976 3598,5923 3703,5987 3799,5918 3898,5982 4055,5922 4263,5941 4331,5880 4470,5954 4594,5917 4594,5804 4253,5846 4069,5796 3981,5860 3836,5819 3103,5835"/>
                <Baseline points="3114,5908 3187,5912 3261,5914 3334,5916 3408,5918 3481,5918 3555,5918 3628,5918 3702,5918 3775,5918 3849,5918 3922,5917 3996,5916 4069,5916 4143,5914 4216,5914 4290,5912 4363,5912 4437,5912 4510,5912 4584,5912"/>
                <TextEquiv>
                    <Unicode>geßligkeit entschuldigen wöllen uff</Unicode>
                </TextEquiv>
            </TextLine>
            <TextEquiv>
                <Unicode>107
w�lle, sye er nach Hanß Huser
von Thurnen Hanß Spani von Lohnstorff
und Hans Wyl von Rümling ußgeschoßen
worden, sich hinneder zu begeben, umb
zustehen, ob deme also. Nachdem sy nun
zur kummenen bruggen kommen und gesehen,
daß obgedacht Schappelers fürgeben.
nit wahr, seyen sy widerumb zurück
nacher hauß gangen, underwegs aber
Im wirthshauß bei der sensten brugg
einen trunck gethan, alwo sy dem
Burcki Maders welcher mit einem seiner
verwandten getruncken) angetroffen.
vnd von Ime gehort reden, Er (namlich
Mad, wußte wol, wo die Poltschen
batzen praget worden, er habe offt
gmeint, Er wolte in der Statten
mas wys trinken, und demnach von
einem hauß zum anderen gehen und
sagen, sie sein faltschen batzen machen, da
ist ein faltschen batzenmacher, auch daruff
anklagt, ir guten hr. schultheiß von
Graffenried, Er. Zenner Stūrler, Er¬
General von Erlach und j oberst von
1
Wättenweil.
Weliche Jetzer
wort er steiner bei seiner heimkunfft
anfangs im wirthshuß im flösch genant,
 Jacob Nußbaum und Melcher schragen
den beiden wirthen in gheim widerafferet
auch volgents uff ein anders zeit dem
freyweibel zu thuenen, in das ehr gennet,
daß er aber jegent etwas vom herren
Nenner wagner oder dem h. tags zu
Grandis grett, sye nit berüffe
sach aber uff obige seine mit ußgeschoßne
die man in Irer kundtschafft vernemmen wolle.
Vnd als hieruf der vernamsete vorsagt
Burcki Mader von Steinen, Zū red
gestelt und mit obgedachtem steiner
confrontirt worden, hatt derselbige
anfangs diser angeklagt usgoßnen worten
nit gestendig sein, handeren sich mit der
trunkenheit und deshalben bekommer ver
geßligkeit entschuldigen wöllen uff</Unicode>
            </TextEquiv>
        </TextRegion>
    </Page>
</PcGts>
