5472 7296
4495 1535 4718 1680 183.
3344 3869 4405 4079 Peter Stutzmans
3453 4016 4440 4175 processus criminalis
3293 4155 4762 4353 Es ist die zeit, in welcher wir jetzund
3352 4288 4661 4432 leben leider dermassen beschaffen,
3384 4373 4673 4552 dass je mehr die selbige zuonimpt,
3328 4472 4606 4645 je mehr sünden und laster bei vilen
3373 4556 4724 4730 mentschen sich inschleicken, alsso dass
3361 4647 4823 4812 vor disem nichts so grausam gehört worden,
3327 4735 4731 4909 dass nit auch bei jetzigen unseren zeiten
3359 4836 4767 4987 erschröckenlichers mit höchstem beduren
3370 4927 4829 5086 und missfallen muoss vernommen werden,
3370 5022 4801 5184 alles ungeacht der so klaren gebotten
3362 5091 4892 5262 Gottes auch der hochbetrewenden ewigen
3365 5191 4758 5361 und oberkeitlichen zeitlichen straffen.
3361 5314 4869 5469 Dessen wir dan abermahlen an gegen¬
3388 5416 4784 5584 würtigem Peter Stutzman von
3358 5497 4884 5648 Gertzensee ein sonderbares und nit vil
4682 5575 4874 5709 dan
3380 5597 4431 5776 gehörtes exempel haben.
3399 5695 4805 5878 nachdem derselbig uss muothwillen sich
3391 5776 4863 5970 von seinem weib und kind hinab in die
3382 5920 4818 6071 margraffschafft Baden begeben, ein
3370 5987 4930 6141 zeitlang daselbsten bei zweyen meisteren
