5472 7296
642 1537 810 1664 22
1161 1554 1961 1746 Bölli Schuppach
1107 1712 2512 1971 Diser bekennt, in den wider Inne mundt¬
1127 1843 2514 2046 lich angestelten Cramme Er seye alß eine
1145 1926 2453 2178 von der Gmeindt verordneter an die
1132 2030 2458 2232 Landtsgmeindt Konelfingen getredten
1167 2109 2464 2330 aldann bysyn der herren ehrengesandte
1145 2226 2504 2423 (so im friden handlen wollend glych andere
1146 2316 2480 2491 vber das einte vnd andere helffen
1173 2438 1968 2611 mehren und absprechen.
1128 2600 2433 2811 Harnt habe er auch die daruf ervolgten
1152 2708 2507 2859 Landtsgmeinden zu Signoner Sumiswald
1129 2817 2513 2974 hutwyl (alda er den fühlen Pundt mit
1162 2895 2549 3064 ufgehabner handt gut geheiß und geschworen
1166 2966 2444 3155 und langenthal besucht, alda beschloßen,
1181 3001 2512 3280 worden, daß man keine frömbde volcker
1135 3199 2061 3378 durch passieren laßen solle.
1060 3363 2504 3585 Alß nun hierüber ein landts gschrey ent-
1181 3506 2559 3674 fanden, seye ein große menge fränder
1135 3602 2531 3766 völkeren by der gunnenen Brugg ankommen,
1141 3703 2521 3886 seye daruffin und her starck gestürmbt,
1197 3784 2520 3984 worden, daruf sich die Böllers zur wehr
1180 3894 2529 4098 begeben. Domahlen seye er von selbigen
1160 4004 2530 4179 iu einem fuerer oder haubtman uber
1173 4107 2492 4259 ein constages geordnet worden, da
1195 4208 2459 4376 er dann mit fhurreren ernambset:
1156 4302 2470 4485 Christen küpfer den sager zu Arni
1187 4411 2460 4587 und Peter sigenthaler, alß zwen
1154 4520 2457 4690 Im Kriegswesen erfarne Menner
1189 4633 2511 4801 mit bystandt, welcheren, er berierts
1172 4724 2526 4900 syn solle der Günenen Brugg zu füren,
1163 4845 2494 5007 zu dem end sich by müssigen oder Muri
1164 4937 2448 5077 uber die kren begeben wollen. Alß
1178 5049 2488 5211 er aber biß anß Bali kommen, habe
1135 5149 2504 5326 Daniel Kupfer Inne befalchnet
1163 5267 2512 5438 Syn Compalinen vf die Sytten gegen
1141 5367 2484 5539 Ostermundigen gelägeren, alda biß uf
1141 5484 2536 5653 den fridenschluß, mit flyßiger ufstellung
1153 5583 2544 5770 der schultwachten (deren er keine person
1154 5708 2487 5876 lich ufgestelt geharren und ze warten.
4455 1429 4605 1562 23
3256 1517 4663 1703 In der vor 12 jahren von thun entstandene
3264 1640 4682 1791 rebellion und uf lauff bekendt er, er habe
3298 1744 4675 1893 sich biß nacher hochstetten begeben westers
3312 1827 3969 1994 aber gantz nit
3216 1926 4644 2144 Denne ist er bekandtlich, daß zur wol
3275 2067 4663 2230 ie wüsten gsin, daß das kriegs volck über
3288 2159 4673 2311 gaummenen in inghendiensten gewäsen habe
4371 2229 4505 2310 Welch
3317 2247 4656 2412 aber vermeint es seye frömbd, mit
3327 2334 4695 2507 welchen man sy die Burren) überziechen
3318 2436 3597 2592 welle.
3261 2495 4662 2739 zu der zu Riglen gehaltenn gmeindt
3299 2650 4690 2827 habe er syn meinung der ersten einer geben
3292 2723 4687 2921 daß man nit schuldigen solle, wegen etliches
3299 2833 4731 3021 schwären artielen, so daselbst ihnen fürgeben
3304 2936 4705 3102 gehalten worden, insonderheit der landt
3320 3032 4712 3225 nögten gebotten und verbauen gehorsam
3324 3145 4726 3300 leistung halber untzit selbige uf zimmlich
3307 3266 4752 3406 keit und billigkeit restringiert werden.
3320 3341 4700 3496 welches auch beschechen, daruf die huldigung,
3313 3450 4588 3618 uf syn an mahnen zu hochstetten erstellet.
3329 3565 3769 3711 worden seye.
3270 3664 4707 3854 Bekendt verners nach dem hin und har
3320 3772 4706 3972 vilfaltig gestürmbt worden, habe er sich
3333 3872 4704 4048 mit synen nachburren nacher hertzogen
3304 3955 4677 4154 buchse begeben, alß er aber vernommen.
3292 4057 4708 4260 daß die offinderer daselbsten uf ir ge
3310 4190 4710 4378 statten gegendt, habe er sich stracks zu
3318 4292 3828 4476 wicke begeben.
3263 4452 4724 4696 Endtlich, daß er die Imme zu gemeßene
3339 4596 4761 4779 wider im hochen oberkeit außgesprengte
3339 4708 4728 4884 betroüw und lester war ausgegoßen
3319 4802 4800 5023 haben solle, könne er sich in synem geweßen
3286 4908 4704 5113 de�en nit erinneren. Wan aber selbiges
3322 5014 4648 5232 beschechen ware mueße es Ime im
3304 5098 4657 5319 schwaren trinke widerfahren syn.
3330 5208 4716 5435 1 maßen er sich blöden geists und ge-
3344 5302 4720 5522 dechtnuß beklagt) im übrigen laden
3359 5419 4715 5656 erselbiges uf ohnparteyische zugen
3355 5504 4785 5774 wüßten und gewüsten. Actum 20. julii 1653.
3290 5714 4790 5942 Ist uf früsche huldigung abschwerung deß
3350 5821 4791 5996 fundts und erlag 1000 ten buß ehr und
3355 5903 4755 6145 wehr los erkendt, mit dem vorbehalten
3309 5983 4780 6242 Imfahl etwas wyters synen thalben herfür
3331 6094 4799 6339 kommen wurde, inne verners nach verdienen
3318 6170 4793 6454 zestraffen und also nach erlag beschiersten
3321 6274 4792 6560 ledig gelaßen. Actum 9 ten augusti 1653
