5472 7296
741 2390 870 2566 5.
729 2944 878 3136 40.
696 3745 911 3934 N.
665 4590 923 4746 A.
794 1392 949 1545 56
1141 1499 2559 1700 vberschickte Clage Articuli (wie vnbillich
1157 1610 2468 1808 und ungrymbt die auch immer gewesen,
1167 1696 2541 1912 bscheid und antwort gebindt ihren fühlen
1154 1803 2549 2005 Pandt bestätigindt, auch ihnen gwalt
1175 1893 2591 2057 ertheilindt die zeigen, welche wider denselben
1178 2011 2091 2184 reden wurdendt, zu straffen.
1077 2314 2463 2555 Zum sundten könne er auch nit in
1190 2425 2559 2616 abred syn, dan daß er domalen in derselbige
1165 2532 2549 2707 landtsgemeindt den ersten richtschlag geben,
1161 2647 2302 2831 habe für die statt Berg gezüchen.
1018 2920 2570 3144 So seie er auch mit den weybel Rüegsegger
1134 3054 2537 3194 der fürnembsten raht geberen einer gewesen
1110 3116 2563 3300 daß eben in diser landtsgmeindt der statt
1142 3231 2612 3412 Bern und ihren hinseren alle zu fuhr, proviant
1161 3332 2571 3511 und läbensmittel abgescheidten werden.
1170 3472 1366 3651 sölle.
1113 3721 2533 3964 abe er gerahten, daß man die soldaten
1186 3846 2556 4026 ußt e g schloßerer mahnen oder sonst
1143 3890 2609 4141 danus tryben solle, und welichem und dan
1194 4023 2493 4242 4. Schryben gahn thun Bürgdorff,
1169 4123 2561 4302 Arwangen und Arburg von ihnen
1169 4263 1940 4448 abgefertiget worden.
1105 4567 2589 4811 Ist er bekandtlich, daß er sich einem von Ir ge
1155 4686 2546 4880 sub dato 8 tag maii 1653 an die usschütz
1150 4790 2623 5024 Der einenthal und ärgerwischen und thanen
1185 4884 2598 5094 abgangnen gantz fründt und wol meinlichen
1178 4985 2640 5225 oberkeitlichen schryben ungehorsammlich widersetz
1192 5094 2590 5305 und darüber mit hilff Niclaus Lewen
1185 5196 2580 5433 bergers und weybel Rüegseggers uß
1181 5289 2613 5542 Goldtbach ein drutzige antwort, de dato
1223 5388 2579 5672 mari angeben, deß inhalts, daß
1168 5502 2666 5774 So es nochmahlen und gentzlich by den gesteren
1190 5631 2662 5869 tags von Langenthal us mähl übersendtem
1170 5731 2624 6014 schryben (darin die gentzliche abschlahung
1174 5818 2691 6134 der proviant ankundt wirt) verblyben laßendt.
2869 5706 3014 5910 17.
2753 1520 2922 1668 1.
2692 2427 2983 2630 4.
2701 2802 3135 2923 auch für einen
2712 2858 3188 3004 hauptman vor der
2732 2933 3089 3045 Statt Bern
2826 3545 2999 3673 15.
2848 4142 3032 4266 16.
2981 5309 3254 5478 habe er
4484 1414 4662 1564 57.
3119 1523 4601 1727 Sonst habe er by nachen zu allen den jennigen
3162 1641 4644 1821 schryben, so durch den Brenner zu Kattwyl
3182 1709 4638 1920 Langenthal und vor der statt alhier, so wol
3201 1826 4627 2018 an ingh alß an andere orth verfertiget
3223 1945 4706 2121 gmeinlich gerahlen und dieselbigen mehrenteils
3220 2032 4577 2243 angeben helffen, deren Inhalt albereit in
3194 2133 4636 2328 Lewenbergers sollis angehördt worden.
3187 2376 4625 2622 Item halt er verrechen, daß er sich in disem
3232 2498 4684 2729 leidigen wesen jederzyth für der fürnembsten
3230 2623 4709 2806 einen in ihrem angestelten kriegsraht wider
3243 2709 4703 2884 ein gnedige oberkeit habe gebruchen laßen,
3241 2815 4701 3020 und habe zun zyten auch die ersten rächt und
3234 2927 4722 3140 anschlegen geben und alles, was jederwylen
3223 3012 4706 3232 von ihnen abgerahten worden, bestättiget und
3222 3176 3854 3389 und gut geheißen.
3118 3455 4758 3706 Er habe auch den hingerichten Lienhardt Glantzman
3248 3574 4699 3794 mit syner compagnes nach der nüwen
3220 3687 4729 3879 Brugg, sich selbigen passes zu bemechtigen,
3266 3767 4768 3991 comandieren helffen und gerahten selbige gegen
3227 3962 3504 4088 nemmen.
3188 4070 4709 4297 Und wan gleichwol zum zyten ander Landtlich
3269 4225 4659 4403 nutzlich und beßere rahtschlegen dan er
3266 4312 4673 4512 und statthalter Berger (alß welche
3276 4420 4768 4640 gmeinlich am ersten angefragt worden)
3269 4536 4697 4758 von sich geben, sy doch denselbigen nit
3265 4644 4773 4862 volgen wollen, sonder by irer gegebnen
3296 4732 4695 4960 gmeinung jederzyt verbliben gestalten
3297 4878 4731 5084 die anderen hernach ihnen auch volgen
3971 4980 4280 5087 und als
3290 4993 4688 5220 müeßen, er uf ein zyt die
3280 5066 4782 5313 Oberleider zu thuen kommen sy abzumahnen,
3308 5191 4776 5434 geredt. Daß man nüt uf ihnen den ober
3278 5310 4772 5527 lenderen halten sölle, dan sy wysendt eine
3306 5423 4750 5679 die herreisen sy heigindes mehr also gmacht
3207 5716 4818 5969 Zum sibenzechenden seye er auch mit stung
3281 5798 4787 6052 und deß vorhabens gewesen, nach er oberung
