5472 7296
947 700 1175 839 108
1329 817 2886 1123 kleine, tieffe vnd schram wunden versetzen
1312 995 2730 1184 könne. So wol nach bewandtnuß deß
1330 1115 2775 1319 streichs stichs oder hiebs, welchen der
1321 1221 2800 1471 thäter führet. Als auch nach gelegen
1315 1335 2785 1540 heit der positur und gestalt deß leibs
1314 1476 2719 1669 des jenigen, der verwundet wirdt.
1303 1602 2807 1800 Als auch nach art natur vnd eigen¬
1308 1708 2758 1924 schafft deß glibs, welches hart oder
1311 1815 2704 2021 weich, hohen oder compact etc., wie
1333 1938 2687 2135 an der wederen wunden zebe¬
1316 2042 2736 2268 mercken, als die vff das huffen
1308 2167 2708 2365 bein, vnd nicht in die hohle deß
1302 2303 2596 2479 leibs gangen. Bern dem
1309 2406 2401 2588 25. novembris obris.
1432 2605 2801 2838 Underschriben h. Wilhelmi
2222 2579 2399 2608 25. novembris obris.
1085 2983 2777 3269 als nun dise hievor geschribene Information durch
1284 3204 2775 3372 wolermelt dehren Berner wursten berger
1273 3315 2726 3509 vor Rath getragen, vnd daselbsten abgelesen
1277 3417 2759 3612 worden, ward diß geschafft solcher wichtig
1265 3559 2711 3731 keit befunden, daß deßwegen die landttagen
1267 3687 2772 3839 gewohnter form nach angestelt werden soltend,
1281 3790 2644 3968 welches dan beschechen, vnd sind die zwen
1273 3880 2747 4069 ersten zugleich vff den 13. hornungs 1662
1258 3999 2755 4196 Nachdem bevorderst die sach vor Rath vnd
1594 4119 1861 4217 gebracht
1240 4116 2779 4316 Burger Tractirt, Wegste Schuldtheiß von
1276 4240 2779 4426 Graffenriedt vffgestanden die sach propo¬
1268 4357 2778 4531 nort, die kundtschafft durch den grichtschry
1661 4480 1702 4532 1
1720 4464 1825 4541 ard
1259 4473 2748 4642 ber verlesen, hochermelt Wegen Schuldtheist
1236 4592 2702 4756 vffgestanden, das praesidium dem Alten
1219 4712 2780 4890 Herren Schuldtheißen vberlaßen, sich darauff
1209 4815 2733 5002 hur thur reden gestelt, mit erinnerung
1229 4927 2773 5099 daß ihme Amptshalber die klag zu führen
1217 5056 2726 5236 Oblage, darauff du g hr. Scheidtleiben sach¬
1236 5171 2708 5340 selhoffer angefragt, wie er sich der
1191 5266 2669 5456 klag führung halb verhalten solle, die
1219 5380 2731 5568 völlige vmbfrag beschechen, Nach ergangenem
1214 5511 2684 5692 rathschlag auch du g herren räth und Burger
1192 5628 2700 5811 vff beschechenes gebott an offentlichen Ring
2138 5775 2448 5883 an die
1125 999 1194 1114 1
1133 1224 1219 1325 2.
1137 1516 1210 1672 3
3159 741 3350 863 103.
3534 913 4852 1137 an die Creutz gaßen gangen, zugleich von
3537 1050 4905 1217 einem tag, nachdem durch den Seckelm
3516 1165 4911 1341 weibel die haltung deß grichts, so jeman
3510 1290 4843 1486 deßen begehrte, peclamirt, dem Thäter,
3525 1425 4895 1602 fur gerafft, auch das Gricht zum An¬
3527 1531 4878 1716 mahl vffgerufft, Alles nach form ve
3517 1680 4908 1849 manir, wie es in verfahrung der Lan
3506 1785 4842 1985 tagen gebreuchlich verführt und gehann
3493 1883 3812 2035 worden.
