5472 7296
1312 559 2834 951 Ein Erbholtz habe er ihmme vor 2 jahren von jennigen
1322 743 2849 1072 kelträmlen und schönem bauwholtz, das klaffter usgemachen
1321 820 2811 1147 fürgeben es seye fur den Bauwherren von Burgeren
1344 931 2466 1134 soliches der Burgerschafft uszetheilen.
2542 1100 2582 1232 d
1335 1042 2814 1332 Wyters habe er im Gummi holtz lenge zuhn latten
1273 1132 2776 1394 zum ynschlag deß jungen saamens gemacht, darvon
1341 1266 2830 1516 eyen 2 fuder sampt der zuhin fürgsein, die er dietrich
1342 1338 1889 1527 für ihne behalten.
1279 1478 2792 1794 vor 2 jahren habe er ein große lich im Bunnhalten
1331 1616 2794 1844 pffholtzen laßen, er seye auch dürfftig alle wochen
1291 1737 2625 1923 zweymahl, ja auch zmahl zuarit gfahren.
1285 1852 2856 2109 kurtzlich habe er vill bygen im Gumhalsgeraht
1293 1987 2292 2173 die noch verhanden syn möchten,
1309 2075 2847 2292 ohne die klaffter, so er uffmachen laßen habe er gwonlih
1329 2195 2784 2390 und fast derlich uff zenders zu lieben wyl breit feld
1336 2297 2799 2499 vndern im boden Jannige stuckh führen laßen, da
1267 2399 2731 2578 Daß man schier ein ziligs haus bauwen können.
1197 2682 2777 2857 Hans Herrnnias von Oberwangen zuget, es habe
1323 2775 2844 2935 Ludwig dietrich vor 4 oder 5 jahren zu ihr ihnen
1305 2872 2471 3052 Bummi holtz 6 klaffter uffgemacht,
1332 3017 2808 3227 Christen Dietrich der Junger zuget es habe Ludwig
2717 3176 2760 3236 1
1324 3160 2814 3316 Dietrich ao 1661 vor der erndt us ihr geli Bum
1328 3246 2681 3409 holtz 6 kasster und 5 sagbäüm verkaufft
1315 3462 2863 3649 43. Indicht Steller in der Riederen, so vor 1 jahren
1342 3562 2825 3748 by Ludwig dietrich ein jahr lang gedienet, zugeten
1340 3674 2813 3830 er habe durch den gantzen somer und winter alle
1337 3771 2828 3943 wochen 2. jan 3 fuder holtz. Inn die statt zuarit
1329 3861 2828 4083 gführt, so uß ihr geli Welden dem Forst insul
1328 3960 2804 4165 Wald Bummi und Eichholtz und wenig us ynen
1318 4077 2842 4290 holtzeren genommen worden, gantze bygen gemacht auch
1345 4195 2829 4406 Sagbäüm uß dem Thummholtz verkaufft und laden
1324 4294 2739 4496 hin und wider in der stattkeüfflich hingeben.
1701 4433 1825 4572 d
1255 4417 2867 4655 Defendricht schwytzer sohn geweser huß nacht ziehe
1326 4561 2822 4815 Daß by 4 jahren, so er ihmme gedienet von ao 1687.
1324 4648 2860 4909 er durch das gantze jahr ußert der zyt der ynsten
1329 4734 2868 5018 seinerung ihmme wuchendtlich 12 jan fader holtz in die
1332 4842 2851 5118 statt geführt ze verkauffen, soliches holtz welches sy
1342 4936 2860 5225 meister abholtz genambset zu synem haußführen laßen,
1336 5057 2855 5306 bygen darus gemacht, seye uffgemacht worden, thuts
1308 5116 2845 5380 Uß dem holtz so er gehüetet gunnholtz forst thalt
1330 5314 1943 5512 uß synen holzeren
1300 5366 2879 5659 Jacob Baltiger zuget auf Ludi Dietrich seye wahren,
1275 5463 2848 5732 slich daß gantze jahr uf ußgenommen, wan die werden
1309 5577 2699 5867 angangen mit ihnem zug gmarit gfahren.
1243 5667 2826 5994 Verners wirt bezüget, er habe große geschey ebe
1326 5778 2832 6078 synen güteren gemacht und mit spalten hatten und
1347 5831 2865 6148 stecklen yngezähnet und solche zuher meistertheils
1332 6048 2264 6291 uß ihr gnen Welden genommen.
919 479 1092 614 72
3150 710 3329 849 73.
3423 770 4921 991 Item als man ihmme verwißen, daß er gar zu vill holtz
3415 914 4874 1060 genommen, er solte ein eignen platz verzeigen laßen,
3414 989 4980 1149 darin nach synem belieben ze hauwen, habe er geantwortet
3431 1087 4926 1222 es seye weger also, er möge holtzen, wo er wölle und
3420 1171 4969 1325 mit greüwlichen schwüren gezüget, daß die Bannwarten
3455 1261 4265 1440 ihne nit angeben dorffind.
3479 1386 4956 1559 der kilchmeyer zuget, es seye nit zu nambsen, was
3383 1458 3458 1624 .
3408 1524 4952 1670 für bygen uffgemacht worden, uß dem gunn holtz die
3436 1604 4992 1781 von Niderwangen und andere habind ihm vill Buchigs
3430 1700 4896 1853 gführt, auch darzu geschworen der Tonner soll die alt
3417 1798 4892 1963 Bannwarten schießen, sy dörffind ihne nit angeben.
3410 1848 5035 2043 Es seye vil holtz und beim mehren zu gherren Gatthal
3406 1970 4913 2153 Dem schop, wie auch Hans Müller 5 sagbaum
3399 2085 3953 2234 verkaufft worden.
3951 2185 4040 2326 e
3350 2190 5008 2443 r habe manches jahr 2 führung gemacht zu synem
4864 2341 4970 2485 e
3431 2340 4816 2553 haußbrauch, so vill er fahren können bekommen.
3442 2451 4961 2635 er habe seith 15 jahren, so vill gführt, daß er es
3457 2584 3984 2729 alber nit wüße.
3396 2753 4995 2968 Peter Bauerman der dißmalige knecht zuget
3458 2888 5014 3092 er habe ußert der sommer und erndzyt byzechen
4505 2994 4599 3065 2
4674 2976 4723 3064 2
3423 2969 4959 3191 klaffteren uß dem Fesal und geer zum hauß
3441 3099 4968 3253 und hernach in dstatt gführt der mr habe ihme
3435 3180 4664 3386 gesagt, es seye ihmme solches verwilliget,
3452 3310 5041 3542 Der sager zu Oberwangen deß Ludwig dietricht
3478 3447 5009 3590 nechster verwanter zuget, daß in disen 3 jahren
3474 3546 4985 3709 oer uff der sage, seye, habe er ihmme 20 starkh
3463 3622 4910 3813 gesagt, auch ein thalen die 6 kleine laden geben.
3496 3755 4944 3967 Hans Tröler zuget, sich 18 Jahren daher habe
3449 3815 3503 3950 h
3483 3881 5016 4063 hein landtman mehr uß angedüten holtzeren geführt
3475 3974 4987 4153 als diser dietrich, sonderlich aber zur zyt der alten
3451 4069 5023 4260 forschüteren, habe vil bygen gemacht, führungen angstelt
3419 4185 5018 4315 den wihrten, under anderen auch dem Schmiden wihrt
3427 4267 5012 4444 verkaufft, vil sagbern verkaufft uff ein mahl zu sehr
3443 4357 5026 4537 Melcher umb 30 f. Item dunckel uß dem gemein
3455 4461 5026 4640 Holtz für 27 fl synes bedunckens dem herren Thorman
3455 4567 4976 4739 zu holligen wüße zwar nit ob es ihme erlaubt gsin.
3476 4654 4988 4829 habe manches mahl gsagt, die förster dörffind ihne
3981 4772 4034 4821 .
3472 4771 4956 4932 nit verklagen der konner schieße sy und solte sy der
3462 4849 4936 5006 teüfel nemmen. Seith 3 jahren, dahar habe er
3477 4942 4606 5104 vill uß dem Gammin holtz führen laßen.
3979 5171 4200 5383 a
4177 5101 4233 5117 vill uß dem Gammin holtz führen laßen.
3317 5354 5031 5529 Er habe den saamen und uffwachs in den ynschlagen
3476 5477 3917 5599 abetzen laßen.
3440 5537 5021 5730 Ballmer den forster zuget solches zwar für und ver
3952 5666 4121 5734 300
3465 5665 5019 5804 nit aber die jahr geuor, seye er stats mit synen roßen
3484 5748 4740 5895 er den holtz und in der sonnhalden gsein
