5472 7296
927 492 1113 662 64.
1311 657 2785 954 einem Kammerli geben, habe er sich der ver
1288 766 2850 1114 keischen that habter angeredt, darauff sich si
1287 888 2800 1204 alsbald willig erklärt, ihme aber wegen
1293 1031 2784 1273 weisung geben, daß sy ihme ußerhalb
1311 1129 2707 1388 dem dorff wolle gewillen werden
1291 1267 2812 1535 darauff er hinaus gangen vnd mit ihre
1315 1343 2783 1642 die that an einem Tschämel biren samen
1295 1453 2788 1735 verbracht, Es seyind zwar zwo personen.
1320 1585 2843 1875 kommen, doch aber habe er dise unkeüffe
1285 1715 2818 1985 that gerichtet, die ihme hertzlich leid seye.
1313 1847 2806 2067 die er auch in disen 26 jahren stats
1331 1942 2796 2181 bereuwet, bette Gott den herren, den
1331 2058 2807 2318 er hierdurch höchlich erzürnet und seine
1317 2175 2796 2403 oberkeit umb verzeichung, hatt auch uff
1310 2320 2812 2529 gebogenen Kreuwen, vnd vielfaltigen
1314 2422 2848 2646 herdkußen trungelichst angehalten, man wolle
1315 2536 2861 2743 seinem alten leib und 62 jährigem alter
1302 2663 2860 2854 verschonen und ihre nicht an die Marterschlagen
1335 2769 2841 2972 Dieweilen aber ihr gnaden befelch vermögen.
1330 2873 2860 3065 by würcklicher anwendung zimmlicher marter
1339 2996 2788 3168 Ihne zu examiniren. Ist solchem deßwegen
1340 3118 2846 3305 statt beschechen, er darauff in streiben thuren
1331 3218 2857 3417 geführt, nochmahlen ernstwortig examinirt
1337 3362 2840 3511 und darauff erstlich lahr uffgezogen worden.
1340 3454 2846 3609 Er aber ist by seiner vorigen bekantnus
1352 3566 2860 3727 verbliben, und hatt erners nichts bekennen
1367 3653 2824 3820 wöllen, auch erhalten, das wan er etwas
1371 3774 2797 3943 weiters begangen, hette man ihme nicht
1330 3880 2802 4063 verschonet, man möge ihme den leib wol
1342 3996 2825 4137 nemmen, er habe aber nichts weiters ge
1329 4095 2806 4271 than, wan er aber by dem leben bleiben
1335 4183 2838 4376 könte, wolte er sich fromm und gottsförchtig
1332 4299 2841 4444 verhalten, wan er auch etwas weiters bei
1340 4430 2642 4587 keine, rede er wider ihne selber
1278 4530 2888 4751 hierüber ist er noch verners mit anhenckung
1358 4676 2842 4881 deß 50 pfundigen steins vffzogen, ihme ernstlich
1329 4798 2858 4976 hangend an der klarter zugesprochen worden,
1348 4892 2862 5085 seine weiters begangene vnkeüsche thaten, vndt
1361 5002 2838 5207 wormit er sich mit anderen verbrachen vergeßen,
1335 5105 2830 5321 haben möchte (sitzenmahl er hievor in verdacht
1347 5239 2798 5424 kommen, er habe seinen vatter geschlagen, einen
1319 5316 2864 5512 Burgender ermordet destialitet und villerley
1349 5409 2828 5653 extorsiones verubt) in tag ze geben, hat aber
1335 5535 2848 5770 anders vnd Heers mit bekennen wollen, weder
1339 5647 2864 5893 daß er seinem vatter zwey mas kernen her
1344 5745 2848 5995 tre�wet, item als er uff ein zeit nit zweyen
2391 5851 2875 6021 metzger erachten
3065 697 3239 831 65.
3403 758 5042 956 metzgerknechten vom remonder acarit kommen,
3413 887 5003 1066 habind sy underwegs ein färlin angetroffen,
3429 992 5012 1189 daßelbig umb 1 guldin verkauff vnd zur
3449 1105 5043 1292 landeren vertruncken, weiters habe er nichts
3462 1220 4962 1379 eetwerdt nach in verrüschheit sich vertrabt.
3437 1333 5009 1506 die übrigen vorgehaltene sachen dan daß er
3454 1450 4997 1631 einen Burgunder ermordet etc., hatt er fur
3442 1549 4977 1741 die vnbillichste vnd grausamste Zulag ge¬
3420 1690 3678 1833 hhalten.
3227 2122 4981 2337 ist also vor rath und Burgern abgelesen,
3463 2280 4918 2455 und ermelter Thüren, da der richt
3454 2380 4737 2576 stuhl offen gewesen, vnd er im
3444 2513 4976 2644 St. Johanser Hans Pein, neben vffer¬
3473 2611 5037 2786 legten Doct. B. vnd erkenter Landts¬
3468 2756 4905 2938 verwysung (maßen er auch aus¬
3451 2852 4717 3050 geschworen liberirt worden.
3457 2988 4486 3170 Actum 10. junii 1667.
