<?xml version="1.0" encoding="UTF-8" standalone="yes"?>
<PcGts xmlns="http://schema.primaresearch.org/PAGE/gts/pagecontent/2013-07-15" xmlns:xsi="http://www.w3.org/2001/XMLSchema-instance" xsi:schemaLocation="http://schema.primaresearch.org/PAGE/gts/pagecontent/2013-07-15 http://schema.primaresearch.org/PAGE/gts/pagecontent/2013-07-15/pagecontent.xsd">
    <Metadata>
        <Creator>prov=University of Rostock/Institute of Mathematics/CITlab|PLANET AI GmbH/Gundram Leifert/gundram.leifert@planet-ai.de:name=German_Kurrent_XVI-XVIII_M1(htr_id=19584)::::v=2.6.6
prov=University of Rostock/Institute of Mathematics/CITlab|PLANET AI GmbH/Tobias Gruening/tobias.gruening@planet-ai.de:name=de.uros.citlab.module.baseline2polygon.B2PSeamMultiOriented:v=2.6.6
prov=University of Rostock/Institute of Mathematics/CITlab|PLANET AI GmbH/Tobias Gruening/tobias.gruening@planet-ai.de:name=/net_tf/LA73_249_0mod360.pb:de.uros.citlab.segmentation.CITlab_LA_ML:v=2.6.6
Transkribus</Creator>
        <Created>2020-10-05T12:36:26.031+02:00</Created>
        <LastChange>2023-06-15T14:53:40.698+02:00</LastChange>
        <TranskribusMetadata docId="1334833" pageId="52361426" pageNr="65" tsid="127037801" status="IN_PROGRESS" userId="42748" imgUrl="https://files.transkribus.eu/Get?id=ZRKNGJOZNGVUHFRRUJHAFBAJ&amp;fileType=view" xmlUrl="https://files.transkribus.eu/Get?id=GNYHITJBAJFNZWULBGQSKWQZ" imageId="16049077"/>
    </Metadata>
    <Page imageFilename="Turmbuch_StAB B IX 478_00065-20200925_092522.jpg" imageWidth="5472" imageHeight="7296">
        <ReadingOrder>
            <OrderedGroup id="ro_1687513714367" caption="Regions reading order">
                <RegionRefIndexed index="0" regionRef="TextRegion_1686833529178_2369"/>
                <RegionRefIndexed index="1" regionRef="TextRegion_1686833544298_2375"/>
                <RegionRefIndexed index="2" regionRef="TextRegion_1686833583504_2394"/>
                <RegionRefIndexed index="3" regionRef="TextRegion_1686833575944_2382"/>
            </OrderedGroup>
        </ReadingOrder>
        <TextRegion orientation="0.0" type="marginalia" id="TextRegion_1686833529178_2369" custom="readingOrder {index:0;} structure {type:marginalia;}">
            <Coords points="862,972 1340,1010 1343,1162 862,1130"/>
            <TextLine id="r2l2" custom="readingOrder {index:0;}">
                <Coords points="1055,1125 1073,1126 1106,1154 1157,1124 1175,1135 1193,1129 1228,1159 1269,1149 1298,1156 1304,1038 1273,1041 1262,1032 1239,1039 1178,1023 1145,1049 1110,1029 1059,1033"/>
                <Baseline points="1066,1088 1094,1086 1122,1086 1150,1086 1178,1088 1206,1089 1234,1092 1262,1094 1290,1096"/>
                <TextEquiv>
                    <Unicode>31. p. 29.</Unicode>
                </TextEquiv>
            </TextLine>
            <TextLine id="r1l1" custom="readingOrder {index:1;}">
                <Coords points="851,1081 863,1081 879,1097 889,1089 905,1099 917,1091 951,1095 999,1077 1011,1082 1042,1068 1042,1012 1024,1010 976,1023 938,993 918,987 890,993 866,979 852,981"/>
                <Baseline points="862,1074 890,1076 918,1074 947,1074 975,1072 1003,1074 1032,1080"/>
                <TextEquiv>
                    <Unicode>Sr.</Unicode>
                </TextEquiv>
            </TextLine>
            <TextEquiv>
                <Unicode>31. p. 29.
Sr.</Unicode>
            </TextEquiv>
        </TextRegion>
        <TextRegion orientation="0.0" type="paragraph" id="TextRegion_1686833544298_2375" custom="readingOrder {index:1;} structure {type:paragraph;}">
            <Coords points="996,569 3000,838 2714,6003 1146,5936 1375,917 996,824"/>
            <TextLine id="r2l1" custom="readingOrder {index:0;}">
                <Coords points="1007,734 1052,708 1106,706 1187,774 1223,776 1229,644 1179,650 1137,638 1113,614 1094,624 1070,622 1039,647 1011,648"/>
                <Baseline points="1018,704 1046,702 1074,703 1102,705 1131,706 1159,709 1187,710 1216,710"/>
                <TextEquiv>
                    <Unicode>124.</Unicode>
                </TextEquiv>
            </TextLine>
            <TextLine id="r3l1" custom="readingOrder {index:1;}">
                <Coords points="1381,1015 1942,1038 2193,1129 2310,1083 2390,1130 2493,1081 2568,1138 2644,1098 2903,1193 2914,1041 2624,1048 2291,902 2204,957 1948,898 1738,952 1546,883 1389,930"/>
                <Baseline points="1392,1000 1467,1007 1542,1012 1617,1017 1692,1022 1768,1028 1843,1032 1918,1036 1993,1042 2068,1045 2144,1052 2219,1057 2294,1063 2369,1070 2444,1078 2520,1086 2595,1096 2670,1107 2745,1119 2820,1132 2896,1148"/>
                <TextEquiv>
                    <Unicode>Auch die red deß Weisen Sprachs lautet,</Unicode>
                </TextEquiv>
            </TextLine>
            <TextLine id="r3l2" custom="readingOrder {index:2;}">
                <Coords points="1387,1146 1860,1139 2187,1230 2336,1187 2867,1326 2944,1320 2956,1210 2436,1101 1988,1131 1851,1054 1508,1064 1401,1007"/>
                <Baseline points="1400,1118 1476,1125 1553,1130 1630,1135 1707,1140 1784,1144 1860,1148 1937,1153 2014,1158 2091,1163 2168,1169 2244,1177 2321,1184 2398,1194 2475,1204 2552,1216 2628,1228 2705,1244 2782,1260 2859,1280 2936,1300"/>
                <TextEquiv>
                    <Unicode>Seye nicht ein weinsauffer, dan der Wein</Unicode>
                </TextEquiv>
            </TextLine>
            <TextLine id="r3l3" custom="readingOrder {index:3;}">
                <Coords points="1379,1267 1531,1295 1626,1242 1762,1245 1827,1312 1928,1330 1980,1286 2100,1312 2218,1291 2223,1233 1899,1165 1824,1198 1681,1154 1519,1188 1475,1140 1388,1152"/>
                <Baseline points="1392,1226 1432,1226 1473,1228 1514,1230 1555,1232 1596,1236 1636,1237 1677,1240 1718,1243 1759,1246 1800,1250 1840,1253 1881,1256 1922,1260 1963,1263 2004,1268 2044,1271 2085,1276 2126,1279 2167,1282 2208,1286"/>
                <TextEquiv>
                    <Unicode>bringt viel leüth umb</Unicode>
                </TextEquiv>
            </TextLine>
            <TextLine id="r3l4" custom="readingOrder {index:4;}">
                <Coords points="1413,1350 1432,1354 1457,1348 1482,1366 1498,1361 1516,1363 1522,1289 1500,1289 1487,1284 1437,1320 1432,1315 1416,1314"/>
                <Baseline points="1424,1334 1452,1335 1480,1336 1508,1342"/>
                <TextEquiv>
                    <Unicode>e</Unicode>
                </TextEquiv>
            </TextLine>
            <TextLine id="r3l5" custom="readingOrder {index:5;}">
                <Coords points="1497,1501 1741,1476 1841,1540 2077,1492 2788,1606 2799,1490 2667,1524 2542,1449 2371,1449 2275,1381 2096,1422 1956,1346 1868,1392 1508,1383"/>
                <Baseline points="1512,1450 1575,1454 1638,1459 1702,1464 1765,1468 1829,1472 1892,1477 1955,1482 2019,1486 2082,1491 2146,1497 2209,1502 2272,1510 2336,1516 2399,1523 2463,1531 2526,1539 2589,1548 2653,1558 2716,1568 2780,1580"/>
                <TextEquiv>
                    <Unicode>Solches ist klar vnd offenbar mit</Unicode>
                </TextEquiv>
            </TextLine>
            <TextLine id="r3l6" custom="readingOrder {index:6;}">
                <Coords points="1365,1569 1850,1584 1940,1649 2321,1622 2839,1727 2891,1623 2350,1546 2127,1568 1933,1493 1816,1543 1371,1499"/>
                <Baseline points="1376,1556 1450,1561 1525,1568 1600,1573 1675,1577 1750,1583 1825,1587 1900,1593 1975,1597 2050,1602 2125,1608 2199,1613 2274,1620 2349,1627 2424,1636 2499,1646 2574,1655 2649,1668 2724,1681 2799,1695 2874,1712"/>
                <TextEquiv>
                    <Unicode>vielen exemplen so wol inn- als ußert</Unicode>
                </TextEquiv>
            </TextLine>
            <TextLine id="r3l7" custom="readingOrder {index:7;}">
                <Coords points="1355,1687 1547,1678 1879,1779 2073,1728 2789,1812 2795,1737 2661,1729 2538,1653 2450,1689 2319,1621 1928,1657 1849,1585 1634,1582 1506,1639 1365,1572"/>
                <Baseline points="1368,1666 1438,1672 1509,1679 1579,1684 1650,1690 1721,1694 1791,1699 1862,1705 1932,1709 2003,1716 2074,1720 2144,1727 2215,1733 2285,1739 2356,1745 2427,1753 2497,1762 2568,1770 2638,1781 2709,1792 2780,1804"/>
                <TextEquiv>
                    <Unicode>der 6. Schrifft, vnd bezeuget es die</Unicode>
                </TextEquiv>
            </TextLine>
            <TextLine id="r3l8" custom="readingOrder {index:8;}">
                <Coords points="1342,1773 1515,1873 1694,1795 1821,1888 2081,1900 2236,1842 2583,1956 2747,1939 2753,1859 2610,1788 2561,1818 2332,1754 2065,1805 1349,1687"/>
                <Baseline points="1352,1782 1421,1789 1490,1794 1560,1799 1629,1804 1699,1808 1768,1813 1837,1818 1907,1822 1976,1825 2046,1831 2115,1836 2184,1840 2254,1846 2323,1852 2393,1859 2462,1867 2531,1874 2601,1883 2670,1893 2740,1904"/>
                <TextEquiv>
                    <Unicode>tägliche erfahrung und dißmahlige</Unicode>
                </TextEquiv>
            </TextLine>
            <TextLine id="r3l9" custom="readingOrder {index:9;}">
                <Coords points="1356,1930 1616,1913 1690,1972 1828,1932 1947,2022 2039,1953 2345,1962 2559,2050 2725,2035 2730,1971 2412,1901 2327,1935 2237,1865 1800,1898 1509,1873 1366,1803"/>
                <Baseline points="1368,1900 1435,1904 1502,1908 1570,1912 1637,1916 1705,1920 1772,1924 1839,1929 1907,1932 1974,1938 2042,1942 2109,1948 2176,1954 2244,1959 2311,1966 2379,1972 2446,1980 2513,1988 2581,1995 2648,2004 2716,2012"/>
                <TextEquiv>
                    <Unicode>frauwrige Exempel der vorangen</Unicode>
                </TextEquiv>
            </TextLine>
            <TextLine id="r3l10" custom="readingOrder {index:10;} person {offset:20; length:10;}">
                <Coords points="1346,2062 1422,2014 1603,2031 1651,2085 1758,2027 1927,2102 2440,2079 2831,2170 2839,2062 2730,2018 2565,2052 2018,1976 1947,2021 1817,1937 1606,1990 1356,1931"/>
                <Baseline points="1360,2008 1433,2016 1506,2022 1579,2029 1652,2033 1726,2039 1799,2042 1872,2046 1945,2050 2018,2054 2092,2058 2165,2061 2238,2066 2311,2072 2384,2077 2458,2084 2531,2092 2604,2102 2677,2112 2750,2125 2824,2138"/>
                <TextEquiv>
                    <Unicode>stehenden Weibsperson Anna subel</Unicode>
                </TextEquiv>
            </TextLine>
            <TextLine id="r3l11" custom="readingOrder {index:11;} place {offset:2; length:4;} place {offset:10; length:11;}">
                <Coords points="1365,2125 1709,2145 1790,2208 1875,2156 1962,2223 2392,2184 2514,2266 2574,2228 2644,2278 2843,2279 2851,2170 2678,2118 2611,2161 2373,2090 2159,2134 2111,2082 1921,2104 1817,2045 1645,2088 1372,2037"/>
                <Baseline points="1376,2120 1449,2127 1522,2132 1595,2137 1668,2141 1741,2147 1814,2150 1887,2155 1960,2159 2033,2163 2106,2168 2179,2173 2252,2178 2325,2184 2398,2190 2471,2196 2544,2205 2617,2214 2690,2223 2763,2234 2836,2246"/>
                <TextEquiv>
                    <Unicode>von Ries by söchsteilen von 40 Jahren</Unicode>
                </TextEquiv>
            </TextLine>
            <TextLine id="r3l12" custom="readingOrder {index:12;}">
                <Coords points="1339,2243 1759,2322 2019,2301 2272,2385 2392,2310 2884,2428 2894,2310 2763,2320 2583,2229 2507,2271 1896,2183 1651,2233 1467,2152 1342,2211"/>
                <Baseline points="1350,2240 1426,2245 1502,2252 1579,2257 1655,2262 1732,2266 1808,2271 1884,2274 1961,2279 2037,2284 2114,2289 2190,2294 2266,2298 2343,2306 2419,2312 2496,2320 2572,2329 2648,2338 2725,2351 2801,2362 2878,2376"/>
                <TextEquiv>
                    <Unicode>alters ein funff jährige Brittib, welche</Unicode>
                </TextEquiv>
            </TextLine>
            <TextLine id="r3l13" custom="readingOrder {index:13;}">
                <Coords points="1340,2444 1542,2377 1702,2468 1782,2418 2089,2466 2205,2423 2327,2486 2511,2436 2594,2509 2688,2482 2782,2542 2755,2403 2270,2384 2180,2338 2068,2376 1977,2317 1649,2348 1507,2284 1353,2287"/>
                <Baseline points="1358,2356 1429,2362 1500,2368 1571,2373 1642,2377 1713,2383 1784,2386 1855,2392 1926,2396 1997,2400 2068,2404 2139,2409 2210,2415 2281,2421 2352,2426 2423,2433 2494,2439 2565,2448 2636,2456 2707,2466 2778,2476"/>
                <TextEquiv>
                    <Unicode>nachdem sy wegen ihres schwangeren</Unicode>
                </TextEquiv>
            </TextLine>
            <TextLine id="r3l14" custom="readingOrder {index:14;} organization {offset:8; length:10;}">
                <Coords points="1320,2486 1654,2505 1757,2577 1882,2515 1980,2567 2163,2541 2208,2587 2420,2531 2616,2601 2792,2583 2688,2484 2609,2524 2507,2437 2329,2487 2210,2438 2043,2479 1800,2423 1706,2469 1637,2426 1323,2438"/>
                <Baseline points="1330,2474 1402,2481 1475,2486 1547,2489 1620,2494 1693,2497 1765,2500 1838,2504 1910,2506 1983,2510 2056,2514 2128,2519 2201,2523 2273,2528 2346,2535 2419,2541 2491,2549 2564,2558 2636,2568 2709,2579 2782,2592"/>
                <TextEquiv>
                    <Unicode>leibs vor chorgricht beschickt, darüber</Unicode>
                </TextEquiv>
            </TextLine>
            <TextLine id="r3l15" custom="readingOrder {index:15;} place {offset:31; length:8; continued:true;}">
                <Coords points="1327,2635 1547,2592 1679,2680 1802,2614 1879,2658 2054,2626 2652,2688 2813,2762 2821,2652 2659,2590 2513,2608 2428,2532 2199,2594 2085,2560 1834,2599 1336,2509"/>
                <Baseline points="1340,2586 1413,2593 1486,2598 1560,2604 1633,2608 1707,2612 1780,2617 1853,2621 1927,2626 2000,2630 2074,2635 2147,2639 2220,2643 2294,2648 2367,2654 2441,2660 2514,2666 2587,2673 2661,2682 2734,2690 2808,2700"/>
                <TextEquiv>
                    <Unicode>zu ablegung ihrer leibs wurde in oberen</Unicode>
                </TextEquiv>
            </TextLine>
            <TextLine id="r3l16" custom="readingOrder {index:16;} place {offset:0; length:4; continued:true;}">
                <Coords points="1324,2714 1506,2701 1615,2770 1699,2720 1765,2776 2102,2751 2222,2811 2440,2763 2804,2892 2813,2778 2651,2687 2393,2732 2291,2666 2170,2725 1803,2616 1678,2683 1546,2592 1330,2634"/>
                <Baseline points="1336,2692 1409,2697 1482,2704 1555,2709 1628,2714 1702,2719 1775,2723 1848,2728 1921,2733 1994,2738 2068,2742 2141,2747 2214,2752 2287,2758 2360,2764 2434,2771 2507,2778 2580,2787 2653,2795 2726,2803 2800,2814"/>
                <TextEquiv>
                    <Unicode>spital gelegt, allwo syn eines todtern</Unicode>
                </TextEquiv>
            </TextLine>
            <TextLine id="r3l17" custom="readingOrder {index:17;}">
                <Coords points="1320,2816 1890,2852 2046,2913 2132,2865 2369,2934 2793,2933 2679,2826 2603,2868 2198,2839 1928,2747 1754,2812 1500,2707 1328,2726"/>
                <Baseline points="1332,2796 1404,2805 1477,2813 1549,2821 1622,2826 1695,2833 1767,2837 1840,2843 1912,2848 1985,2852 2058,2857 2130,2862 2203,2867 2275,2871 2348,2877 2421,2884 2493,2889 2566,2897 2638,2905 2711,2915 2784,2924"/>
                <TextEquiv>
                    <Unicode>vndts niderkommen, der nach in dem</Unicode>
                </TextEquiv>
            </TextLine>
            <TextLine id="r3l18" custom="readingOrder {index:18;}">
                <Coords points="1299,2921 1972,2967 2020,3011 2204,2972 2279,3046 2397,2997 2597,3056 2796,3051 2805,2933 2518,2902 2422,2953 2130,2865 2062,2914 1720,2890 1567,2818 1305,2839"/>
                <Baseline points="1310,2898 1383,2907 1457,2917 1531,2924 1605,2932 1679,2938 1753,2944 1827,2949 1901,2956 1975,2960 2049,2965 2122,2969 2196,2972 2270,2977 2344,2982 2418,2988 2492,2992 2566,2999 2640,3007 2714,3013 2788,3022"/>
                <TextEquiv>
                    <Unicode>Keffitheren durch die sach- und wol</Unicode>
                </TextEquiv>
            </TextLine>
            <TextLine id="r3l19" custom="readingOrder {index:19;}">
                <Coords points="1293,3085 1371,3041 1567,3098 1921,3063 2151,3133 2480,3109 2651,3186 2822,3142 2826,3092 2702,3035 2275,3049 1966,2966 1641,2975 1584,2924 1302,2966"/>
                <Baseline points="1308,3018 1383,3025 1458,3032 1533,3037 1608,3044 1684,3050 1759,3055 1834,3060 1909,3066 1984,3070 2060,3076 2135,3079 2210,3085 2285,3090 2360,3095 2436,3102 2511,3108 2586,3115 2661,3120 2736,3129 2812,3136"/>
                <TextEquiv>
                    <Unicode>geachten, Eil, Ehrenvest- furnem Fur¬</Unicode>
                </TextEquiv>
            </TextLine>
            <TextLine id="r3l20" custom="readingOrder {index:20;} person {offset:31; length:1; continued:true;}">
                <Coords points="1288,3207 1493,3205 1569,3147 1777,3210 2160,3187 2310,3251 2422,3202 2466,3252 2683,3276 2743,3168 2637,3185 2531,3128 2429,3179 2350,3107 2264,3156 1915,3062 1762,3102 1715,3061 1296,3083"/>
                <Baseline points="1304,3132 1375,3138 1446,3143 1517,3148 1588,3152 1660,3157 1731,3162 1802,3165 1873,3170 1944,3174 2016,3178 2087,3182 2158,3188 2229,3192 2300,3197 2372,3202 2443,3208 2514,3214 2585,3220 2656,3225 2728,3232"/>
                <TextEquiv>
                    <Unicode>sichtig sach und wol wyse herren</Unicode>
                </TextEquiv>
            </TextLine>
            <TextLine id="r3l21" custom="readingOrder {index:21;} person {offset:0; length:13; continued:true;}">
                <Coords points="1305,3277 1916,3287 2036,3366 2344,3306 2458,3383 2585,3329 2767,3367 2820,3276 2486,3264 2403,3209 2308,3254 2103,3205 1886,3254 1660,3157 1309,3197"/>
                <Baseline points="1316,3260 1390,3260 1465,3262 1539,3264 1614,3267 1689,3270 1763,3274 1838,3278 1912,3282 1987,3288 2062,3292 2136,3297 2211,3302 2285,3306 2360,3311 2435,3315 2509,3319 2584,3322 2658,3324 2733,3328 2808,3330"/>
                <TextEquiv>
                    <Unicode>Her Niclaus Combach, deß täglichen raths</Unicode>
                </TextEquiv>
            </TextLine>
            <TextLine id="r3l22" custom="readingOrder {index:22;} person {offset:30; length:5; continued:true;}">
                <Coords points="1293,3394 1379,3357 1499,3432 1615,3375 2019,3427 2133,3393 2736,3502 2767,3340 2582,3329 2456,3384 2358,3310 2022,3361 1854,3297 1657,3345 1460,3278 1298,3299"/>
                <Baseline points="1304,3360 1376,3362 1448,3366 1521,3370 1593,3372 1666,3375 1738,3378 1810,3382 1883,3385 1955,3389 2028,3394 2100,3397 2172,3401 2245,3406 2317,3411 2390,3416 2462,3421 2534,3428 2607,3432 2679,3440 2752,3446"/>
                <TextEquiv>
                    <Unicode>sern daniel im Hoff Großweibel herr</Unicode>
                </TextEquiv>
            </TextLine>
            <TextLine id="r3l23" custom="readingOrder {index:23;}">
                <Coords points="1294,3485 1605,3528 1947,3493 2192,3555 2263,3506 2398,3568 2472,3529 2624,3619 2821,3556 2824,3510 2508,3437 2319,3466 2067,3407 1798,3466 1625,3384 1485,3440 1390,3355 1298,3393"/>
                <Baseline points="1304,3474 1379,3476 1454,3478 1530,3482 1605,3486 1681,3490 1756,3493 1831,3498 1907,3502 1982,3505 2058,3510 2133,3513 2208,3516 2284,3520 2359,3524 2435,3527 2510,3530 2585,3532 2661,3534 2736,3536 2812,3536"/>
                <TextEquiv>
                    <Unicode>Daniel jenner Amman hry dcarquari</Unicode>
                </TextEquiv>
            </TextLine>
            <TextLine id="r3l24" custom="readingOrder {index:24;} person {offset:0; length:2; continued:true;} person {offset:25; length:10; continued:true;}">
                <Coords points="1267,3640 1376,3655 1482,3581 2644,3677 2785,3656 2789,3582 2625,3618 2452,3537 2263,3590 2125,3516 2004,3559 1274,3494"/>
                <Baseline points="1280,3574 1354,3576 1429,3579 1504,3583 1579,3586 1654,3589 1728,3594 1803,3598 1878,3602 1953,3607 2028,3611 2102,3616 2177,3620 2252,3624 2327,3627 2402,3631 2476,3634 2551,3636 2626,3638 2701,3640 2776,3640"/>
                <TextEquiv>
                    <Unicode>zehender den Beibleren und sey Hans</Unicode>
                </TextEquiv>
            </TextLine>
            <TextLine id="r3l25" custom="readingOrder {index:25;} person {offset:0; length:8; continued:true;} organization {offset:18; length:12;}">
                <Coords points="1282,3723 1561,3679 1960,3748 2102,3723 2241,3781 2533,3749 2742,3794 2803,3763 2807,3675 2068,3668 1972,3610 1753,3675 1628,3601 1286,3633"/>
                <Baseline points="1294,3678 1369,3681 1444,3684 1519,3687 1594,3692 1669,3696 1744,3701 1819,3704 1894,3710 1969,3714 2044,3718 2119,3722 2194,3724 2269,3727 2344,3730 2419,3732 2494,3734 2569,3734 2644,3734 2719,3732 2794,3730"/>
                <TextEquiv>
                    <Unicode>Jacob Reinhard, all deß großen raths</Unicode>
                </TextEquiv>
            </TextLine>
            <TextLine id="r3l26" custom="readingOrder {index:26;} place {offset:4; length:4;}">
                <Coords points="1278,3828 2655,3864 2759,3845 2763,3727 2468,3809 2320,3747 2170,3797 1804,3696 1669,3745 1554,3685 1281,3726"/>
                <Baseline points="1290,3794 1363,3798 1436,3801 1509,3804 1582,3808 1655,3812 1728,3816 1801,3819 1874,3823 1947,3825 2020,3828 2093,3830 2166,3832 2239,3834 2312,3834 2385,3836 2458,3836 2531,3834 2604,3834 2677,3831 2750,3828"/>
                <TextEquiv>
                    <Unicode>der statt Bern, so wol den 13. sept</Unicode>
                </TextEquiv>
            </TextLine>
            <TextLine id="r3l27" custom="readingOrder {index:27;}">
                <Coords points="1268,3910 2117,3990 2296,3947 2447,4014 2816,3964 2795,3859 2514,3891 2296,3829 1748,3872 1601,3815 1271,3824"/>
                <Baseline points="1278,3900 1354,3907 1430,3910 1507,3916 1583,3920 1660,3924 1736,3928 1812,3931 1889,3934 1965,3936 2042,3938 2118,3940 2194,3942 2271,3943 2347,3944 2424,3944 2500,3946 2576,3946 2653,3946 2729,3946 2806,3946"/>
                <TextEquiv>
                    <Unicode>Als den 25. octob diß er jahrs ernst</Unicode>
                </TextEquiv>
            </TextLine>
            <TextLine id="r3l28" custom="readingOrder {index:28;}">
                <Coords points="1267,4038 1499,4113 1874,4050 2250,4069 2294,4117 2398,4062 2629,4116 2704,4081 2701,3978 2425,4024 2277,3948 2101,4021 2027,3952 1961,4001 1270,3946"/>
                <Baseline points="1278,4020 1348,4024 1419,4028 1490,4031 1561,4034 1632,4038 1702,4040 1773,4044 1844,4047 1915,4050 1986,4052 2056,4054 2127,4056 2198,4058 2269,4060 2340,4060 2410,4061 2481,4062 2552,4061 2623,4060 2694,4058"/>
                <TextEquiv>
                    <Unicode>wörtig examinirt worden, hab sy</Unicode>
                </TextEquiv>
            </TextLine>
            <TextLine id="r3l29" custom="readingOrder {index:29;}">
                <Coords points="1241,4223 1361,4147 1624,4207 1713,4160 1879,4232 1993,4173 2638,4222 2744,4168 2748,4066 2630,4116 2363,4082 2269,4147 1897,4056 1653,4117 1329,4054 1245,4095"/>
                <Baseline points="1254,4140 1328,4141 1402,4144 1476,4145 1550,4149 1624,4151 1698,4154 1772,4159 1846,4162 1920,4166 1994,4170 2068,4174 2142,4176 2216,4179 2290,4182 2364,4183 2438,4184 2512,4184 2586,4184 2660,4183 2734,4180"/>
                <TextEquiv>
                    <Unicode>guttwillig und ohne marter bekent</Unicode>
                </TextEquiv>
            </TextLine>
            <TextLine id="r3l30" custom="readingOrder {index:30;}">
                <Coords points="1255,4282 1865,4349 1991,4289 2153,4369 2718,4302 2694,4251 2317,4192 1861,4237 1714,4160 1630,4211 1411,4159 1258,4194"/>
                <Baseline points="1266,4256 1338,4258 1410,4261 1482,4264 1554,4268 1626,4270 1698,4274 1770,4278 1842,4282 1914,4286 1987,4288 2059,4292 2131,4294 2203,4297 2275,4298 2347,4300 2419,4300 2491,4300 2563,4300 2635,4299 2708,4296"/>
                <TextEquiv>
                    <Unicode>und beständig erhalten. Daß nach dem</Unicode>
                </TextEquiv>
            </TextLine>
            <TextLine id="r3l31" custom="readingOrder {index:31;}">
                <Coords points="1242,4411 1385,4378 1733,4450 1873,4409 2058,4485 2167,4427 2532,4469 2631,4426 2698,4471 2756,4457 2760,4359 2612,4386 2433,4306 2220,4381 2079,4304 1722,4372 1596,4311 1546,4352 1444,4290 1246,4293"/>
                <Baseline points="1254,4370 1328,4374 1403,4378 1478,4383 1552,4387 1627,4393 1702,4396 1776,4401 1851,4404 1926,4408 2001,4412 2075,4415 2150,4418 2225,4420 2299,4422 2374,4422 2449,4422 2523,4420 2598,4418 2673,4415 2748,4410"/>
                <TextEquiv>
                    <Unicode>sy verwichenen 22 tags marit in einem</Unicode>
                </TextEquiv>
            </TextLine>
            <TextLine id="r3l32" custom="readingOrder {index:32;}">
                <Coords points="1238,4489 1395,4574 1578,4510 1979,4513 2487,4618 2739,4536 2741,4476 2312,4494 2182,4434 2062,4491 1935,4417 1764,4472 1688,4416 1557,4449 1374,4377 1242,4411"/>
                <Baseline points="1250,4476 1324,4478 1398,4482 1472,4486 1546,4492 1620,4496 1694,4501 1768,4506 1842,4511 1916,4516 1990,4520 2064,4524 2138,4527 2212,4530 2286,4533 2360,4534 2434,4534 2508,4534 2582,4534 2656,4531 2730,4526"/>
                <TextEquiv>
                    <Unicode>Wirthshaus alhier mit den sehrigen geben</Unicode>
                </TextEquiv>
            </TextLine>
            <TextLine id="r3l33" custom="readingOrder {index:33;}">
                <Coords points="1219,4642 1859,4621 1990,4704 2259,4634 2488,4718 2711,4649 2712,4607 2386,4617 2110,4537 2034,4585 1804,4511 1682,4567 1586,4510 1398,4574 1223,4532"/>
                <Baseline points="1230,4604 1303,4605 1377,4606 1450,4608 1524,4610 1598,4613 1671,4616 1745,4620 1818,4623 1892,4627 1966,4630 2039,4633 2113,4638 2186,4640 2260,4642 2334,4644 2407,4644 2481,4644 2554,4644 2628,4643 2702,4640"/>
                <TextEquiv>
                    <Unicode>truncken, und bewynet heimgangen</Unicode>
                </TextEquiv>
            </TextLine>
            <TextLine id="r3l34" custom="readingOrder {index:34;}">
                <Coords points="1202,4778 1332,4726 1614,4803 1878,4741 2015,4802 2272,4760 2527,4820 2768,4765 2771,4649 2489,4719 2376,4654 2212,4726 2102,4656 1997,4708 1908,4647 1777,4699 1698,4651 1603,4695 1538,4643 1205,4644"/>
                <Baseline points="1214,4720 1291,4722 1368,4724 1445,4727 1522,4730 1600,4734 1677,4736 1754,4740 1831,4742 1908,4746 1986,4748 2063,4750 2140,4752 2217,4754 2294,4754 2372,4754 2449,4754 2526,4754 2603,4752 2680,4750 2758,4746"/>
                <TextEquiv>
                    <Unicode>habe sy, also mit wyn beladen, sich leider</Unicode>
                </TextEquiv>
            </TextLine>
            <TextLine id="r3l35" custom="readingOrder {index:35;} person {offset:15; length:7;}">
                <Coords points="1192,4860 1436,4852 1611,4938 1796,4889 1883,4940 1978,4881 2146,4932 2274,4869 2410,4949 2773,4854 2773,4808 2653,4773 2411,4833 2185,4779 2022,4827 1905,4756 1832,4812 1494,4823 1381,4729 1192,4800"/>
                <Baseline points="1202,4842 1280,4846 1358,4847 1436,4850 1514,4853 1592,4855 1670,4858 1748,4860 1826,4862 1904,4864 1982,4866 2060,4866 2138,4868 2216,4868 2294,4866 2372,4866 2450,4864 2528,4862 2606,4858 2684,4854 2762,4848"/>
                <TextEquiv>
                    <Unicode>sonderwegs mit ihres Heimans sel schweer</Unicode>
                </TextEquiv>
            </TextLine>
            <TextLine id="r3l36" custom="readingOrder {index:36;}">
                <Coords points="1213,5071 1471,5062 1645,4986 1898,5063 1986,5013 2348,5060 2486,4986 2720,5042 2734,4877 2402,4956 2310,4904 2108,4949 1977,4879 1869,4957 1579,4956 1317,4850 1213,4911"/>
                <Baseline points="1224,4972 1299,4976 1374,4979 1449,4982 1524,4985 1599,4986 1674,4988 1749,4990 1824,4990 1899,4990 1974,4990 2049,4990 2124,4990 2199,4988 2274,4986 2349,4985 2424,4982 2499,4980 2574,4977 2649,4973 2724,4970"/>
                <TextEquiv>
                    <Unicode>ster sohn einem Eheman, der sich uß dem</Unicode>
                </TextEquiv>
            </TextLine>
            <TextLine id="r3l37" custom="readingOrder {index:37;}">
                <Coords points="1189,5132 1531,5122 1617,5176 1758,5106 1990,5176 2164,5114 2510,5168 2702,5106 2702,5002 2608,5036 2496,4990 2338,5070 2258,5014 2094,5090 2002,5026 1780,5076 1189,5064"/>
                <Baseline points="1200,5090 1274,5095 1349,5102 1423,5107 1498,5112 1573,5115 1647,5118 1722,5120 1796,5120 1871,5122 1946,5122 2020,5122 2095,5120 2169,5118 2244,5116 2319,5114 2393,5110 2468,5106 2542,5102 2617,5099 2692,5094"/>
                <TextEquiv>
                    <Unicode>cano gemacht vff sein vielfaltiges</Unicode>
                </TextEquiv>
            </TextLine>
            <TextLine id="r3l38" custom="readingOrder {index:38;}">
                <Coords points="1204,5259 1634,5241 1806,5315 1884,5266 2402,5292 2515,5237 2715,5245 2716,5193 2306,5134 2045,5212 1896,5158 1821,5203 1581,5201 1487,5142 1205,5173"/>
                <Baseline points="1214,5212 1288,5217 1363,5221 1437,5224 1512,5227 1587,5230 1661,5234 1736,5236 1810,5238 1885,5240 1960,5242 2034,5242 2109,5242 2183,5242 2258,5242 2333,5240 2407,5238 2482,5236 2556,5234 2631,5229 2706,5226"/>
                <TextEquiv>
                    <Unicode>anhalten, einmahl in unkeüschheit ver</Unicode>
                </TextEquiv>
            </TextLine>
            <TextLine id="r3l39" custom="readingOrder {index:39;}">
                <Coords points="1183,5415 1309,5362 1579,5365 1781,5446 2195,5416 2304,5362 2608,5386 2662,5368 2662,5274 2586,5250 2360,5331 2144,5330 2036,5271 1802,5314 1724,5252 1650,5303 1560,5257 1183,5283"/>
                <Baseline points="1194,5342 1266,5346 1339,5350 1412,5353 1485,5356 1558,5358 1631,5360 1704,5362 1777,5364 1850,5365 1923,5366 1995,5366 2068,5366 2141,5366 2214,5364 2287,5362 2360,5360 2433,5358 2506,5355 2579,5352 2652,5348"/>
                <TextEquiv>
                    <Unicode>gessen, darvon sy schwanger worden,</Unicode>
                </TextEquiv>
            </TextLine>
            <TextLine id="r3l40" custom="readingOrder {index:40;}">
                <Coords points="1184,5490 1302,5470 1368,5524 1622,5482 1778,5540 1992,5486 2124,5562 2591,5469 2721,5507 2699,5399 2284,5461 1872,5404 1766,5458 1458,5380 1184,5416"/>
                <Baseline points="1194,5470 1269,5468 1345,5470 1421,5470 1497,5472 1573,5474 1648,5476 1724,5479 1800,5481 1876,5484 1952,5484 2027,5486 2103,5486 2179,5486 2255,5484 2331,5482 2406,5478 2482,5474 2558,5467 2634,5459 2710,5448"/>
                <TextEquiv>
                    <Unicode>welches aber nicht beschechen were, wan</Unicode>
                </TextEquiv>
            </TextLine>
            <TextLine id="r3l41" custom="readingOrder {index:41;}">
                <Coords points="1192,5640 1598,5589 2169,5657 2235,5609 2711,5601 2683,5497 2033,5575 1640,5490 1508,5545 1192,5480"/>
                <Baseline points="1202,5582 1277,5584 1352,5586 1427,5589 1502,5592 1577,5595 1652,5598 1727,5600 1802,5602 1877,5604 1952,5606 2027,5606 2102,5606 2177,5604 2252,5602 2327,5600 2402,5595 2477,5589 2552,5581 2627,5573 2702,5562"/>
                <TextEquiv>
                    <Unicode>sy sich mit dem wein nicht und begenommen</Unicode>
                </TextEquiv>
            </TextLine>
            <TextLine id="r3l42" custom="readingOrder {index:42;}">
                <Coords points="1169,5747 1417,5695 1959,5777 2067,5743 2139,5790 2392,5692 2561,5741 2704,5702 2704,5638 2488,5616 2148,5674 1974,5603 1660,5643 1508,5602 1435,5665 1169,5637"/>
                <Baseline points="1178,5682 1253,5685 1329,5688 1405,5692 1481,5695 1557,5699 1632,5703 1708,5706 1784,5709 1860,5712 1936,5716 2011,5716 2087,5718 2163,5718 2239,5716 2315,5712 2390,5708 2466,5702 2542,5695 2618,5686 2694,5672"/>
                <TextEquiv>
                    <Unicode>hetten disere frundtschafft seye ihre gar</Unicode>
                </TextEquiv>
            </TextLine>
            <TextLine id="r3l43" custom="readingOrder {index:43;}">
                <Coords points="1158,5793 1568,5827 1675,5905 1826,5848 1966,5884 2052,5827 2308,5888 2609,5815 2610,5725 2427,5769 2336,5720 2139,5790 2067,5743 1899,5785 1689,5713 1557,5715 1497,5773 1433,5734 1159,5763"/>
                <Baseline points="1168,5794 1239,5796 1311,5798 1382,5802 1454,5805 1526,5809 1597,5813 1669,5816 1740,5820 1812,5822 1884,5824 1955,5826 2027,5828 2098,5828 2170,5826 2242,5824 2313,5821 2385,5817 2456,5809 2528,5803 2600,5794"/>
                <TextEquiv>
                    <Unicode>wol bekant gsin, habe jedoch nicht</Unicode>
                </TextEquiv>
            </TextLine>
            <TextLine id="r3l44" custom="readingOrder {index:44;}">
                <Coords points="2164,6008 2289,5954 2338,5961 2379,5957 2406,5937 2437,5952 2480,5933 2499,5944 2528,5934 2523,5838 2444,5897 2398,5896 2354,5872 2301,5889 2247,5859 2182,5905 2158,5904"/>
                <Baseline points="2170,5942 2196,5942 2223,5940 2250,5939 2277,5937 2303,5936 2330,5935 2357,5933 2384,5932 2410,5930 2437,5928 2464,5925 2491,5924 2518,5922"/>
                <TextEquiv>
                    <Unicode>vermeint</Unicode>
                </TextEquiv>
            </TextLine>
            <TextEquiv>
                <Unicode>124.
Auch die red deß Weisen Sprachs lautet,
Seye nicht ein weinsauffer, dan der Wein
bringt viel leüth umb
e
Solches ist klar vnd offenbar mit
vielen exemplen so wol inn- als ußert
der 6. Schrifft, vnd bezeuget es die
tägliche erfahrung und dißmahlige
frauwrige Exempel der vorangen
stehenden Weibsperson Anna subel
von Ries by söchsteilen von 40 Jahren
alters ein funff jährige Brittib, welche
nachdem sy wegen ihres schwangeren
leibs vor chorgricht beschickt, darüber
zu ablegung ihrer leibs wurde in oberen
spital gelegt, allwo syn eines todtern
vndts niderkommen, der nach in dem
Keffitheren durch die sach- und wol
geachten, Eil, Ehrenvest- furnem Fur¬
sichtig sach und wol wyse herren
Her Niclaus Combach, deß täglichen raths
sern daniel im Hoff Großweibel herr
Daniel jenner Amman hry dcarquari
zehender den Beibleren und sey Hans
Jacob Reinhard, all deß großen raths
der statt Bern, so wol den 13. sept
Als den 25. octob diß er jahrs ernst
wörtig examinirt worden, hab sy
guttwillig und ohne marter bekent
und beständig erhalten. Daß nach dem
sy verwichenen 22 tags marit in einem
Wirthshaus alhier mit den sehrigen geben
truncken, und bewynet heimgangen
habe sy, also mit wyn beladen, sich leider
sonderwegs mit ihres Heimans sel schweer
ster sohn einem Eheman, der sich uß dem
cano gemacht vff sein vielfaltiges
anhalten, einmahl in unkeüschheit ver
gessen, darvon sy schwanger worden,
welches aber nicht beschechen were, wan
sy sich mit dem wein nicht und begenommen
hetten disere frundtschafft seye ihre gar
wol bekant gsin, habe jedoch nicht
vermeint</Unicode>
            </TextEquiv>
        </TextRegion>
        <TextRegion orientation="0.0" type="paragraph" id="TextRegion_1686833583504_2394" custom="readingOrder {index:2;} structure {type:paragraph;}">
            <Coords points="3188,984 3171,775 5200,895 4936,5082 3281,5044 3529,1055"/>
            <TextLine id="r4l1" custom="readingOrder {index:0;}">
                <Coords points="3205,903 3255,909 3278,896 3299,909 3318,895 3352,892 3375,904 3400,889 3448,883 3440,801 3410,800 3395,814 3368,820 3357,815 3335,833 3293,817 3284,826 3267,815 3242,846 3217,864 3201,863"/>
                <Baseline points="3214,902 3242,894 3270,889 3298,884 3326,882 3354,880 3382,880 3410,880 3438,878"/>
                <TextEquiv>
                    <Unicode>125.</Unicode>
                </TextEquiv>
            </TextLine>
            <TextLine id="r5l1" custom="readingOrder {index:1;}">
                <Coords points="3538,1205 3746,1144 4182,1170 4354,1243 4615,1198 5162,1239 5166,1173 4923,1116 4549,1130 4441,1069 4345,1130 4283,1090 4209,1124 4077,1055 3548,1040"/>
                <Baseline points="3552,1140 3632,1140 3712,1142 3792,1146 3872,1148 3952,1152 4032,1156 4112,1160 4192,1164 4272,1170 4352,1174 4432,1179 4512,1185 4592,1190 4672,1196 4752,1202 4832,1208 4912,1214 4992,1220 5072,1225 5152,1230"/>
                <TextEquiv>
                    <Unicode>vermeint, daß es ein so hoche im wort gottes</Unicode>
                </TextEquiv>
            </TextLine>
            <TextLine id="r5l2" custom="readingOrder {index:2;}">
                <Coords points="3529,1272 3841,1284 3934,1366 4174,1285 4409,1347 4489,1313 4704,1406 4940,1350 4945,1248 4753,1206 4356,1244 4182,1170 3931,1221 3744,1156 3533,1204"/>
                <Baseline points="3540,1258 3609,1261 3679,1264 3748,1268 3818,1270 3887,1274 3957,1278 4026,1280 4096,1284 4165,1287 4235,1291 4304,1295 4374,1300 4443,1304 4513,1308 4582,1313 4652,1318 4721,1323 4791,1329 4860,1334 4930,1340"/>
                <TextEquiv>
                    <Unicode>verbottene sund und bluttschand seye.</Unicode>
                </TextEquiv>
            </TextLine>
            <TextLine id="r5l3" custom="readingOrder {index:3;}">
                <Coords points="3490,1493 3897,1552 3975,1497 4336,1602 4480,1528 4626,1601 4816,1547 4955,1630 5100,1590 5104,1522 4678,1501 4442,1391 4223,1391 3998,1472 3493,1437"/>
                <Baseline points="3500,1486 3579,1488 3659,1491 3738,1494 3818,1498 3897,1500 3977,1504 4056,1507 4136,1511 4215,1516 4295,1520 4374,1524 4454,1528 4533,1534 4613,1540 4692,1546 4772,1552 4851,1558 4931,1564 5010,1572 5090,1580"/>
                <TextEquiv>
                    <Unicode>Dieweilen aber dise Ihr begangene mißte¬</Unicode>
                </TextEquiv>
            </TextLine>
            <TextLine id="r5l4" custom="readingOrder {index:4;}">
                <Coords points="3487,1675 3716,1610 5056,1679 5060,1585 4954,1630 4812,1548 4641,1604 4498,1526 4338,1600 4124,1523 4051,1569 3979,1501 3890,1553 3684,1502 3493,1549"/>
                <Baseline points="3500,1594 3577,1598 3654,1602 3731,1606 3809,1610 3886,1614 3963,1619 4041,1622 4118,1626 4195,1630 4273,1634 4350,1639 4427,1644 4504,1648 4582,1651 4659,1655 4736,1658 4814,1662 4891,1666 4968,1668 5046,1672"/>
                <TextEquiv>
                    <Unicode>that ein wider die natur strebende unnd</Unicode>
                </TextEquiv>
            </TextLine>
            <TextLine id="r5l5" custom="readingOrder {index:5;}">
                <Coords points="3529,1716 3861,1730 3977,1808 4050,1744 4171,1820 4347,1747 4431,1795 4543,1756 4882,1814 4933,1798 4938,1714 4846,1667 4739,1726 4654,1658 4472,1639 4148,1713 3892,1634 3785,1680 3708,1610 3531,1666"/>
                <Baseline points="3540,1700 3609,1708 3678,1714 3747,1720 3816,1725 3886,1729 3955,1734 4024,1736 4093,1740 4162,1742 4232,1746 4301,1748 4370,1750 4439,1753 4508,1756 4578,1760 4647,1762 4716,1766 4785,1771 4854,1775 4924,1780"/>
                <TextEquiv>
                    <Unicode>in dem bey so reychlich zu kommenden</Unicode>
                </TextEquiv>
            </TextLine>
            <TextLine id="r5l6" custom="readingOrder {index:6;}">
                <Coords points="3508,1854 5013,1901 4915,1808 4592,1819 4351,1746 4171,1821 4054,1745 3975,1808 3827,1731 3703,1769 3515,1704"/>
                <Baseline points="3520,1824 3594,1826 3668,1830 3742,1832 3816,1835 3890,1838 3964,1842 4038,1845 4112,1848 4186,1852 4261,1856 4335,1858 4409,1862 4483,1866 4557,1869 4631,1874 4705,1878 4779,1882 4853,1885 4927,1890 5002,1894"/>
                <TextEquiv>
                    <Unicode>ves verkündeten wort gottes, so heiter</Unicode>
                </TextEquiv>
            </TextLine>
            <TextLine id="r5l7" custom="readingOrder {index:7;}">
                <Coords points="3490,2007 3615,1954 3846,2031 3922,1987 4048,2022 4231,1965 4417,2021 4549,1991 4650,2054 4761,2001 4860,2056 5001,2004 5005,1922 4776,1960 4536,1874 4258,1854 4073,1923 3677,1857 3495,1891"/>
                <Baseline points="3504,1936 3578,1940 3652,1942 3726,1944 3801,1948 3875,1950 3949,1954 4024,1956 4098,1960 4172,1964 4247,1966 4321,1970 4395,1973 4469,1977 4544,1981 4618,1984 4692,1988 4767,1992 4841,1997 4915,2001 4990,2004"/>
                <TextEquiv>
                    <Unicode>verbottene sund und bluttschand ist, welche</Unicode>
                </TextEquiv>
            </TextLine>
            <TextLine id="r5l8" custom="readingOrder {index:8;}">
                <Coords points="3519,2030 3725,2092 3986,2070 4115,2140 4344,2161 4686,2101 4923,2134 4925,2086 4833,2041 4577,2064 4460,2000 4350,2043 4231,1965 4034,2028 3522,1974"/>
                <Baseline points="3528,2050 3597,2053 3666,2056 3735,2058 3805,2061 3874,2064 3943,2066 4013,2070 4082,2073 4151,2076 4221,2080 4290,2082 4359,2086 4428,2088 4498,2092 4567,2096 4636,2100 4706,2104 4775,2108 4844,2111 4914,2116"/>
                <TextEquiv>
                    <Unicode>gott der herr usgetrackt am leben</Unicode>
                </TextEquiv>
            </TextLine>
            <TextLine id="r5l9" custom="readingOrder {index:9;}">
                <Coords points="3481,2211 3795,2225 3932,2177 3996,2181 4120,2257 4337,2250 4339,2162 4222,2124 4116,2139 4053,2093 3918,2125 3862,2077 3736,2133 3662,2066 3599,2085 3487,2019"/>
                <Baseline points="3492,2162 3533,2164 3575,2166 3617,2169 3659,2172 3701,2172 3742,2174 3784,2176 3826,2176 3868,2177 3910,2178 3951,2178 3993,2180 4035,2180 4077,2182 4119,2183 4160,2185 4202,2186 4244,2188 4286,2190 4328,2194"/>
                <TextEquiv>
                    <Unicode>Zestraffen bevelchen.</Unicode>
                </TextEquiv>
            </TextLine>
            <TextLine id="r5l10" custom="readingOrder {index:10;}">
                <Coords points="3414,2597 3547,2559 3604,2603 3969,2571 4330,2636 4664,2608 4895,2712 4990,2659 4996,2543 4659,2582 4230,2474 4102,2518 4021,2453 3912,2510 3420,2479"/>
                <Baseline points="3426,2552 3503,2556 3581,2561 3659,2566 3737,2570 3815,2573 3892,2576 3970,2580 4048,2583 4126,2586 4204,2590 4281,2592 4359,2596 4437,2600 4515,2604 4593,2610 4670,2614 4748,2619 4826,2625 4904,2632 4982,2640"/>
                <TextEquiv>
                    <Unicode>Als habend harauff keine Gnädige</Unicode>
                </TextEquiv>
            </TextLine>
            <TextLine id="r5l11" custom="readingOrder {index:11;}">
                <Coords points="3468,2713 4157,2701 4338,2785 4437,2715 4522,2784 4817,2732 4911,2782 4969,2740 4972,2664 4789,2675 4717,2628 4261,2661 3994,2574 3731,2625 3550,2558 3473,2587"/>
                <Baseline points="3478,2680 3552,2680 3626,2682 3700,2684 3774,2686 3848,2688 3922,2690 3996,2693 4070,2696 4144,2698 4218,2702 4292,2706 4366,2709 4440,2713 4514,2716 4588,2720 4662,2723 4736,2726 4810,2731 4884,2734 4958,2738"/>
                <TextEquiv>
                    <Unicode>herren und Oberen Schuldtheiß rath</Unicode>
                </TextEquiv>
            </TextLine>
            <TextLine id="r5l12" custom="readingOrder {index:12;}">
                <Coords points="3477,2797 3670,2829 3736,2790 3804,2847 3919,2817 4043,2875 4149,2819 4316,2898 4405,2827 4513,2884 4680,2834 4859,2892 4973,2850 4978,2736 4687,2799 4469,2736 4343,2787 4156,2701 3962,2755 3754,2681 3481,2711"/>
                <Baseline points="3488,2786 3561,2788 3635,2788 3709,2790 3783,2792 3857,2794 3930,2798 4004,2801 4078,2804 4152,2809 4226,2812 4299,2816 4373,2819 4447,2824 4521,2826 4595,2830 4668,2832 4742,2834 4816,2836 4890,2836 4964,2836"/>
                <TextEquiv>
                    <Unicode>und Burger zu exemplarischer abschaf</Unicode>
                </TextEquiv>
            </TextLine>
            <TextLine id="r5l13" custom="readingOrder {index:13;}">
                <Coords points="3462,2945 3529,2914 3606,2974 3760,2987 3886,2911 3972,2997 4093,2932 4395,2987 4602,2940 4757,2965 4759,2919 4602,2854 4463,2918 4396,2872 3997,2888 3739,2792 3669,2829 3468,2809"/>
                <Baseline points="3474,2896 3537,2900 3601,2902 3665,2905 3728,2908 3792,2911 3856,2915 3919,2918 3983,2921 4047,2924 4111,2927 4174,2931 4238,2934 4302,2937 4365,2940 4429,2943 4493,2945 4556,2948 4620,2949 4684,2950 4748,2952"/>
                <TextEquiv>
                    <Unicode>fung disers grempels und im</Unicode>
                </TextEquiv>
            </TextLine>
            <TextLine id="r5l14" custom="readingOrder {index:14;}">
                <Coords points="3480,3069 3632,3024 3886,3117 4022,3049 4190,3083 4240,3045 4334,3102 4554,3054 4632,3118 4866,3079 4870,2993 4755,2964 4577,2969 4524,3017 4139,2938 3968,3004 3682,2991 3488,2903"/>
                <Baseline points="3492,3012 3560,3018 3628,3021 3696,3026 3764,3029 3833,3033 3901,3036 3969,3040 4037,3042 4105,3046 4174,3048 4242,3050 4310,3054 4378,3056 4446,3060 4515,3063 4583,3067 4651,3070 4719,3074 4787,3078 4856,3084"/>
                <TextEquiv>
                    <Unicode>schwanck gehenden großen Casters</Unicode>
                </TextEquiv>
            </TextLine>
            <TextLine id="r5l15" custom="readingOrder {index:15;}">
                <Coords points="3458,3197 3607,3146 3672,3206 3816,3165 3982,3242 4432,3181 4537,3253 5005,3235 5009,3149 4837,3072 4661,3133 4569,3066 4378,3074 4280,3141 4114,3051 3927,3119 3772,3047 3464,3081"/>
                <Baseline points="3472,3130 3548,3134 3624,3138 3700,3140 3776,3144 3853,3147 3929,3151 4005,3154 4081,3159 4157,3162 4234,3166 4310,3170 4386,3175 4462,3178 4538,3182 4615,3187 4691,3192 4767,3196 4843,3200 4919,3204 4996,3210"/>
                <TextEquiv>
                    <Unicode>auff ihren Ersetieret vnd gesprochen.</Unicode>
                </TextEquiv>
            </TextLine>
            <TextLine id="r5l16" custom="readingOrder {index:16;}">
                <Coords points="3429,3375 4059,3359 4294,3428 4396,3390 4461,3449 4648,3406 4925,3434 4934,3286 4812,3349 4262,3269 4141,3304 4041,3267 3867,3331 3586,3238 3434,3289"/>
                <Baseline points="3442,3328 3515,3332 3589,3338 3663,3344 3736,3348 3810,3354 3884,3359 3957,3365 4031,3370 4105,3375 4179,3380 4252,3384 4326,3389 4400,3394 4473,3398 4547,3402 4621,3406 4694,3410 4768,3413 4842,3416 4916,3418"/>
                <TextEquiv>
                    <Unicode>aß vorgemelte Arme, doch reuwende</Unicode>
                </TextEquiv>
            </TextLine>
            <TextLine id="r5l17" custom="readingOrder {index:17;}">
                <Coords points="3436,3477 3951,3526 4001,3489 4160,3580 4338,3525 4884,3568 4892,3454 4608,3500 4400,3390 4221,3463 4116,3384 3823,3382 3750,3437 3548,3366 3442,3388"/>
                <Baseline points="3448,3450 3519,3455 3590,3458 3662,3462 3733,3466 3805,3471 3876,3476 3947,3480 4019,3486 4090,3489 4162,3494 4233,3498 4304,3504 4376,3509 4447,3514 4519,3518 4590,3522 4661,3527 4733,3531 4804,3534 4876,3538"/>
                <TextEquiv>
                    <Unicode>Sunderin dem scharpfrichter anbe¬</Unicode>
                </TextEquiv>
            </TextLine>
            <TextLine id="r5l18" custom="readingOrder {index:18;}">
                <Coords points="3443,3597 4129,3609 4335,3703 4431,3653 4508,3697 4676,3644 4882,3658 4886,3588 4804,3560 4598,3548 4511,3595 4358,3532 4155,3579 4075,3571 4004,3490 3950,3527 3451,3481"/>
                <Baseline points="3456,3558 3526,3564 3597,3568 3668,3573 3739,3579 3810,3584 3880,3589 3951,3593 4022,3598 4093,3603 4164,3608 4234,3613 4305,3617 4376,3622 4447,3627 4518,3632 4588,3636 4659,3640 4730,3645 4801,3650 4872,3654"/>
                <TextEquiv>
                    <Unicode>kolchen werden, welcher sy oben</Unicode>
                </TextEquiv>
            </TextLine>
            <TextLine id="r5l19" custom="readingOrder {index:19;}">
                <Coords points="3447,3697 3715,3741 3784,3712 3874,3769 4029,3717 4168,3781 4348,3732 4541,3804 4620,3754 4802,3762 4806,3682 4509,3697 4431,3654 4302,3708 4213,3637 4084,3626 3932,3682 3824,3600 3449,3647"/>
                <Baseline points="3458,3688 3524,3692 3591,3694 3658,3697 3724,3700 3791,3702 3858,3706 3924,3708 3991,3712 4058,3716 4125,3718 4191,3721 4258,3726 4325,3729 4391,3733 4458,3737 4525,3740 4591,3746 4658,3751 4725,3756 4792,3760"/>
                <TextEquiv>
                    <Unicode>ans uff gewohnliche richtstag</Unicode>
                </TextEquiv>
            </TextLine>
            <TextLine id="r5l20" custom="readingOrder {index:20;}">
                <Coords points="3459,3832 3664,3892 3761,3841 3832,3901 3918,3840 3986,3876 4042,3841 4320,3856 4371,3905 4464,3852 4741,3930 4944,3913 4948,3837 4758,3752 4592,3831 4489,3771 4204,3812 4027,3717 3872,3769 3769,3711 3466,3706"/>
                <Baseline points="3470,3802 3543,3805 3616,3808 3689,3811 3763,3814 3836,3820 3909,3822 3983,3827 4056,3831 4129,3834 4203,3839 4276,3844 4349,3847 4422,3850 4496,3856 4569,3860 4642,3865 4716,3869 4789,3874 4862,3879 4936,3882"/>
                <TextEquiv>
                    <Unicode>führen, daselbsten, nechst empfelchung</Unicode>
                </TextEquiv>
            </TextLine>
            <TextLine id="r5l21" custom="readingOrder {index:21;}">
                <Coords points="3418,3958 3693,3925 3931,4002 4217,3945 4521,4018 4620,3984 4714,4015 4781,3958 4403,3914 4318,3857 3915,3851 3839,3897 3759,3842 3584,3897 3426,3820"/>
                <Baseline points="3430,3912 3497,3918 3564,3924 3631,3928 3698,3933 3765,3935 3832,3938 3899,3942 3966,3946 4033,3948 4100,3950 4167,3954 4234,3957 4301,3960 4368,3964 4435,3968 4502,3973 4569,3977 4636,3982 4703,3990 4770,3996"/>
                <TextEquiv>
                    <Unicode>Ihrer Krelen Gott dem Herren</Unicode>
                </TextEquiv>
            </TextLine>
            <TextLine id="r5l22" custom="readingOrder {index:22;}">
                <Coords points="3423,4095 3490,4128 3690,4073 3924,4145 4082,4099 4213,4134 4327,4077 4770,4160 4908,4126 4913,4010 4514,4052 4160,3952 3799,4020 3724,3973 3644,4028 3516,3934 3429,3947"/>
                <Baseline points="3436,4042 3509,4045 3582,4049 3655,4052 3728,4054 3801,4058 3874,4060 3947,4062 4020,4066 4093,4068 4167,4070 4240,4073 4313,4075 4386,4079 4459,4081 4532,4085 4605,4087 4678,4092 4751,4094 4824,4100 4898,4104"/>
                <TextEquiv>
                    <Unicode>ihro das haupt abschlagen, und als</Unicode>
                </TextEquiv>
            </TextLine>
            <TextLine id="r5l23" custom="readingOrder {index:23;} place {offset:20; length:4;}">
                <Coords points="3431,4180 3696,4227 3798,4170 3893,4239 4194,4185 4751,4246 4754,4170 4563,4112 4437,4135 4328,4077 4213,4136 4084,4099 3926,4148 3691,4073 3559,4102 3492,4035 3436,4074"/>
                <Baseline points="3444,4140 3508,4147 3573,4154 3638,4159 3703,4164 3768,4167 3833,4171 3898,4174 3963,4177 4028,4180 4093,4181 4157,4184 4222,4186 4287,4188 4352,4190 4417,4193 4482,4196 4547,4200 4612,4205 4677,4209 4742,4216"/>
                <TextEquiv>
                    <Unicode>dieselbige nach der Statt Bern</Unicode>
                </TextEquiv>
            </TextLine>
            <TextLine id="r5l24" custom="readingOrder {index:24;}">
                <Coords points="3401,4292 3496,4281 3558,4344 3847,4274 4179,4375 4432,4308 4756,4366 4810,4276 4630,4213 4467,4271 4345,4217 4229,4266 4042,4195 3890,4242 3798,4170 3696,4227 3614,4185 3404,4212"/>
                <Baseline points="3412,4266 3481,4270 3550,4272 3619,4277 3689,4280 3758,4282 3827,4285 3897,4288 3966,4290 4035,4293 4105,4295 4174,4297 4243,4300 4312,4302 4382,4304 4451,4307 4520,4309 4590,4312 4659,4314 4728,4318 4798,4320"/>
                <TextEquiv>
                    <Unicode>Freyheit vnd Rechten mit dem</Unicode>
                </TextEquiv>
            </TextLine>
            <TextLine id="r5l25" custom="readingOrder {index:25;}">
                <Coords points="3409,4464 3529,4402 4299,4470 4445,4421 4809,4447 4812,4345 4745,4373 4653,4320 4523,4385 4373,4318 4054,4385 3936,4318 3796,4336 3709,4288 3614,4365 3497,4281 3415,4290"/>
                <Baseline points="3422,4376 3490,4380 3559,4386 3628,4391 3697,4395 3766,4400 3835,4404 3904,4406 3973,4410 4042,4412 4111,4414 4179,4416 4248,4418 4317,4420 4386,4420 4455,4422 4524,4424 4593,4424 4662,4426 4731,4426 4800,4428"/>
                <TextEquiv>
                    <Unicode>Schwerdt vom Leben zum Vndt</Unicode>
                </TextEquiv>
            </TextLine>
            <TextLine id="r5l26" custom="readingOrder {index:26;}">
                <Coords points="3420,4571 3457,4584 3560,4553 3643,4592 3772,4513 3827,4545 3892,4531 3949,4551 3952,4461 3914,4467 3863,4434 3834,4445 3792,4407 3671,4467 3621,4425 3577,4430 3525,4404 3474,4450 3423,4459"/>
                <Baseline points="3432,4498 3457,4499 3482,4501 3508,4502 3533,4503 3559,4504 3584,4505 3609,4506 3635,4506 3660,4507 3686,4508 3711,4508 3736,4509 3762,4510 3787,4510 3813,4511 3838,4513 3863,4514 3889,4515 3914,4516 3940,4518"/>
                <TextEquiv>
                    <Unicode>glichten solle.</Unicode>
                </TextEquiv>
            </TextLine>
            <TextLine id="r5l27" custom="readingOrder {index:27;}">
                <Coords points="3363,4804 3523,4829 3641,4771 4040,4852 4235,4801 4330,4861 4494,4866 4671,4853 4767,4769 4668,4773 4546,4684 4429,4741 4296,4724 4075,4631 3807,4686 3472,4596 3369,4652"/>
                <Baseline points="3376,4754 3444,4758 3513,4763 3582,4766 3651,4770 3720,4774 3789,4776 3858,4780 3927,4782 3996,4784 4065,4788 4133,4790 4202,4792 4271,4794 4340,4797 4409,4799 4478,4802 4547,4804 4616,4808 4685,4810 4754,4814"/>
                <TextEquiv>
                    <Unicode>liche Vrtheil ist an Ihre vollzogen</Unicode>
                </TextEquiv>
            </TextLine>
            <TextLine id="r5l28" custom="readingOrder {index:28;}">
                <Coords points="3389,4882 3976,4981 4199,4929 4337,4978 4441,4930 4795,4977 4848,4959 4852,4889 4745,4852 4623,4895 4559,4844 4311,4870 4204,4811 4072,4859 3860,4840 3792,4786 3661,4852 3393,4808"/>
                <Baseline points="3400,4876 3472,4880 3544,4883 3616,4886 3688,4890 3760,4892 3832,4896 3904,4900 3976,4902 4048,4907 4120,4910 4192,4914 4264,4916 4336,4920 4408,4923 4480,4926 4552,4930 4624,4932 4696,4936 4768,4939 4840,4942"/>
                <TextEquiv>
                    <Unicode>worden zinstags den 4. novembris</Unicode>
                </TextEquiv>
            </TextLine>
            <TextLine id="r5l29" custom="readingOrder {index:29;}">
                <Coords points="3372,5009 3390,5005 3410,5027 3455,5018 3521,5076 3566,5057 3582,5069 3612,5061 3626,4891 3601,4899 3573,4879 3521,4897 3490,4888 3441,4897 3402,4883 3381,4892"/>
                <Baseline points="3384,4986 3412,4984 3440,4984 3468,4985 3496,4987 3524,4990 3552,4994 3580,4998 3608,5002"/>
                <TextEquiv>
                    <Unicode>166</Unicode>
                </TextEquiv>
            </TextLine>
            <TextEquiv>
                <Unicode>125.
vermeint, daß es ein so hoche im wort gottes
verbottene sund und bluttschand seye.
Dieweilen aber dise Ihr begangene mißte¬
that ein wider die natur strebende unnd
in dem bey so reychlich zu kommenden
ves verkündeten wort gottes, so heiter
verbottene sund und bluttschand ist, welche
gott der herr usgetrackt am leben
Zestraffen bevelchen.
Als habend harauff keine Gnädige
herren und Oberen Schuldtheiß rath
und Burger zu exemplarischer abschaf
fung disers grempels und im
schwanck gehenden großen Casters
auff ihren Ersetieret vnd gesprochen.
aß vorgemelte Arme, doch reuwende
Sunderin dem scharpfrichter anbe¬
kolchen werden, welcher sy oben
ans uff gewohnliche richtstag
führen, daselbsten, nechst empfelchung
Ihrer Krelen Gott dem Herren
ihro das haupt abschlagen, und als
dieselbige nach der Statt Bern
Freyheit vnd Rechten mit dem
Schwerdt vom Leben zum Vndt
glichten solle.
liche Vrtheil ist an Ihre vollzogen
worden zinstags den 4. novembris
166</Unicode>
            </TextEquiv>
        </TextRegion>
        <TextRegion orientation="0.0" type="marginalia" id="TextRegion_1686833575944_2382" custom="readingOrder {index:3;} structure {type:marginalia;}">
            <Coords points="2995,1902 3433,1902 3438,2106 3000,2106"/>
            <TextLine id="r4l2" custom="readingOrder {index:0;}">
                <Coords points="2992,2125 3123,2073 3171,2102 3229,2066 3255,2080 3447,2071 3445,1981 3365,1995 3296,1967 3225,1993 3206,1985 3173,2008 3138,1983 3102,1988 3070,1960 2987,1955"/>
                <Baseline points="3000,2056 3025,2056 3051,2054 3076,2052 3102,2050 3128,2049 3153,2048 3179,2046 3205,2045 3230,2044 3256,2042 3282,2042 3307,2042 3333,2042 3359,2043 3384,2045 3410,2048 3436,2050"/>
                <TextEquiv>
                    <Unicode>e: 20. ver: 20</Unicode>
                </TextEquiv>
            </TextLine>
            <TextEquiv>
                <Unicode>e: 20. ver: 20</Unicode>
            </TextEquiv>
        </TextRegion>
    </Page>
</PcGts>
