5472 7296
1312 689 2774 988 Deid Christen Dietrich der alt und jung sollen
1305 803 2825 1104 diser ußrütung by auch, daß er solches Erdtrich zugeschlagen
1313 897 2821 1154 und einen neüwen weg gemacht, dises ußgerütete
1299 984 2830 1235 holtz heige der insul gehört und seye das Inselholt nit
1305 1096 2822 1332 16. Marchsteinen ußgemarchet und by dem dritten, das
1272 1186 1943 1364 Erdtrich yngeschlagen.
1258 1300 2831 1620 Also nun auch mehren nach anhörung diser kundtschaffen
1322 1495 2792 1673 sich aus ort begeben und den angenschyn yngenommen,
1312 1574 2857 1783 hat es sich so wohl vor mag Ludwig dietrichs fürgewisen
1316 1674 2844 1889 schrifft, als mit einem anderen glychlichtenden pergemein
1316 1779 2845 1999 seinen marchbrieff befunden, daß dises insul halb die
1263 1907 2826 2084 Sannhalden genant Anno 156, durch ußgeschoßne von
1318 2009 2852 2193 mahl deß rahts mit 16 erhabenen Marchsteinen werdenden,
1300 2114 2818 2291 ußgemarchet worden und das an dem ort, wo der
1302 2216 2819 2402 dritte Marchstein ordenlich ußgemarchet worden,
1325 2328 2836 2520 und das an dem ort, wo der dritte marchstein stehen
1302 2455 2814 2608 sollen, der aber vergraben worden) das insulholtz an
1285 2530 2831 2746 yn dietrichts Erdtrich der Flulias achere sohn und die
1351 2665 2842 2834 elbst von dem Insulholtz ein lenger niemen von Unger
1338 2786 2841 2937 jahr 1/2 jucharten ußgerütet und dißmahl zu haber
1315 2929 1920 3093 angesagt worden.
902 483 1046 615 70
1526 3276 2819 3486 daß Ludwig dietrich einen erhabnen mit dem
1373 3387 1490 3522 Die
1353 3422 2823 3580 In sal wapen gezeichneten Marchstein abgeschaffet,
1339 3531 2818 3678 oder abschaffen laßen. Hier von zugend underschin
1326 3650 2845 3831 denliche persohnen, daß sy denselben noch verschinnenen faulen
1334 3750 2828 3923 gesechen an synem ort stechen, welicher mehr als ein ellen hatz
1349 3852 2269 4011 von dem erdtrich ussgestanden,
1391 4004 2844 4222 H. Laderach zuget an gerinen donstag habe nichte
1349 4136 2856 4318 noch gesechen, aber am frytag darnach, seye er nit mehr her
1333 4290 1705 4425 handen gsin.
1318 4381 2823 4568 Hanns Woler zuget, verschinnen mertzen seye diser
1331 4490 2825 4669 Marchstein noch verhanden gsin, der herr Werchmeister
1345 4573 2842 4773 habe das misch vom insul zeichen weggemacht und
1371 4690 2609 4876 eye diser Marchstein im Riemen gestanden,
1350 4863 2876 5064 Ulli Kurtz deß Dietrichs schwäger hat bekandt, daß e
1316 4973 2858 5157 disen Marchstein uß syn dietrichs geheiß ungefahrung
1339 5047 2806 5252 halben schue diese in herd gelaßen, darfür habe ihme
1346 5099 2853 5325 bemelter syn schwager ein mäs haber geben und darby
1268 5209 2815 5484 versprochen, ihnne in allweg hierumb schadlos ze halten.
1284 5384 2800 5622 Wie nun mehren sich an das ort begeben, hat diesent
1328 5506 2822 5742 selbs gezeiget, wo derselbige lige, der ist ein im herd
1340 5568 2876 5836 groß, schynbar von graben ligend befunden, das Insulzeicht
1324 5713 2623 5935 alsbald daran erkent und ußgraben worden.
2376 5901 2707 6055 Als man
3378 773 4213 941 Als man ihne befragt, worin
3477 882 4194 1026 selben vergraben laßen, hat er
3440 967 4139 1133 begegnen kommen und mit a
3465 1051 4204 1206 öliches vom herren venner zende
3432 1138 4161 1314 habe ihne wegen deß zehnd
3421 1245 4136 1406 In Ihnen güteren gestanden,
3437 1332 4134 1479 synen schwager vergraben
3082 720 3253 865 71.
3418 1707 3885 1860 In denn ihmme a
3388 1821 4070 1978 Bumm und Eichholtz hi
3446 1911 4159 2078 disen puncten, so zugend
3417 2002 3959 2140 Dietrich habe bim l
3422 2110 3952 2261 sy seye ihmme von der
3455 2208 4001 2344 Im Insul holtz habe
3455 2297 4204 2432 von Windtfahlen dem müll
3396 2499 4130 2681 Hans Ballmer der so
3462 2619 4205 2773 wylen vill holtz zukeit ges
3431 2712 4271 2845 emein es seyend wenig darin
3452 2812 4257 2956 holtz genommen worden, doch se
3453 2912 4206 3050 er habe hier in der statt 6
3455 2997 4205 3151 höltzer seyend zwar uß ihne
3438 3085 4319 3266 dunckel seyend in ihr gn he
3468 3221 4206 3426 Die Buchen bim Landts
3489 3374 4263 3525 ihme verwilliget, auch etwa
3431 3465 4343 3600 darmit nit ersettigen laßen, sonnd
3469 3551 4381 3712 obwohl man ihmme stäts gerech
3454 3654 4270 3814 gehabt, noch ein dürre Erch
3463 3753 4269 3909 erwehrt worden, in Summa ein
3457 3891 4332 4102 Hamni Keller zuget, Linde
3488 4038 4332 4195 Us disen holtzeren geführt by
3444 4123 4268 4287 Dannigen vnd Buchtigen halt
3457 4246 4396 4405 klaffteren, soliches zimarit gahn.
3463 4328 4396 4504 zwar furgeben, soliches seye ihmme sie
3409 4481 4328 4678 Hanns Heim geget, er haben,
3479 4623 4590 4776 führen vor 6 oder 7 jahren habe er ein
3453 4724 4396 4872 Dünckel hauwen laßen, Peter sch
3471 4827 3644 4930 boret.
3421 4905 4337 5108 Hans Wenger zuget er hab
3435 5045 4299 5176 Der hr. ansulmeister Baumge
3456 5134 4341 5277 zwo Buchen ghauwen, aber für
3484 5224 4384 5388 Insulmeister habe soliches vern
3495 5349 4523 5528 Hendicht Balmer im tauwer des
3413 5447 3519 5571 .
3629 5486 4470 5602 bruder zuget vor 3 oder 6
3448 5563 4392 5708 Dem Ludwig dietrich im Gemich
3478 5655 4446 5802 raafen by 10 klaffter ufgemacht und
3440 5756 3679 5883 E. G.
3680 1696 3711 1707 In denn ihmme a
3441 1479 3464 1492 synen schwager vergraben
