5472 7296
1233 767 1314 902 e
1132 836 2773 1065 Damalen durch Christen Krieg vnnd Peter
1157 983 2656 1186 Lauper verleidet worden, daß sy dem
1176 1110 2641 1316 oberkeitlichen mandat zu wider in
1184 1213 2733 1402 wolen wald gehartzet, sy beide nacher
1170 1350 2765 1551 laupen zu gebürender straff ußstehung
1176 1466 2749 1652 zeschicken und dem herren vogt daselbst
1200 1610 2030 1798 übergeben ze lassen.
1166 1721 2657 1995 Uff dise relaun und intercession für
1178 1930 2720 2123 ihme als einen zimlich betagten mann,
1168 2044 2716 2272 Ist den 8. augusti volgend durch ihr
1144 2185 2736 2387 gn erkennt worden, daß er Conding
1200 2327 2695 2553 sambt synem unnützen wybli, mit
1198 2475 2728 2659 abtrag uffgeloffenen costens, so wohl
1193 2590 2796 2819 mit syner alhar führung als gfenckliches
1185 2734 2756 2945 enthaltung, neben uffhebung der durch
1190 2863 2718 3068 sy gegen denen von Grießweyl ußge¬
1136 3016 2725 3207 lassener seinnen, mit dem eydt von
1142 3152 2688 3368 statt und land verwysen werden.
1209 3270 2721 3512 sollind, welches denn 10. Augusti Inn
1201 3452 2652 3676 bywesen Herren Eyninger Ruhes
1207 3598 2730 3796 und beiden weiblen werenfels und
1107 3749 2742 3972 Walthert erstattet, ihme der eydt
1168 3884 2731 4119 der ihme vorgelesen und auch mundtlich
1204 4021 2764 4275 vorgesprochen, er denselben mit uffgeben
1191 4171 2644 4397 habenen fingeren nachgesprochen, sy
1207 4324 2765 4560 aber inn betrachtung ihrer bekannten
1183 4469 2795 4734 liechtsinnigkeit cum prissio Dom. Cons.
1199 4632 2765 4880 Inn ein glübd an eydtsstatt neben einer
1204 4797 2696 5025 ernstlichen vermahnung zu besserenn
1199 4953 2756 5162 lebwesen, uffgenommen worden und
1186 5079 2406 5235 darmit vortgeschickt worden.
1196 5157 2483 5388 Actum 10. augustus 11660.
1941 5505 2334 5809 bi
3412 952 5050 1206 Dach dem diser sich also synem fürgeben
3340 1075 5087 1383 nach namender Italiener ein junge starcke
3314 1236 5029 1527 manspersohn umb burgdorff gestrichen
3330 1378 5117 1641 wegen begangenen diebstals und verdachts
3334 1535 4805 1772 anderer musserahten, über deß hern
3310 1632 5023 1930 Schuldtheissen von Burgdorffs berichten.
3320 1813 5071 2095 zu einer strapade erkennt, auch darüber
3302 1961 4988 2255 uß ihr yn gebiet gefürt worden, sich
3340 2123 5085 2360 abe diser warnung und züchtigung nit ge
3213 2302 4986 2572 stessen, sonder nit lang hernach vmb
3349 2452 4989 2720 orberg sich befunden und von nit geben
3347 2637 4942 2861 ringen verdachts wegen, als wan er
3301 2782 5010 3051 den durch passierenden vffpassen theten
3284 2991 5122 3205 Wassen, dann auch Jacob Lacher der Pfister
3357 3098 5025 3332 von Burgdorff deß angryffens by dem
3255 3266 4958 3485 Weyer zu Carberg erklagt, durch dem
3332 3448 4953 3661 herren vogt daselbst gfencklich alhar
3346 3604 5040 3841 geschickt worden, hatt man ihre bin ihr
3328 3767 4987 4008 durch herren obristen wyssen ernstlich
3340 3900 5046 4177 examinieren, auch Zuemarter kommen, vnd
3350 4138 4962 4307 lacken fur vffziechen lassen, auch die
3345 4251 4909 4497 Jenigen denen er schaden zugefugt
3332 4398 4960 4621 haben soll gegen ihme uff sein ankon
3352 4545 4943 4793 eigenes begeren confrontiert, Es hatt
3359 4689 4875 4937 aber vber solche confrontaet vnd Insor
3375 4877 4817 5125 mit grundtliches ussert einem geringen
3345 5072 4815 5287 diebstahl) uff ihne erweisen werde.
3346 5205 4848 5430 konnen, derwegen Ihr Gn den 1
3386 5348 4831 5547 1660 erkennt, daß er liberiert und
3333 5472 4832 5664 die Proffosen über die sensen brugge
3379 5600 4791 5795 worden solle, welches den 12. hernan
4730 5729 4780 5876 t
3368 5752 4526 5964 schechen vnder hiemit vortge
3409 683 5054 1028 Antonio de dalis ein Staliener
