5472 7296
3390 1087 4812 1348 Glych wie die sunden vnnd ra
3424 1266 4844 1452 Ins gemein, gar wohl verglichen w
3413 1367 4897 1546 könnend einer schadlichen, umbsich fre
3356 1467 4907 1667 den camerosischen kranckheit mit
3392 1572 4882 1793 deren es also bewant, daß wo der
3433 1720 4907 1934 nit byzyten und im anfang mit h
3450 1839 4846 2053 samen mitlen begegnet wirt es.
3437 1954 4737 2171 mit so wyt kombt, daß entliche
3445 2075 4848 2304 rettung deß lebens, die glider ab
3464 2194 4706 2405 schnitten werden müssend
3398 2324 4903 2572 Also ins besonders hatt es ein besche
4519 2478 4866 2646 aster der
3458 2484 4461 2662 seie mit dem hochstrafflichen
4530 2594 4892 2774 ach, wan
3377 2595 4452 2809 keüscheit Herr und ehe
3401 2714 4909 2906 Möntsch den anstenden gedancken und böse
3431 2834 4910 3051 affecten mit ervonderlichen mitlen, als
3438 2949 4902 3170 ynbrünstigen gebett zu gott dem herr
3434 3100 4846 3317 nit begegnet, sich bescheidenlicher niessen
3503 3219 4866 3423 eys und francks auch seiner handere
3450 3344 4905 3555 und erlichen berufft beflyßt, sich nit boser
4260 3480 4495 3584 darzu
4520 3475 4912 3664 anden sondern
3444 3520 4420 3676 geselschafft und anderen re
3464 3619 4876 3817 sucht, da nach dem Befelch Christi deß herr
3485 3746 4845 3927 ein nach unkeüscheit trachten des ang
3454 3873 4778 4029 vnd derglychen ergerende gluer a
3459 3954 4880 4143 nimbt dise schidliche krebssucht, so we
3444 4079 4790 4278 überhand, daß entlichen zu rettun
3494 4208 4818 4407 eelen und abschaffung deß übels
3436 4365 4749 4550 lyb deß mentschen harhalten un
3454 4491 4393 4684 stūmlet werden muß
3520 4795 4924 5021 in abscheuchliches exempel deß stinck
3466 4933 4910 5143 den lasters der huren und ehebruchs
3445 5059 4898 5290 Ist gegenwürtige Catri Flumian
3455 5203 4920 5401 ussem Eggewyl gebürtig, welche al
3398 5332 4963 5541 so ußtrib ihrer mit so vil zurei unnd
3471 5461 4889 5679 ehebruch faleren beflechten gnaußne
3500 5624 4783 5802 sich vor etlich wochen von selbsten
1106 629 2777 921 Ncapis, the, welches aus nochmallige
1151 797 2832 997 den 26. octobris 1668 durch mherren gathet ihro
1103 902 2815 1084 landtvogt Stephan Wytenbach und her roß weibel
1136 997 2814 1164 beschechne Examination vnd confrontation gegen der
1149 1086 2845 1306 vorgedachten Ursul freüliger der Bleickeri, daß
1147 1176 2845 1426 sy ihrer vermittlich zweyer hinder den mangesehen
1881 1323 1924 1363 d
1805 1306 1847 1361 n
1164 1306 2829 1496 gelegter Stucken Lins, darfür sy ein selben fran¬
1130 1428 2792 1588 Hösischen Thaler empfangen, hierzu anlaß geben,
1143 1501 2803 1678 darbey beständig verharret, Ist vermög Ihr Ge¬
1164 1630 2841 1829 bevelchs mit einfachet Marter gefeckt worden.
1172 1695 2803 1919 vor und an, welcher es by solcher seiner angebung
1137 1797 1569 1984 verblieben.
1189 1881 2745 2070 Ist durch ihr gnaden zur exemplaristen
1170 2029 2807 2217 Straff den octobris 1600 ins schah
1166 2118 2315 2301 henwerck erkennt worden.
1354 2248 2654 2465 Hans Adam Steiffer
1147 2423 2771 2640 Den 27. octobris 1660. ist diser reiffer
1185 2558 2798 2722 welcher seiner schwöster das gestohlen auch zu
1163 2669 2799 2777 Marzili jederweilen abgenommen und dise
1173 2760 2803 2905 diebstahl befurderen helffen, doch die Bittel¬
1158 2845 2786 2983 vogt germeitzt und darauf mit einer
1191 2954 2422 3110 guten censur absolviert worden.
1213 3082 2746 3344 Sorsula Freüliger, die glei
1751 3232 2123 3404 sekent.
1180 3329 2758 3505 Wylen dise bleiberi beständig vermeinet,
1169 3468 2789 3657 daß sy vorbemeltem marie, sye zu disem
1188 3572 2789 3742 Auch diebstahl anlaß geber, Er aber ihre solches
1196 3671 2814 3831 vnder angen, Ja an des Marterselbst, dahin die
1176 3747 2812 3940 Bleickern es hierdurch gebracht, erhalten, als ist
1187 3858 2822 4023 von ihr w gut weden worden, daß sy auch an
1179 3957 2817 4121 die Martes geschlagen werden solle, welches
1180 4038 2673 4225 den 29. Octobris geschehen, glie hattenn
1198 4155 2862 4318 endtlichen an der Marter bekennt, auch hernach
1191 4255 2806 4432 als sy derselben ledig worden, daß sy gethan,
1168 4362 2819 4531 Wie disers Marie angeben und sy anklagt,
1142 4479 2830 4665 Herners habe sy in einer Cappellen ußerthalb
1215 4578 2831 4732 Freibung unseren allein seelig machenden wahren
1183 4666 2805 4840 glauben verlaugnet die Papistische religion
1213 4754 2827 4929 angenommen (wie sy dan an der Marter selbs
1178 4840 2849 5021 Jesus Maria geruffen, vnd einem alten Capucinis
1194 4933 2834 5110 so von Murten, vnd auch abgefallen ist vnd
1194 5028 2837 5195 Zimerman genamset wird gebychtet, weiters
1218 5136 2318 5317 hatt sy nit bekennen wollen.
1201 5270 2811 5537 dere freyliger ist den 31. octobris
1173 5418 2793 5653 1669 durch mahrs in die Schallen
1126 5503 2835 5757 Werck straff uff die gnad hin condamnimt
1192 5671 1754 5880 worden
3695 642 5009 872 atri pluinari ussen
3698 790 4618 1044 Aggeweyl gebürtig.
