5472 7296
1034 656 1248 779 120
1302 910 2915 1242 amalen habe er vnns einmahl vnnd
1345 1080 2927 1484 hydthar niemalen beschlaffen, seye 14
1372 1225 2831 1503 tag vor dem Regiment beschechen
1347 1377 2924 1681 es habe beid bruder leider) wohl kennt
1295 1575 2906 1955 Denire als es zween Tag vor dem Re¬
1271 1849 1316 1922 .
1306 1776 2830 2074 gunent vmb 9 Vhren vngevarlich
1358 1926 2874 2240 nachts zu syner stieffschwöster wollen
1304 2049 2880 2363 habe es dauid Pryman vor deßen
1297 2176 2844 2452 wunderlichs haus an der Ruwenstatt
1305 2337 2818 2577 angetroffen, der habe damalen mit
1272 2475 2866 2781 ihme uff dem banck sich fleischlich vertratt
1330 2610 2812 2900 eithar seye er mit wyters zu Ihme
1283 2764 2667 3033 kommen, weder er noch die zween
1275 2910 2830 3169 hievor vermelten, habind Ihme etwas
1288 3057 1588 3277 geben.
868 3336 2801 3615 Als es befragt wurde, ob es nit bei
1215 3525 2763 3767 gert mit yngenommenen trenckeren
1283 3648 2794 3908 syn lybsfrucht abzetryben, hattes
1248 3786 2763 4041 sich also beandtwortet, Es habe zwar
1250 3973 2781 4197 ein tranck, welches Ihme deß Artzels
1240 4077 2680 4344 Herrn Martis er geben yngenommen,
1230 4269 2743 4509 von Roten Buggelen, hertzenbleich vnd
1185 4380 2763 4658 Meyerain etc. componiert, solches habe es
1169 4568 2723 4809 Inn reyn kochet, zu vnderschidenlichen
1195 4721 2713 4948 mahlen darab truncken, bevorderst
1187 4848 2664 5090 aber es syner fr gezeigt: Wann
1166 5008 2603 5246 es gewust hette, daß es schwanger
1154 5165 2578 5397 were hette es mit yngenomen
1174 5298 2673 5523 seye darinn beschechen, damit es 3. t
1095 5452 2643 5717 syne flores, die es vermeint verschlagen
1130 5555 2278 5818 Zesyn, befurderen konnte,
3170 799 3386 952 121.
3400 1036 5178 1300 Gefragt, weilen es hievor vorgedachter
3471 1212 5180 1423 Martenen ehrverletzliche bose wort nachgegen
3531 1335 5125 1555 schrauwen, wie es dann so bald den friden
3514 1438 5125 1683 mit ihme gemacht, daß sy sich synen angen
3466 1568 4800 1766 nommen und dise mittel geben.
3483 1715 5123 1935 daruf es geandtwortet, daß zwar nit
3490 1861 5094 2077 minder, weder als uff ein zytt die Mar
3476 2014 5009 2232 tenen fürgangen es zu Ihren geredt
3505 2129 5055 2347 sy solle zu deß Marti Walters abgehen
3445 2283 5062 2489 scheidene gehen, daselbst warte ihrem
3465 2391 5044 2611 der frutig, lang hernach aber habe
3457 2546 5065 2746 die Martinen ss vnderwegs angeredt
3467 2682 5046 2894 und gesagt die Rymannin schicke stäts
3452 2807 5076 3038 humb zum frutig, zeigen also widerum
3403 2947 4979 3139 den friden gemacht, damalen habe es
3436 3102 4970 3319 anlas genomen, Ihren anzuzeigen, es
3443 3233 4884 3419 habe syne sachen nit, woruff sy ihme
3449 3358 4717 3563 obiges mittel zukommen lassen.
3172 3639 4934 3934 Aderlassens halb, bekenntes auch
3343 3849 4912 4057 Daß neben an den füssen des Buren
3380 3972 4889 4202 kungs diener ihme uff sein begehren
3362 4101 4888 4327 vermeinend auch dardurch syne flores
3407 4244 4860 4455 Ze befurderen. Zū odergelassen, es
3387 4370 4738 4571 habe aber nit gewüßt, daß es
3433 4496 4898 4723 chwanger seye, diser mitlen habe
3411 4645 4925 4863 es sich glich nach dem Regiment bedient
3372 4783 4846 4998 wenig tag vor Jacobi habe es das kind
3402 4923 4909 5085 gespürt. Im vbrigen habe es sich from
3399 5063 4818 5244 vnd ehrlich verhalten, niemand mit
3393 5173 4831 5351 entwend, noch wyters Inn Vnkenscheit
3375 5302 4897 5491 vertrabt man solle aber nachfrag halten
3393 5412 4881 5654 sonderlich by der Er Ernstenen by deren
3360 5562 4020 5737 er auch gedienet
