5472 7296
1149 641 2805 908 Vff Mitwochen den 24. Octobris.
1181 809 2813 1029 1660. sind zuuormelte Personen, so mit
1164 908 2717 1103 dem jenigen Euch diebstahl vmbgangen
1180 990 2802 1216 nochmahlen vermög ihr gnaden bevelch
1189 1082 2814 1312 durch inscheren examinatoren Zeugst Gatschet, se
1159 1209 2839 1439 Cashanderber, vnd hr. Großweibel Sachsel doffen
1197 1310 2828 1535 sowohl ernstwortig, als mit zeigung der Marten
1173 1406 2592 1587 dahme sy geführt, examiniert worden.
1188 1537 2859 1834 und hatt vorgedachte Marie seye, die diens
1188 1703 2700 1894 magdt, by seiner hievorigen bekandtnus
1195 1809 2813 2005 der entwendten 14 stucken euchs und übrigen
1179 1914 2838 2077 Sachen es bewerbleiben laßen, ußert dem
1177 1999 2827 2191 daß er noch bekannt, es habe ein wort zeichen
1184 2105 2863 2299 In seines ihre Kuchi under den tisch geworffen
1175 2197 2812 2426 Sonder ist nochmahlen darauf verharret, die
1194 2338 2828 2522 antheilung und anloß diser entwendung seye
1202 2435 2641 2611 die hieuor angeben gleickeri Brsula
2653 2478 2804 2577 .
1184 2542 2781 2714 freüliger genandt, von Erißweil die habe
1196 2628 2833 2811 ihro die zwei stuck hinder den mangen
1037 2726 2798 2904 Kasten gelegt, darfur sy ihren den fran¬
1172 2834 2729 3012 kösischen halben Thaler geben, damit sy
1191 2969 1573 3104 schwyge.
1257 3078 1348 3153 .
1211 3069 2793 3250 Dise angebuer v. leicker nun ward gegen
1211 3178 2809 3324 ihren gehalten und confrontiert, die hatt nun
1204 3284 2809 3417 keines wege geständig sein wollen, sonder solches
1203 3351 2838 3513 mit richen, ungebührlichen worten vernemmet und
2662 3470 2776 3544 e
1212 3453 2664 3616 gesagt, Banes auf disem halben haltt
1201 3527 2814 3693 verharren wolle, müße der böse geist solchen
1223 3634 2130 3790 Ihme abgenomen haben.
1951 3777 2020 3851 16
1219 3780 2787 4010 Vorgedachter Hans Adam Greiffer,
1214 3918 2737 4119 hatt über sein vorige bekandtnus verdigs
1194 4014 2812 4199 bekennt, er habe auß geheiß seiner schwöster
1219 4132 2714 4316 siben el gebleichtes Euch gan Burgdorff
1179 4237 2816 4407 tragen und einem daselbst mit namen Hans
1800 4308 2829 4474 So habe ihme sein schwöster
1205 4347 1806 4488 Cameter geben:
2728 4415 2800 4504 .
1224 4393 2729 4597 auch geben, in furtucher, als sey weiße
2137 4467 2830 4640 Item baums Garz,
1216 4512 1932 4684 und ein schwartzen
1210 4602 2807 4770 under zweymahl, seye jedesmahl ungefahrlich
2756 4737 2800 4789 .
2149 4697 2760 4843 sein schwöster
1184 4709 1975 4870 drey strangen gsin.
1199 4796 2820 4983 habe Ihme ein anders als weißes auch geben,
1115 4914 2638 5066 Vnd das zu hier anderschiedenlichen mahlen,
1179 4971 2857 5181 freymahl, wie er schon hievor bekennt, und das
1187 5090 2710 5257 vierte mahl ussem platz, als er an der
2774 5221 2815 5289 .
1193 5197 2681 5379 metzger gaßen auf der stör gewesen,
1164 5290 2809 5489 darbey fürgeben, daß er sich gantz mit weiters
1214 5388 2851 5580 wüße diser noch anderer begangnen sachen
1178 5482 2774 5685 zuerinneren in zusehen an nachster Seithen
2034 5592 2862 5824 lsbeth fürer etc.
3433 740 4895 948 Es beth fures. Ist nochmahlen
3372 859 5053 1068 darauf dieben, es habe vorbemelts Marte
3406 986 5005 1159 furgeben, Es heige disers Euch kauft, seye auch
3408 1120 5038 1251 durch sy gewarnet worden, es solle lugen und
3402 1186 5035 1340 dencken, daß es sy nit etwas man es nit recht
3446 1284 3499 1344 10
3379 1277 4934 1448 zugiengen in vnglegenheit bringe, halbe
3429 1363 5019 1520 auch die Jenigen personen, denen sy das auch
3403 1448 5037 1647 verkauft, anzeigt, als deß Glasers Müllers
3435 1546 4168 1732 fraw zwey stuk.
3372 1649 4513 1850 deß schärers zwey stuck.
3397 1768 4855 1949 eiines frawen an der Matten 80 ell.
3397 1853 5048 2057 einer grempleren deren man ein hieß
3410 1980 4275 2145 gsin, Wiertzig Ellen
3393 2066 4915 2272 dem Stüßi, wie hievor gemelt 9 elle
3427 2190 4711 2359 n sr wuchers magdt 6 ell.
3350 2309 4674 2476 Ebigen her müllers magdt 3 ell
3372 2395 5044 2589 der jenigen näyeren Abraham Beüggers
3394 2522 4477 2694 frawen zwey fürtucher
3402 2637 4992 2831 A: dises nachvolgende gehört zu deß Reiffers
3407 2762 5055 2934 an nechst vorstehendem batt begriffner bekandt.
3378 2860 3596 2976 ens.
3398 2912 4879 3134 den Jenigen Brieff dan belangend so
3423 3056 4973 3223 ermelter reiffer zu bezahlung deß ver
3384 3141 5032 3316 schraffleten Luchs anbietet, seye derselbige zu
3386 3238 4988 3405 Burgdorff hinder einer gweßen Pfisteri
3348 3343 4960 3513 seyn laßen umb 4 63 versetzt, es
3401 3451 5030 3618 ligind auch noch andere Schrifften vndt Sachen
3384 3559 4462 3721 Jeder ermelter Pfisteren.
3414 3716 5004 3916 Den 25. Octobris 1660. Ist die hieuor
3396 3858 4823 4024 mehrmahlen vermelte E. E. E. E. G.
3398 3934 5048 4164 furers in deren behausung oder stübli alle
3400 4059 4867 4249 dem H Beronymo Kupfer durch Marie
3382 4176 5042 4328 fr entwandte stuck auch, so wohl durch bemelts
3395 4280 4951 4438 Marre als seinen Bruder darein getragen
3387 4374 5030 4519 worden, welche stuck sy furer meisten theils,
3393 4461 4937 4611 wie hieuor gedacht, in gros unden destail
3404 4545 4957 4716 verkauft, von solcher bößerung, diebstahls statt
3389 4637 4927 4808 und platz gebung und verkauffung in allen
3394 4739 4901 4890 zu geringem weiß, dannenhar heiter daß
3397 4828 4952 4992 Ihro der diebstahl nit vnbekant gsin, vmb sy
3372 4920 5057 5087 viel deto nicht, weilen sy wol abnemen können
3356 5005 4870 5165 faßen eines färbers oder gleickers magd, solche
3377 5117 5016 5252 Gwerb vnd Vffkauff nit verman von Ihr
3419 5198 5000 5353 Gnaden zur exemolarischen Halseisens
5002 5178 5043 5347 d
3344 5267 4866 5448 Straff zweyer stunden verfellt und
3403 5379 5038 5488 condammiert, vnd solche mit anschlahung eines
3387 5455 4909 5625 Placards (andere von dergleichen diebstahlen
3371 5554 5002 5702 Inzuchens abzuschrecken) eodem die an Ihren
3385 5643 4616 5823 effectuiert und gestattet worden.
4653 5671 4751 5842 3
