5472 7296
1007 643 1214 759 142
1359 900 2855 1164 gsin, welches nicht beschechen weren, wan
1367 996 2825 1246 er ihme die Ehe nicht versprochen heide
1356 1091 2863 1388 zu welcher zeit aber es beschechen, vor
1379 1177 2825 1445 oder nach dem es sich mit dem Vatter
1363 1306 2660 1543 vermischet, hatt es nicht anzeigen
1361 1412 2760 1669 wollen. Actum 18. Novembris.
1353 1489 1627 1622 1662.
1888 1857 1977 1938 .
1385 1822 2845 2164 Den 19. novembris 1682 uff vernern
1332 2049 2749 2242 ergangenen bevelch an ist Carolum
1332 2134 2806 2356 von Bonstenden, die vorhaffte blutt¬
1314 2219 2841 2482 schanderin Barbli von Buren Peters
1328 2335 2799 2580 von Buren deß schuhmachers zu Lyß
1315 2402 2720 2634 tochter mit nothwendiger marter
1324 2511 2771 2737 teien ze laßen. Ist zu dem und dien
1322 2596 2769 2847 selbe in strecke thurn geführt worden,
1321 2710 2756 2927 und hatt in bysein herren großweibels
1320 2811 2733 3017 im Hoff herren Johannes Müllers unnd
1284 2913 2741 3140 hrn sammel Bruners, so wol ohne
1317 3025 2716 3245 all mit der marter, das ein mahl
1308 3099 2742 3299 lähr und hernach mit dem 25. tag die
1282 3196 2720 3423 stein gefëckt worden, dise bekantnus
1272 3300 1601 3465 gethan.
1340 3505 2705 3707 y habe sich, als sy sich im Margra
1266 3597 2584 3811 Irn land zu Wyßwyl 22 jahr
1281 3706 2663 3901 by einem meister uffgehalten, mit
1283 3811 2631 4012 einem, der schra die eheversprochen,
1283 3915 2334 4101 in unkrüschheit vergeßen.
1116 3999 2304 4185 uß dem Zürich gebiet Andres
1212 4174 2730 4370 mit seinem meister dem burgermeister
1235 4286 2697 4482 Zū Carberg, Zuvielen, vnderschidenlichen
1232 4386 2641 4572 mahlen verzucht getriben und were
1221 4486 2021 4683 das kind sein gsin.
1155 4660 2664 4864 auch mit seinem Rohn Peter Juncker
1203 4793 2670 4964 allweil er ein wittlig gsin, zu zweyen
1199 4892 2629 5065 mahlen, da sein vatter der Burger
1202 4980 2612 5155 meister Puncker, sy schon zu vor auch
1183 5077 2044 5245 darnach beschlaffen.
1126 5202 2693 5449 Daß aber der vnter von dem sohn oder
1169 5355 2633 5544 der Sohn vom Vatter etwas gewußt,
2157 5529 2503 5660 eeberet etc.
3517 973 5003 1215 könne es nicht sagen, dan ihme solches
3530 1130 4045 1290 nicht bekant.
3481 1287 5053 1469 Berners vnd weiters hatt es weder
3521 1439 5046 1618 ernstwirtig, nach mit vorgemeldter
3505 1539 4979 1703 angewendeter marter nichts be¬
3489 1646 5152 1827 kennen wollen. Actum 19. novembris 166
3364 1886 5101 2090 Ist hierüber nacher Arberg als an das
3478 2040 5118 2250 ort, wo sy die schutschand begangen, geh�rt
3454 2181 5122 2380 unnd alda mit dem schwert hingerichtet
3470 2320 3780 2480 worden.
3164 777 3371 925 143.
3540 3084 4680 3350 Schaffner von Lieben
3288 3303 4966 3538 Denn 24. novembris 1662 ist diser
4356 3488 5009 3649 wegen begangenen
3383 3536 5000 3761 unkenscheit inn syner juget mit syner
3412 3660 4857 3909 basen inn anderen grad vermag
3372 3832 4946 4042 Ihr Gerkentnus durch hern Groswe¬
3374 3990 4854 4202 Im chorhuß mit dem eydt den er
3391 4145 4782 4355 praestiert, verweisen worden.
3383 4699 4702 4952 Darbli Züricher von
3588 4828 4121 5052 Churnen G
3202 5025 4758 5270 Disere wybspersohn von vngefahr 70
3344 5176 4672 5396 Jahren alters, Ist wegen etlichen
3351 5312 4737 5531 begangenen vnkeüschen tahten Inn
3311 5438 4705 5654 Ihren Jung Jahren neben einer
3341 5582 4741 5789 offentlichen deprecan die sy zu thurnen
3346 5714 4807 5925 thun soll mit dem endt für 3 jahr lang,
3263 5812 4800 6071 vermag abgangenen raht zmels am herren
