5472 7296
1337 864 2914 1151 Endtlichen aber ist er mit einerer anhenken
1329 989 2886 1233 Den 50. tag steins mit under neben dem 25 l
1321 1125 2873 1360 gestreckt und ernstlich zu anzeigung der
1333 1238 2834 1446 wahrheit ermahnt worden, der hatt aber
1339 1364 2863 1595 anders und schners nit bekennen wollen.
1330 1513 2773 1717 wollen mit vermelden, wan er mehr
1322 1600 2871 1841 anzeige, rede er wider sein consciens
1325 1750 2539 1934 vnd Ihne ihme selber verecht.
1246 1865 2421 2066 Actum 7. Septembris 1663.
1304 2101 2869 2314 diser baß dieb ist vermag mahl und oberen
1325 2227 2796 2421 Erkantnuß vom 2. septembris nach
1333 2339 2857 2538 ablegung dises pießes dahin verfelt worden.
1322 2457 2880 2705 daß er mit ruthen ußgeschmeidt, gezeichen
1321 2596 2841 2799 und mit dem lad von statt und land f
1320 2705 2092 2880 wisen werden solle.
1324 2832 2837 3029 Ist eben selbigen tags an ihme exequirt
1329 2974 1583 3102 worden.
1004 704 1185 834 86.
3166 759 3328 886 87.
3924 969 4388 1230 andtag
3520 1376 4977 1675 Auffgenomene Informaon
3450 1568 5018 1843 Betreffend den an Lienhart Guggisperg
3490 1718 4303 1913 begangenen Todtschlag
3211 2015 4889 2274 d sie verschinnen sontag nachts zu
3470 2175 4816 2413 Widerblacken sich leider zugetragene
3477 2320 4847 2519 entleibung Lienhard Geggispergs unnd
3493 2455 4916 2637 deswegen abgangenen bevelch an Meinen
3464 2566 4941 2740 hochehrenden Herren Benner Furstenber¬
3467 2668 4877 2872 iger sub dato 12. tag mit zu thun zweyen
3436 2775 4944 2959 Herren deß gerichts und eines sey doctori
3458 2897 4881 3095 den Schärers den Leichnam visitiren her
3471 3050 4935 3205 laßen, auch der hergangenheit, vnd ob einiche
3468 3134 4867 3324 egendthätigkeit zwüschen dem gethäter und
3474 3275 4882 3432 abgeleibten gin, wie nicht minder deß
3455 3387 4801 3561 einen vnd anderen Lebwesens halber
4790 3450 4844 3522 .
3438 3487 4855 3667 Information vffzenemmen, Ist solchem
3437 3611 4865 3801 so viel die besichtigung betrifft, noch grad
3459 3722 4846 3901 deßelben tags der herr Doctorem Wil
3455 3822 4915 3995 veln und herren insulschärer David Leerber
3459 3971 4914 4122 in gegen warth ich herrn Venner Fursten ber
3415 4072 4804 4224 gers sey eininger kuches hern Hans
3453 4178 4945 4325 Georg im Hoffs deß Grichts, vnd vnder¬
3418 4313 4895 4455 gezeichneten grichtschrybers statt beschechen und
3449 4405 4921 4578 volgenden tags die Information zu der
3417 4505 4832 4697 hand genommen worden, wie hernach
3431 4619 4112 4768 vermeldet wirdt.
3448 4882 4885 5116 rstlich, habend sich an dem Leichnam drey
3426 5017 4810 5193 orderschidenliche wurden, die einte an
3430 5149 4845 5343 dem haupt ein hieb biß vff die hirn
3436 5265 4799 5440 schal, die andere zwo sich wunden,
3423 5367 4852 5539 darunder eine vff dem Rucken Lincks
3407 5485 4779 5648 gegen dem Lasten, welche gantz tieff
3420 5619 4901 5789 und tödtlich gsin, wie solches die sonden,
4516 5743 4766 5925 unden
