5472 7296
1016 675 1260 824 144.
1265 891 2835 1171 Großweibel im koff unnd
1313 1038 2878 1315 Grichtschryber Im chorhuß ver¬
1349 1207 2915 1532 wisen worden. Act 3. decemb 1667
1503 1639 2630 1956 sulibers Cominier
1571 1847 2793 2122 von hinen der landtvoglei
1535 1972 1880 2145 Rems¬
1301 2325 2763 2553 ieweilen diser sommer Anne
1298 2422 2765 2708 hillier von Vnthlens der Landtvogtei
1261 2592 2771 2838 Morseen nit ehelichen wollen ister
1276 2736 2744 3004 Im chorhus lut oberkeitlich befelche
1218 2912 2796 3179 durch herrn Großweibel mit dem
1281 3049 2594 3287 eydt vernemen worden.
1239 3199 2517 3430 Acten 3. december 1662.
3891 914 4664 1236 Salome Luber.
3203 839 3382 967 145.
3424 1333 5119 1568 Als sich Ir Franz Luduig von Erlach
3504 1441 5116 1693 mit herr zu Bümplich erklagt, daß ihme
3508 1552 5087 1757 etliche sachen, Inn seinem hauß ent¬
3518 1649 5076 1883 wendt worden, auch deß tischmachers
3468 1764 5071 1961 Grundbachers frauw, ihme von solchen
3504 1841 5005 2034 verlohrnen sachen vier Jerli Rößli
3485 1935 5014 2126 zugebracht, welche sein magt Ihren
3469 2015 5037 2205 zugestelt damit selbige zu Murten
3476 2103 4897 2303 verkaufft werden möchtind. Ist
3467 2200 5016 2395 by solcher beschaffenheit und in tag
3477 2326 4999 2483 kommenen diebstahl, gedacht sein
3469 2389 4977 2548 Iren von Erlachs dienstendat zuge¬
3471 2481 4928 2671 zogen und den er diß auß ihr g
3431 2574 4934 2721 bevelch durch zu Großweibel
3420 2636 4930 2825 in bey sein ers Niclaus Stüelers
3436 2727 4869 2919 alt landtvogts von Grandson
3451 2810 4984 3014 ernstwortig examinirt, auch ihrer
3430 2914 4961 3106 namens vnd lebwesens befragt
3452 2979 5029 3187 worden. Die hat hierüber volgende
3406 3047 4948 3240 bekantnus gethan und anzeigt.
3428 3147 5000 3333 sy heiße Salome Ruber ihr vatter
3433 3239 4867 3398 sel seye von Hoffingen gsein, vnd
3424 3354 4928 3494 alhier angenomen worden. Zuvor
3400 3417 4857 3579 habe es sich by herren rathshr. jenner
3410 3505 4851 3690 vnd herren Rathshr. liechladung, by
3388 3609 4877 3764 dem alten hervogt von Buchser und
3369 3672 4897 3868 dem herren vogt von Coffen uffgehalten,
3404 3758 4808 3952 vnd Ihnen treublich gedient. diß
3404 3868 4818 4024 mahlen aber, sich wider so weit
3405 3929 4866 4150 vergeßen, daß es seinem hrn einen
3403 4012 4869 4218 Diemantring, sambt 4 per Rößlenen
3402 4103 4865 4288 untreütet, vnd zuvor anfange fur¬
3403 4177 4876 4398 geben, es habe solches Inn der weicheten
3397 4285 4882 4490 gefunden, hernach aber vffgesprochen
3384 4361 4874 4566 bekannt worden. Es habe dise fürge
3368 4451 4809 4663 stuck, inn frem scheidel in papyr
3374 4553 4823 4733 zu gewiklet, entfrombdet, sye zu
3356 4628 4806 4829 dem vnd beschechen, damit es den h
3370 4714 4732 4894 doctr und schärer, wylen es gar
3356 4803 4784 4967 lang kranck gsin bezahlen könne.
3295 4886 4770 5034 Aelle den Ring wider zustellen, wie
3370 4984 4771 5145 es auch beschechen, verner diebstähl
3367 5050 4725 5176 begangen ze haben, hat es nit be¬
3356 5118 4728 5289 kennen wollen. Alls Ihme der Ir
3356 5212 4796 5372 under augen gestelt, und ihme er¬
3326 5306 4745 5480 halten, daß es andere sachen mehr
3321 5377 4781 5583 ihme veruntreitet. Als namblich
3342 5461 4703 5651 ein hembd, ein nachthuben von
4468 5597 4785 5717 hallen.
