5472 7296
1048 668 1271 807 134.
1381 863 2923 1206 Vnd Ime Augspurger herfürgerüfft
1370 1052 2903 1347 werden solle, daß er her für bette
1396 1187 2888 1414 sich zerantworte, vmb vor anzogen
1323 1276 2879 1536 nen an Anna Scherterleib zwüschen
1397 1380 2835 1634 tag und nacht im wirtshauß zu
1366 1502 2862 1738 etzingen ergangenen tod schlach, wie
1356 1606 2857 1855 die kleiner zum wort zaichen vor
1369 1745 2846 1933 angen ligen zum dritten landte
1293 1830 2791 2053 gricht zum ersten, anderen vnd
1305 1959 2821 2183 dritten ruk. Nach dem nun solches
1344 2074 2843 2281 Zum wegen Anderschidlichen wollen
1340 2170 2870 2389 durch den Frey weibel Januel Kircher
1366 2307 2780 2512 offentlich beschechen der gethäter
1349 2410 2814 2655 Augspurger aber nit erschinnen.
1320 2530 2757 2782 sondern nochmahlen ußgebliben
1339 2640 2750 2856 halte solches wolehren gedachter
1337 2754 2764 2973 Herr Priner von Graffenwird
1349 2899 2793 3114 in namen hochgedacht Ihr Gnaden
1330 2980 2729 3231 als deren die raach überlaßen.
1291 3081 2784 3357 worden und von oberheit wegen
1287 3212 2702 3469 pflichtig ist vermög gottlichen
1283 3341 2725 3552 beuelichs das hinschuldig blut ze¬
1300 3458 2677 3665 reien zum gechten. Fornota
1287 3568 2803 3792 wharo vff man des Richters noch
1301 3680 2661 3872 mahlige umbfrag vff den Eyd
1286 3780 2702 3966 zu recht erkennt und gesprochen,
1296 3918 2672 4035 nach dem der eing ertiorumb
1286 3986 2737 4158 mit vrtheil vnd recht beschloßen
1267 4076 2693 4275 lharo obwohlen imme Hanns
1277 4195 2689 4377 Augspurger sines leben ehres
1276 4304 2640 4478 thurns und laßens halber gute
1236 4416 2693 4587 zengsame gegeben auch durch der
1268 4510 2704 4690 abgeleibter eheman zu Bruder
1220 4627 2727 4814 Cldie uß vor anzogner in forma
1155 4731 2686 4905 ition ze sechen fur ihne ange
1188 4835 2648 5018 spurger gebetten wirdt. Jedoch
1233 4930 2739 5110 Dieweilen uß dem horanzogenenn
1221 5033 2736 5225 bericht der beschecheren leibsoffnung
1194 5155 2679 5331 heiter erscheint, daß offt angedeüte
1178 5245 2654 5438 wirti Anna Scherberleib leibs
1188 5363 2656 5558 beschaffenheit halber, da die Edlen
2330 5472 2632 5642 Glider
3211 874 3434 1003 135
3540 1126 5024 1352 Glider als das herr die läberen noch
3549 1286 4976 1467 gesund, auch die lunge ußert disem
3563 1388 5057 1591 anfahl noch vnversehrt gsin, noch wol
3518 1523 5062 1703 lenger leben können vermitlest eines
3537 1623 5050 1823 solchen handsoßes vnd doruff revol¬
3488 1722 4978 1934 gten herdfahls aber das leben laßen,
3532 1848 4999 2029 müßen, er augspurger auch weder
3541 1950 4932 2130 om Ersten anderen noch vff heut
3486 2050 4942 2236 den dritten vnd letsten offentlichen
3518 2152 4944 2344 verkönten landtag sich zu verant.
3511 2286 5010 2430 cistorben nit erschenten So sollenen
3514 2378 4979 2551 er Augspurger von jetziger stund an
3505 2502 4911 2666 uß frid in suffind ist sicherheit
3505 2607 4891 2770 in in sicherheit erkent sein auch
3466 2723 4878 2870 hiemit mahl und oberen der statt
3485 2817 4893 2966 Herr statt land und gebiet für
3444 2911 4881 3089 hundert und ein jahr verwerckt
3463 3038 4877 3242 vnd verlohren haben, also daß ihm
3468 3159 4926 3335 fahl er der thäter hierzubuschen und
3437 3275 4856 3451 innert diser zeit in hochgedacht
3445 3388 4859 3543 Ihr gnaden territorio es seye zu
3446 3520 4955 3671 Statt oder zu land in Holtzeren oder
3452 3584 4890 3748 felderen betretten vnd bezogen
3428 3694 4879 3867 wurde, daß nit allein ob ihmme
3449 3800 4893 3996 als einem Todtschleger gerichtet
3428 3897 4913 4062 werden möge, sonderen auch von
3415 4009 4958 4193 nun an sein Hans vnd gut hochgedacht
3409 4112 4872 4267 mohl und oberen zu erkent und
3414 4216 4818 4390 zugefallen sein solle. Nach dem
3426 4317 4881 4495 nun solche Vrtheil beschechen vnd die
3411 4411 4821 4581 sublication vnd ußrechung ge¬
3398 4522 4822 4681 worter maßen erstattet vnd
3417 4610 4872 4795 verrichtet worden, hat offt ehren
3357 4730 4694 4879 gedachter Herr Peiner von
4689 4797 4734 4868 .
3366 4806 4914 4979 Graffenried als Kleger innamen
3381 4931 4848 5088 Mahl und oberen diser ergange
3343 5020 4905 5227 nen urtheil und gantzen behandlung
3379 5125 4833 5305 eines erkunds begehrt, das ist ihme
3378 5228 4819 5412 under man deß richters Insigel
3361 5333 4822 5511 mit urtheil und recht ze geben erkent,
4505 5486 4741 5628 durch
