5472 7296
1016 680 1209 807 108
1369 851 2923 1122 gebürtig zeuget. Disere abgeleibte Wirthei¬
1370 952 2885 1203 seye ihme wol bekant gsin, von Ihre habe
1376 1084 2876 1354 er nichts versuchtiges vnd vnehrliches ge¬
1350 1191 2884 1464 hort ein Zeit dahar habe sich nicht viel speis
1347 1333 2845 1551 gebraucht, sondern sich meisten theils deß
1348 1443 2150 1612 truncks beholffen,
2347 1518 2897 1694 Hans Engschun
1344 1575 2817 1788 ger aber seye ihme nicht möchtig bekannt
1334 1688 2830 1925 seye ein starcker mann, Es habe sich be
1322 1803 2784 2026 geben, daß geschinnen sontags zwischen tag
1349 1903 2808 2131 und nacht, da man vorlesen noch kein
1331 2038 2847 2272 liecht, aber in der stuben eins gebraucht
1338 2147 2820 2381 der wirth und gedachter Tugspurger
1341 2286 2786 2508 mit einandern gehancket, da habe sich
1334 2403 2820 2626 die Wirthin drein gelegt, vnd zum Lug¬
1327 2518 2744 2747 spurger gesagt, wan ihr nicht so
1324 2656 2799 2869 viel holtz gestolen, hettend ihr nicht so
1314 2769 2773 2990 hausen kommen, darauff er Augsburger
1304 2887 2743 3077 zwüschen Ihme gezeugen, vnd deß mans
1303 3023 2789 3228 Sohn ihre einen einzig stoß gegeben vorhar
1320 3095 2742 3319 seines bedunckens entweders gegen dem
1316 3211 2739 3402 hertzen oder etwas byseits darauff
1320 3310 2731 3501 sy an den Tischecken vnd von darinen
1303 3438 2736 3612 vff einen stull, vnd zu boden gefallen,
1315 3534 2765 3740 Er Augspurger seye seinem beduncken nach
1317 3677 2764 3856 nicht mächtig truncken gsin, sy aber habe sich
1309 3771 2768 3966 an disem tag truncken gemacht und darun
1289 3856 2732 4080 ber geschlaffen, dannen har wüße er nicht
1300 3956 2723 4178 ob zur zeit deß stoßes sy noch truncken ge
1303 4099 2726 4290 wesen, vmb Mittag seye sy lustig gsin, vnd
1275 4182 2663 4403 habe biren schnitz gemacht, als man syn
2656 4280 2712 4357 e
1283 4298 2703 4476 nach disem stoß in das beth gefragen, habe man
1267 4421 2737 4603 an ihrem haupt griffen, ob syn wurd seye
1278 4518 2732 4703 daruff sy geredt, Es thue ihre nicht wehe,
1241 4608 2740 4803 habe sich aber nicht rühren können, sonder
1270 4722 2078 4908 die arm hangen laßen,
1142 4845 2642 5060 Ulichel Stettler von Eigboldschuhen der
1223 5003 2675 5177 Kirchhöri rechung zeüget, er habe dise wirthin
1245 5095 2679 5282 wolkeret, seye gutten Lumbdens, aber ein
1222 5212 2687 5398 zeit dahar hinlich brande und vielmahlen
1210 5290 1900 5502 truncken gewesen,
2059 5343 2689 5497 Hans Augsburger
1236 5443 2663 5627 seye ein guter arbeiter und fleißig nit
1224 5548 2623 5728 gar gächzorung aber wan er erfüret
1227 5661 2696 5821 vnd truncken, lasse er sich vnderweilen nit
2326 5762 2613 5899 weisen.
3151 783 3376 959 107
3557 1001 5011 1212 weisen, seye ein starcker mann, Es seye
3556 1098 5049 1310 der wirth, die Bauwren vnd Hans Rug¬
3523 1199 5025 1444 spurger mit worten an ein ander gsin
3549 1333 4923 1547 wegen der feldfahrt und daß der
3540 1432 5053 1677 Augspurger allen früch seine roß uß
3544 1598 4934 1796 gelaßen, eher das gewechs hinwegen
3544 1697 5005 1939 gsin, weilen sy ein us gesamptschaden
3520 1825 4937 2023 gethan, seyend nur deß Augspurgers
3537 1959 4853 2145 Roß eingethan, vnd hinab in das
3493 2089 4941 2304 wirthshaus geführt worden, deßen sich
3526 2189 4934 2405 der zugspurger mächtig erklagt
3499 2323 4979 2559 daß man mir seine Roß gepfandt
3479 2440 4916 2666 und habind deßwegen mit ein anderen
3494 2541 4937 2813 gezancket, worüber sich die wirthin
3494 2715 4969 2894 darein gelegt, vnd endtlich gegen dem
3485 2802 4909 3019 Augspurger scheltwort ußgoßen, er
3467 2953 4946 3141 Augspurger habe darüber gegen fra
3465 3048 4894 3262 gestoßen, war den stoß, wie er ergangen.
3476 3177 4937 3383 habe er nicht, aber wol sy fallen gesehen,
3464 3269 4858 3481 namlich hinder sich an den bischeggen und
3472 3408 4890 3596 entlichen sytligen vff den boden, sy habe
3462 3494 4861 3709 alle viere von sich gestreckt, er habe sy
3456 3610 4868 3787 darüber vffgehebt, vnd vermeint, sy wurde
3446 3707 4863 3918 ihme vnder den Armen verscheidlen. Sy seye
3461 3809 4916 4003 truncken gsin, der wein habe ihro alsbald
3443 3945 4874 4132 angewonnen, Eher vnd vor es zu disem
3464 4033 4939 4254 toß kommen, habe sy zu ihme heheligen gesagt.
3422 4159 4899 4352 gebe mich, dan ich bey sehr hin, habe auch von
3412 4255 4896 4458 zorn mächtig gezittert seye hinaus gangen
3420 4369 4899 4545 aber widerumb hinein kommen, darauff
3440 4472 4905 4679 dises alsbald erfolget, Hans Augspurger
3411 4589 4806 4765 seye nicht mächtig truncken gsin, vnd
4807 4701 4849 4769 .
3405 4718 4819 4856 habe, so viel ihme in wüßen, vnd er allda
3413 4816 4464 4971 ghin, nur ein halbmas gehabt.
3308 5087 4868 5293 Ulrich Steinman von Lauters wyl der diß
3403 5219 4808 5393 mahlige Müllerknecht zu Wetzigen Zeuget,
3390 5315 4714 5476 Er habe verscheinen Sontags Abendts dem
3397 5398 4708 5559 wirth das mähl gebracht, und damahlen
3370 5503 4720 5698 gehört, daß sy mit ein andern gehauwet
3393 5592 4792 5798 wüße aber vom anlaß nichts gezeugen
3384 5711 4681 5913 wie aber der stoß geschechen, seye er
4301 5866 4651 6032 darbey etc
2998 1496 3521 1642 damnen hardig
2995 1593 3507 1724 von Izigen ande
2994 1648 3505 1813 die ihren laūffen
2984 1737 3458 1889 laßen, eher etc.
