5472 7296
1033 649 1214 792 146
1376 778 2877 1137 Hollendischen Spitzen, vnd seiner bey ein
1369 947 2827 1222 Geller, wie dan erst gemelt zwey
1363 1017 2914 1367 stuck hinder ihme gefunden worden.
1326 1129 2877 1400 Ist es diser 3 stucken auch bekant
1352 1215 2859 1500 worden, fürntendend es sye ihme
1363 1325 2887 1601 solches zum vergeß kommen, vernen
1346 1443 2847 1703 und weiters aber habe es sich mit
1319 1527 2446 1723 diebstahl nit vertrabt.
1322 1622 2579 1897 Actum 24. decembris 1662.
1516 3293 2431 3562 Heinrich vogt.
1317 3550 2817 3801 der von Bruchsel durch die profosen
1285 3709 2746 3859 alhargebrachte vnd ob einem dieb
1225 3772 2774 4004 stahl zu diemers weil erwütschete
1220 3902 2711 4082 mans persohn, ist den 4. diß durch
1225 3958 2670 4154 Hrnn Großweibel im Gott über
1215 4054 2683 4258 den an Ihne abgangenen bevelch
1222 4144 2680 4346 inn bysein herr docts kangs, als
1189 4245 2628 4456 In deßen haußdrußen er den
1162 4367 2687 4552 diebstahl begangen: so wohl seines
1189 4473 2716 4644 ramens, Religion, begangenschafft,
2255 3561 2270 3566 Heinrich vogt.
1196 4551 2688 4716 verheurahtung, alls was erwei
1208 4623 2701 4809 ters mochte entwendet vnd be¬
1210 4752 2663 4916 gangen haben, alles ernsts exa
1199 4817 2714 5020 ennert worden. Der hat hierüber
1167 4930 2713 5063 volgender maßen, sich verantwor
1192 5027 2677 5204 tet, vnd bekent, Erstlich, Er heiße
1140 5106 2704 5277 Heinrich Vogt von Tremlingeßen
1169 5212 2641 5379 Bischoff gebiet gebürtig, sye zeits
1173 5307 2616 5465 Wangelich, habe sich by 15 jahren
1145 5389 2718 5563 dahar in der Graffschafft zu dane
2482 5495 2674 5617 als.
3540 969 5124 1239 Als zu Mertzlingen 5 Jahr uffgehalten
3522 1100 5048 1323 Inn den Räben gearbeitet, auch zum
3516 1189 4865 1426 zeiten dem höchlen nachganget.
3511 1290 4989 1540 er sye auch by abrahamvogt 2 jahr
3536 1403 5005 1619 gewesen, endtlichen sye er ohne e
3542 1490 4992 1701 und er gezogen mit zuegen synen
3480 1573 5054 1799 kinden, die er by syner ersten fr sein
3505 1670 4995 1883 Ann Guggers genant erfüget und
3476 1751 4971 1948 damit dise syne kind mit einer
3468 1846 4958 2042 muter verzeichen werdind, habe er sich
3501 1923 4931 2125 mit ain jung verehrlichet unnd
3490 2011 4917 2219 zwar zu Kriegstetten. Wylen man
3488 2079 4848 2288 sy zu deßen wegen daß syn er
3497 2188 4892 2388 3 unehrliche kind gehabt nit zu
3461 2275 4854 2455 sammen geben wollen zu kriegen
3447 2361 4798 2534 stetten zusegnen laßen. Als
3473 2461 4828 2634 man Ihme fürgehalten, wie
3474 2541 4836 2733 ersagen dorffe, er sye gut von
3467 2642 4817 2822 gelig, bitten mall die bÿ Ihme
3465 2738 4788 2879 gefundene Redel mit gebind
3417 2813 4787 2975 daß er die Gatoliche Religion
3473 2918 4770 3050 angenommen, hat er bekennt
3434 2984 4739 3149 daß zwar er zu Solothurg be
3406 3053 4709 3224 den Capuciniren gebruchtet
3418 3144 4700 3337 damit er sein er zu kilchen
3392 3231 4718 3431 führen könne, sye aber doch
3447 3321 4767 3506 nit gentzlich abgefallen, sy mo¬
3433 3436 4708 3614 gnie geschriben haben, was sy
3422 3528 4701 3700 gewolt, er habe sich seithar
3420 3605 4738 3798 auch an keinem papistischen
3419 3678 4172 3835 ohrt uffgehalten.
3355 3773 4752 3975 Er habe nun von 2 fähleren ge
3387 3877 4706 4052 w�st die syn er begangen ehe
3407 3954 4731 4130 er sy genommen, hernach habe
3384 4054 4712 4227 ey ihme den dritten auch be¬
3389 4139 4682 4334 kennt, das einte uneheliche
3382 4218 4677 4400 kind, sie von Abraham Arman
3402 4322 4652 4483 gezuget das andre von Krei¬
3408 4419 4690 4579 arn von luß, welches gestorben
3359 4507 4679 4676 Das dritte aber wüße er mit
3370 4597 4675 4767 Syn fr so viel Ihme in mußen
3354 4667 4702 4839 habe sich fiderhar ehrlich ver¬
3344 4753 4671 4920 halten, syne Kinder aber aus
3362 4868 4470 5009 erser ehe auch gehalten.
3324 4935 4627 5093 sein vatter Adam vogt sie
3373 5027 4655 5201 sambt dryen sohnen zu Breg
3353 5123 4556 5280 hinder Hydaum wohnhaff
3364 5202 4562 5378 der denkenen halber seye er
3328 5298 4592 5461 bekanntlich, daß er selbige Inn
3325 5381 4615 5537 hren gantz kangs hauß genommen.
4390 5504 4601 5615 habe
3209 841 3410 952 147.
