5472 7296
1021 639 1267 781 130
1342 925 2942 1279 uf den eyd zu recht erkennt und gesprochen.
1307 1083 2879 1307 daß der Ring an allen vier Ohrten vn
1358 1213 2919 1419 gethan und imme augspurger offenlich
1328 1301 2844 1496 herfür gerufft werden solle, sich vmb
1372 1400 2859 1604 gethanen thod schlag, da die wortzeichen
1365 1498 2847 1728 vnder angen ligend ze verantworten,
1341 1612 2885 1848 Nachdem nun solches zum dritten mahl
1341 1706 2844 1910 mit lauter sein beschechen der thaten
1350 1806 2865 2004 aber nicht erschinnen, satzte wolterm
1295 1894 2845 2115 ter mehr keiner solches widrumb zum
1258 2013 2763 2195 rechten vnd wurde vf men deß
1290 2109 2802 2295 Richters abermahlige umbfrag zu
1339 2213 2619 2415 recht erkennt und gesprochen.
1252 2421 2774 2652 Tienteilen er Augspurger nochmahlen
1319 2576 2766 2751 vßgebliben vnd nicht zu erscheinen be¬
1269 2664 2817 2866 egehrt, Als solle der Ring widerum
1283 2785 2774 2931 beschloßen werden auch der Andere
1310 2890 2811 3069 landtag nach disers landgrichtsbruchen
1302 3000 2758 3190 vnd recht in bester erin verführt,
1289 3103 2751 3296 und der gritse laut mahl und obigen
1276 3231 2824 3400 Satzung, ob verzeichen tagen vnd ander
1245 3352 2766 3521 dreyen wochen, hiemit vnd den Sechsten
1293 3443 2814 3619 tag nechst kunfftigen wintermonats
1284 3563 2740 3749 alhier an desem ohrt angesetzt sein vnd
1270 3662 2721 3836 solches durch drey offentliche vns dem
1256 3778 2740 3926 häter verkündet werden. Als nun
1263 3881 2775 4026 solches ordenlich ußgerufft, vnd meinig,
1205 4006 2763 4158 elich angemahnet worden, wo sy denselben
1176 4113 2688 4264 ben es seye zu wassen oder zu land,
1260 4209 2674 4354 in hoch oder gelderen in stetten
1243 4297 2688 4437 worden, und an welchen ohrten an¬
1229 4408 2682 4600 treffen möchtend, Ihme disere dritte
1227 4510 2740 4673 landtags ansetzung zu wüsten ze thun.
1143 4619 2734 4804 Hatt Mehr kleger in namen hoch¬
1198 4709 2742 4905 ugedacht ihr herren diser verhandlung unde
1221 4810 2722 5025 ergangenen urtheilen eines vrkund
1197 4922 2675 5105 begehrt, daß ist ihmme ander mynem
1158 5025 2684 5235 des richters insigel ze geben erkent,
1132 5162 2677 5324 durch die ehrsammen vnd wolbescheide,
1188 5228 2714 5422 nen andres mosen in Lehen Grebss
1177 5357 2594 5524 Signares Niclaus Rath Aman,
2411 5467 2661 5602 Peter
3469 1034 4271 1256 Peter Kuntz von ledi
3491 1186 4203 1356 zu Rieder gerichts
3489 1309 4309 1454 Marti Caderach zu
3494 1385 4342 1578 Bigler zu Rychingen
3477 1512 4330 1686 friderich mich Amman
3471 1610 4328 1797 Schupach zu Ehlissch
3467 1715 4206 1888 Beilen Hans
3447 1838 4190 1986 Marti Steynsan
3452 1928 4202 2109 dem gricht woler
3475 2036 4268 2210 fingen, damid lier
3401 2133 4278 2329 Hanns Bogli Amman
3415 2269 4132 2405 Heinrich Graff
3404 2361 4120 2533 buel von Giplen
3462 2456 4128 2616 zum Bechel alle
3396 2569 4257 2736 Wichtrach Ullrich Jo
3448 2674 4258 2808 Stuck Hanns ei
3450 2751 4205 2941 wolte uß dem Gr
3430 2865 4138 3036 Ullrich Adam Vor
3417 2975 4143 3133 Hanns Moosen
3419 3071 4267 3234 beid deß grichts zu B
3436 3178 4268 3343 zu Konolfingen den
3384 3288 4267 3425 Eisermonats deß
3416 3364 4268 3534 laufend sechshund
3397 3468 4274 3655 Sechs zugsten Jahrs 26
3163 807 3373 924 131.
