5472 7296
1003 660 1212 791 110.
1397 837 2902 1093 darbey gsein, die Wirthen habe sich by der Thuren
1373 947 2828 1205 vffgehalten, vnd dem Hans Augspurger
1379 1053 2886 1308 mit dergleichen worten zugeredt, Wan er
1379 1183 2847 1435 nicht kannen gestolen, hette er nicht hausen
1361 1279 2840 1480 konnen, darüber er ihre vorwerks einen
1353 1374 2909 1663 stoß geben, könne aber nicht eigentlich an seig
1353 1494 2850 1736 uff was weis vnd form, Worauff sy
1351 1587 2814 1806 hinder sich an dem Tisch, hernach an den
1372 1684 2886 1934 stuhl vnd vff den boden gefallen, weiters
1328 1812 2420 2002 seye ihme nicht in waßen
1233 2227 2913 2519 Als endtlichen auch der Kirchhori Amman s
1308 2378 2784 2616 Bogli genant, wie auch der Herrschafft
1310 2547 2827 2757 Amman, so wol der abgestorbenen wirthin
1323 2650 2811 2867 als disers Hans Tagspergers leben
1324 2773 2822 2979 sens thun und wandels befragt worden.
1298 2873 2816 3102 die sich zwar nicht bey der that befunden,
1314 3021 2818 3227 zeügete erstlich ermelter Bogli, daß offt
1298 3109 2805 3334 gedachte Wirthin sel näher den 70. als 60
1293 3264 2742 3453 jahren alt gsin seye, wüße nichts ver
1303 3346 2735 3571 ehrliches zu zeugen, bey einem Jahr dahar
1295 3433 2751 3653 habe sy sich stäts übel gehabt, auch mächtig
1299 3571 2791 3762 am Leib abgenommen, seye vielmahlen trun¬
1300 3653 2690 3885 iren und alsdan rauch gegen den leüthen
1292 3794 2710 4003 gsin. Dannen haro sy ohnlangest vor Thor
1244 3912 2715 4134 gricht beschickt worden, wan sy also bei
1268 4049 2768 4233 wynet gsin, habe sy ihrem sann gantz
1265 4159 2783 4359 vngebührlich zugeredt, vnd zeinlich vberthan,
1243 4244 2747 4492 Es seye ihro aber vor Thorgricht gwaltig
1223 4411 2680 4585 zugesprochen worden. Des Hans Rugen
1236 4536 2721 4713 spurger von ohngefahr 40 Jahren, seyen
1252 4643 2625 4831 ein gutter haushalter, nicht hänckisch,
1236 4729 2740 4953 sache nicht bald etwas an oder man bringe
1236 4894 2635 5084 es an ihre vor ohngefahr 20 jahren,
1204 4994 1761 5182 seye er wegen
1209 5198 2675 5433 seithar aber habe er sich ehrlich und wol
1221 5340 1587 5493 verhalten.
1136 5643 2672 5867 Dertman von Izigen Zeuget, disere
2186 5822 2635 5992 wirthin sel.
814 2472 1276 2678 Daunde witschi
3196 756 3408 891 111.
3548 998 5056 1266 wirthin sel seye vor ohngefahr 12 jahren ein
3554 1152 5044 1397 wackere frauw und gute haußhalterin get
3538 1257 5077 1457 wesen, seith har aber zimlich brandenen
3526 1369 5030 1598 tig gsin und ihr lebwesen schlecht zuge
3540 1476 5024 1695 bracht, habe sich dem trunck ergeben, vnnd
3529 1574 5054 1818 den zumahlen geschworen, vnd mit den leüthen
3528 1706 5040 1894 w�st gehauset, deßwegen sy auch vor hor
3518 1819 5011 2055 gricht beschickt worden, sy seyind gsinnet
3494 1972 4975 2180 gsin, wegen dises ihres lebwesens sich.
3517 2087 4898 2277 verners an gebührenden orthen zuer¬
3486 2173 4924 2381 klagen, damit remedirt vnd ihro das
3498 2311 4848 2488 wirthen abgestelt werde. Hanns
3487 2398 4925 2609 Lugsburger seye ein guter arbeits
3496 2571 4869 2718 man, seye nicht viel in den wirths
3477 2634 4892 2852 heüseren, frusam und facht nicht bald
3501 2765 3892 2878 etwas an.
3339 2830 4637 3050 Actum 25. und 26. augusti 1662.
3485 3185 4878 3411 Herren Doctoris Wilhelmi vnd herrn
3600 3306 4702 3491 Ledresen des schärers bericht.
3388 3538 4949 3746 Doch geandte gnädige herren und obere
3352 3708 4837 3995 Herwicheren Montags den 25. augusti
3430 3888 4869 4110 1obr. ergangenem Fl. bevelch nach, die
3408 4005 4823 4224 zu Ytzigen todtlich angelebte wirthin
3411 4142 4753 4333 zebesichtigen, vnd darüber zu berichten.
3891 4307 4161 4469 Catus.
3353 4383 4879 4653 Als befindend wir by consideration besagter
3409 4554 4887 4773 todts verblichener frauwen, daß sy war
3401 4671 4821 4865 starcker Corporents, so vnd, so viel Ihr
3396 4792 4806 4977 mehr als 60 jähriges Alter belanget
3391 4925 4865 5071 erträglichen leibs disposition, vnd natur¬
3409 5010 4852 5182 licher wege, noch langer leben können.
3350 5108 4875 5376 Wan aber durch so vnglucklich geführten
3370 5278 4861 5469 hande stoß vff die brust, mehr beruhrtes
3376 5390 4754 5586 weib einen schwären ruckligen fahl
3360 5480 4823 5675 vnd anschlag vff der rechten seithen er¬
3365 5600 4830 5788 lieten, Ist by eröffnung der brutt
3347 5695 4823 5909 vnd herzkastens zu beobachten gewesen
4275 5836 4502 5996 Das
