5472 7296
957 683 1118 832 90
1351 860 2886 1084 den hals gefallen, vnd habind gesagt, Ich wie
1339 1000 2829 1214 habend übel haus gehabt, wie habend einen
1324 1113 1920 1277 übel verwundet.
1250 1258 2864 1579 zur verantwortung nun, ward jeners
1320 1475 2835 1676 vff seithen der beklagten furgewandt. Er
1329 1579 2831 1805 sege Bericht zuset mit seiner Ern zur
1321 1704 2787 1917 ruhr in ein gegen dem hauß gelegenes
1302 1825 2856 2021 St�ckli gangen, sein bruder Hans und sein
1327 1934 2859 2142 die jungeren bruder aber habind, in erwarten
1318 2047 2839 2265 tung, daß der vatter und die mutter nacher
1309 2165 2823 2366 Hans ab einer kindtstauffin kommend, ge¬
1316 2288 2793 2504 wartet und in bucheren gelesen, da
1316 2393 2804 2635 seye ein gwiße person an die thur komen,
1315 2512 2877 2734 vnd habe geklopfet, Als ich darüber heus
1297 2649 2846 2911 geschrauwen, wer das man solle bescheid geben,
1304 2776 2869 2996 und gesagt, Peter bis du es. Vermeinend
1315 2886 2778 3132 es seye deß Nachbare Knecht, seye kein
1308 3005 2792 3248 bescheid ervolget. Ja es habe sich einer vff
1301 3144 2770 3365 den Laden gelegt, vnd dergleichen gethan
1299 3285 2824 3463 Ob wolte er zum Fenster hinein, worauff
1289 3390 2707 3579 sy umb gottes willen gebetten, er solle
1298 3494 2775 3705 doch anzeigen, wer er seyen oder sich nit
1280 3605 2672 3826 friden laßen und sein straß gehen, Nach
1278 3741 2746 3925 solchem seye er zwar gewichen, aber her
1286 3866 2751 4061 nach an der hinderen hausthüren klopfet,
1283 3969 2630 4198 und einer Hübschli zum thürli hierin
1268 4082 2775 4294 kommen, an den roßstall auch klopfet,
1274 4200 2669 4429 worüber Bendicht vffgestanden, zu den
1277 4319 2775 4531 anderen Bruderen gangen, vnd einandern
1248 4453 2710 4640 gesterckt, beide beedicht und Hans die
1250 4589 2690 4784 tagen genommen, vnd seye er Bendicht
1256 4702 2708 4877 disem vnbekanten nachgeloffen, biß zum
1235 4803 2727 4991 haun, und ihne gebetten, er solle doch reden,
1240 4933 2707 5109 welches er nicht thun wollen, sich gegen
1259 5035 2737 5221 dem Tausen gekehrt, vnd das angesicht ver¬
1247 5130 2734 5308 edeckt, worüber die streich ergangen, über
1239 5251 2750 5410 diß seye diser unbekantein einen weyer
1237 5365 2722 5520 oder Sammler (darin aber kein waßer
1218 5468 2688 5647 gsin geloffen, vnd von dannen etlich
1223 5593 2710 5779 schritt mit sich in die hoffstatt, allwo er
2364 5775 2553 5893 ligen
844 5817 2789 5998 . Darüber sy nochmahlen umb gottes willen gebenden, er solli
972 5927 2737 6121 bescheid geben, oder sich mit friden laßen, so aber nicht beschechen, in
965 6049 2739 6217 maßen sy erschrocken und vermeint, es seyind mehr da darüber
959 6146 2748 6331 dienen gesperson abgewich, aber widerkommen, die stägen by dem
947 6259 2649 6444 st�ckli uffgangen und geklopfet, Worüber lenthusra
3183 761 3377 931 91.
3330 980 3503 1124 ligen
3534 970 4786 1201 bliben, dahin schließende, wan diser abgele
3512 1108 4714 1311 nur zu anfang oder end ein einich w
3522 1210 4795 1449 gredt, were solches geiten bliben. Es se
3518 1337 4792 1553 vorwenig zeit ihnen ihre roß gesch
3506 1457 4852 1662 die Johalmen verderbt, vnd zu ihren mi
3493 1586 4850 1767 steinen geworffen worden, derowegen
3507 1706 4860 1899 diser abgeleibte, der sich nicht ze erkenne
3483 1826 4467 2018 geben wollen, zu diser that
4533 1885 4792 2039 sto meh
3500 1969 4871 2158 vrsach gegeben, hette er auch seine rechte
3491 2099 4869 2272 heimstraß genommen, were solches keinen
3475 2205 4091 2368 wegs erfolget.
3226 2454 4787 2675 ierwider antwortete die klagende Carten
3478 2631 4808 2816 sy wöllind beweisen, daß andere leüth
3474 2739 4886 2951 mehr, so der reden, allwo der abgeleibte
3463 2864 4809 3050 wohnhafft gsin, disere straaß auch ge
3455 2970 4925 3160 braucht und daß er etwas zeits darvor
3439 3116 4894 3292 geredt, wan er mehr nachts heimgange
3460 3227 4940 3394 wolle er nicht mehr der straß nach, sonder
3464 3322 4938 3526 dem oberen weg nach gehen, habe sich auch
3445 3446 4834 3624 verlauten laßen, er wolle seine erbs
3450 3565 4873 3756 die er zu Brantholtz gehabt, tröschen,
3454 3682 4876 3871 were hiemit der rechte weg dahin gsin
3454 3803 4850 4014 der abgeleibte habe nur ein Rütlin by
3418 3926 4893 4136 sich hiemit kein vorhaben gehabt, jemanden
3418 4019 4819 4223 schaden zu zefagen, disere knaben habind
3435 4139 4873 4315 bekent, sy habind ein fläschen voll uß
3418 4242 4775 4455 getruncken und die größeren auch
3442 4362 3654 4476 emne.
3428 4598 4851 4780 dise verantwortere verharretend nach
3431 4746 4774 4914 mahlen daruff, wan diser abgeleibte
3408 4845 4829 5021 vff so vielfaltiges betten vnd anhalben
3415 4963 4852 5142 mir ein wort geredt, vnd sich herrekennen
3403 5095 4813 5253 geben, were solches alles vnderwegen
3408 5198 4778 5372 bliben, Weilen er sich aber zu so viel
3398 5290 4858 5491 vnderschidenlich mahlen an fensteren, thuren
3401 5407 4789 5589 by so stater nächtlicher Zeit verspuren
3406 5519 4794 5708 laßen, kein wort reden wollen, sy schon
3385 5617 4819 5799 hie vor schaden erlichen, als welche an einer
4418 5762 4819 5929 einsamen
