5472 7296
1534 782 2553 1008 Christen gfeller.
943 666 1167 836 166.
1229 972 2753 1291 Dienstohl der von Thorberg alhar ge¬
1271 1139 2734 1366 brachte Christen Greller durch Ihren
1276 1204 2746 1439 herren heimblicher holzer als verordnen.
1278 1279 2662 1502 ten Examinatoren, hern Landtvogt
1240 1372 2675 1620 Niclaus Sturber herren altvogt von
1281 1446 2657 1689 Thorberg Adrian Penner, vnd hr.
1238 1557 2691 1787 Großensteibel im Hoff vber die von
1270 1665 2665 1865 Thorberg eingelangte klagpuncten
1273 1748 2649 1935 so woll erfestnförtig, als mit der
1252 1838 2646 2036 marter war aufgezogen und auch
1274 1926 2642 2104 mit dem 25.t stein examinirt
1289 2012 2643 2199 worden. Ist er doch so wohl mit, als
1276 2085 2675 2284 ohne marter daruff bestendig ver¬
1284 2179 1531 2317 bleben.
1241 2275 2746 2568 Er habe nit mehr als 4. junge Landtschi
1264 2430 2688 2609 Schaf Andres Mater von Arment
1249 2503 2505 2701 wëndt, uß seinem Sommerhüttli.
1265 2645 2608 2914 Item habe er mit hilff seiner fr
1226 2783 2573 2991 Im wantzenwird zweyen jungen
1236 2862 2571 3042 mit namen bubenkusten stellen
1230 2950 2545 3119 Im spycher boren vnd mit der
1214 3017 2566 3201 loch tagen darhinder wollen ver¬
1236 3131 2532 3287 meinend etwas zubekomene
1212 3190 2560 3381 wylen es ein beinger winter gei
1204 3275 2572 3446 und sy nit zu eßen gehabt habind
1206 3363 2578 3543 aber nit ein fater bekennen, syn
1195 3433 2592 3602 fr auch zwar erwütscht worden, aber
1188 3511 2478 3694 Ihme habe man mit nachgesetzt.
1204 3645 2617 3837 Berners habe er zwar seinem vetteren
1226 3761 2596 3930 2 komet genomen, er sye ihme aber
1223 3855 2525 4030 schuldig, und solche mit 20 bahnlärt
1207 3928 1389 4045 gsin.
1136 3996 2579 4174 Denne ist er auch bekannt worden, das
1201 4135 2602 4311 er vermitlest eines dem Thaggeerg
1164 4210 2518 4357 zu thun angebenes faltsches zedel
1204 4271 2583 4461 als hette solches zu Abraham Lukhart
1187 4381 2546 4513 geschriben ein auch bekommen er
1188 4465 2545 4611 ye aber damahlen sein herren lutherts
1168 4538 2460 4682 bott gsin und habind sy mit ein
1173 4618 2530 4759 ander gehuechet, vnd sie hiemit
1160 4693 2583 4872 nit ohne syne erlaubt aus beschechen
1139 4821 2525 4974 Berners und wyters wie ihme mit
1136 4931 2513 5089 der Marter angesetzt worden, hat
1148 5006 2475 5154 er nüt bekennen wollen, vnd was
1140 5090 2518 5228 weidte Ihne vßers obigen bekanten
1136 5157 2476 5308 gezüget worden, sye aus meid und
1101 5243 2518 5394 Goß von synen Sacheren beschechen.
1093 5354 2459 5525 Aber die vbrigen unter den wegen der
1129 5454 2486 5572 4 Schaffen die Hans friden von Brem¬
1134 5533 2437 5652 garten kirchhor velling 5 wochen ledigen
1132 5604 2414 5749 verlohren kind hinder ihme gsellen
1126 5685 2493 5824 gefunden worden, die er widrumb bekommen.
2291 5771 2458 5901 hat
3448 1070 4980 1285 Hat er erstlich disere klag vernemmet, mit
3473 1207 4973 1394 vnd ohne Marter, daß er die selbige gestolen
3465 1274 4961 1469 mit vermelden, es sye also beschaffen, daß
3450 1369 4883 1556 die Thürli by dem allmenten ganz schlecht
3420 1439 4868 1650 beschaffen, vnd die Schaaffes Holtz vnß zu
3420 1532 4895 1728 seinem hauß getrungen, am einten vnd
3457 1613 4647 1788 anderen ohrt über nacht bliben.
3366 1716 4890 1910 wegen bendicht Stellers anklag er habe
3451 1823 4861 2013 3 schaf verlohren, darvon eins so hinder
3414 1910 4912 2081 ihme gfeller gefunden worden wider
3398 2001 4860 2205 umb zukommen, der anderen 2 aber noch
3412 2081 4029 2215 verlürstig sye.
3353 2183 4914 2398 hat er von einichem diebstall mit wessen
3422 2302 4885 2454 wollen und solches mit und ohne marter
3422 2376 3860 2477 vernemet.
3358 2484 4861 2677 daß Christen hoffer vnd dannd Stettler beid
3393 2595 4818 2778 des grichts walkringen gezüget, daß sy
3396 2699 4795 2855 dise obige schaf beiden Menneren zu
3411 2775 4779 2939 gestelt die gfeller ein zeit lang für
3366 2868 4797 3018 das synige in und außtryßen laßen.
3331 2963 4825 3139 Hat er wie hierben vermeldet, sich be
3411 3060 4755 3226 antwortet, es seyen die schaft von
3412 3154 4735 3306 einem ohrt an das ander hosen,
3375 3231 4701 3393 habe aber keins darvon genommen.
3293 3363 4752 3516 daß er synem Vettern Bendicht die 2
3366 3456 4710 3601 stuken, so er Pfeller spenden laßen
3376 3545 4618 3690 ohngeacht, daß sy durch burgschafft,
3396 3628 4716 3763 gelediget gsin auß seiner weidge
3370 3710 4673 3822 nommen und heimb geführt darvon
3379 3786 4688 3909 zuuor eine widerumb bekommen, die
3380 3857 4547 3995 andter aber nit mehr gesechen
3332 3925 4661 4073 eantwortet er sich gedachter sein
3349 4018 4537 4152 frundtendicht, sye ihme ein
3359 4091 4638 4238 gwüße summ schuldig, deßwegen er
3365 4179 4631 4325 ihme auch zu erkennt worden und
3348 4267 4618 4396 ven darumb schrifften verhanden
3341 4343 4684 4490 Ja es sye so weit kommen, daß er hert
3339 4429 4634 4587 Bendicht, 4. stutten schetzen laßen,
3333 4516 4634 4663 die habe er zwar vff vielfaltiges
3332 4606 4635 4742 zusprechen, ihme widerumb gefolgen
3323 4682 4653 4836 laßen, der hoffnung daß er Ihne zalen
3323 4753 4644 4898 werde, wylen es aber nit beschechen und
3337 4838 4628 4970 er solche stutten hinder ein anders
3312 4914 4665 5053 fricht getriben habe er vff Inso griffen
3310 4983 4641 5148 die Ihme schon zuvor zu erkennt gsin,
3296 5056 4698 5193 darvon eine ihme bendicht widerumb
3317 5156 4738 5262 zukommen, die andere aber habe er gfeller
3321 5223 4677 5362 umb wyn verthauschet und sye ihme
3299 5277 4617 5424 gedächter syn fründ zu diser freunden
3314 5358 4034 5484 noch mehr schuldig.
3252 5408 4658 5571 daß er dan getreütet, es muße noch einer
3323 5516 4683 5645 ander Ihnen sterben hat er solches mit
3300 5590 4704 5727 und ohne Marter bestendig vereinet.
4427 5678 4626 5798 von
3125 834 3336 995 167.
