5472 7296
1361 864 2908 1132 kein handwerk, sonder habe sich iederweilen
1361 992 2881 1226 im Soldaten wesen vffgehalten, vnd noch¬
1350 1113 2883 1355 verschinnen Dienacht im Elsas in diensten
1342 1220 2868 1458 H Obersten Chomberts. Als er aber neben
1360 1343 2836 1569 den anderen nit bezalt werden können,
1336 1467 2884 1698 seye er vermittels eines anderen, so für ihne
1349 1597 2885 1813 dargestanden, ledig worden, sich von dorten hin
1348 1716 2883 1929 weg gemacht, bald hier bald dorf uffgehalten
1346 1831 2761 2032 mit dem brich gehabten gelt pferd und
1337 1949 2863 2171 anders, durch kaufft, verkaufft vnd gehandelt
1342 2077 2820 2286 darauff gan Biel, vnd von dannen gan¬
1340 2198 2853 2434 dicirten kommen, seinen Sohn alda angetroffen
1323 2317 2811 2514 ed weilen er übel bekleidet gsin, sein fr
1342 2434 2857 2667 von Fryburg dahin beschicken laßen. Dieweilen
1338 2583 2815 2765 aber uß seiner frauwen schryben, so sy ihme
1330 2681 2704 2870 alhar geschickt abgenemmen gsin, daß er
2699 2789 2767 2863 .
1321 2801 2798 3007 andere böse stuck mehr begangen, ist er ver¬
1325 2962 2824 3126 gmahnt worden gründtlich angezeigen, worumb
1317 3049 2762 3244 er nit gan Fryburg selbsten gangen, wüßen
1322 3166 2822 3348 wol, was er verfählt habe, hatter bekennt.
1310 3275 2800 3488 Er seye von Fryburg by drey jahren
1334 3432 2798 3611 dahar bannisirt, sein vorhaben seye letstlich
1301 3517 2759 3687 gsin mit der weigen stutzen, dieser zu
1307 3619 2803 3808 Pfauwen ertraubt, naher Zurzach ze führen,
1310 3752 2819 3920 seye aber von vierzimmermannen zu Buchser
1301 3845 2795 4032 als er vff Jegistorff zu wollen, vnd dem
1296 3960 2815 4152 weg nach gefragt, uffgehalten worden. Bekent,
1297 4061 2785 4241 auch, als ihne einer von disen erwütscht haben.
1294 4188 2773 4311 er seinen auffter, welchen er von einem
1275 4303 2786 4483 schuhmacher knaben zu Solothurn umb 14 bz und
1272 4386 2758 4584 2 maß wenn erkaufft (dann er sonst wegen
1274 4514 2780 4697 seines alters kein wehr getragen, herfür ge
1257 4610 2759 4792 zog und darmit ihne ze forchten machen wollen.
1278 4738 2754 4899 damit er ihne gehen lasse, seye aber nicht
1254 4842 2767 5024 vorhabens gsin ihre zu erschießen, dan derselbig
1272 4930 2717 5122 nicht viel nutz, und weder 10 mahlen nit
1274 5040 1896 5225 einest fewr gebe.
1087 5201 2756 5427 befragt, ob er nicht auch hievor zu Buchste
1223 5342 2766 5525 gefängklich angenommen worden, hatt er solches
1211 5463 2738 5661 vernemmete aber darbey vermeldet, daß zwar
1315 5570 1416 5636 weg
1239 5581 2690 5739 von by sich gehabten gengels, volaille er dem
1236 5691 2724 5840 herren vogt einem alten herren zugeführt, aber
1239 5777 2756 5937 widerumb ledig gelaßen, vnd ihme vfferlegt,
2266 5917 2529 6068 worden
1058 710 1208 864 84.
3159 739 3379 864 85.
3520 906 5078 1132 worden, denen, so ihne zugebracht, jedem aben ze geben.
3516 1059 4988 1268 geruffe sich hierumb uff den herren vogt Bred
3510 1151 3955 1330 Statthalter.
3475 1344 5076 1592 Die ursach aber worumb er von Fhryberg bereiten
3465 1478 4976 1667 hirt, sagt, daß er zwey pferdt entfrömbdet, das
3513 1585 4965 1796 einte seye ihme von etlichen schwartz buben,
3499 1663 4923 1896 denen er vnverhoff kommen, vnd mit ihnen
3517 1782 4934 1988 truncken, verkaufft worden, das ander
3473 1922 5008 2149 habe er nicht weit von Liebe weil genommen,
3477 2047 4976 2247 seye aber alsbald entdeckt, solches ihme
3484 2170 5008 2367 abgenommen worden, und er darüber in die
3454 2275 5005 2527 gefangenschafft kommen, des als er ohnge¬
3482 2400 4981 2617 acht diser Barnication und eydtsverwysung
3480 2552 5007 2717 sich nacher Fryburg und von dannen zu
3483 2663 4997 2861 bezeüchung einer schuld gen remont begeben.
3463 2754 5002 2979 seye er erkent verleidet, darüber eingezogen,
3469 2871 4976 3093 lar vffgezogen, vnd entlich vns seiner fry
3445 3029 5015 3229 ferbitt nur an das halsysen gestelt worden.
3436 3151 4987 3411 befragt, ob er nicht auch zu Barburg pfange
3460 3324 4954 3509 gsin, hatt er geantwortet, er seye zwar
3457 3428 4938 3603 us muthmaßung und sonderlich daß er em
3463 3520 4988 3729 schönes ehrlin by sich gehabt, eingelegt, aber
3466 3620 4943 3800 widerumb ledig gelassen worden, so seiner
3464 3730 4995 3925 red nach zur zeit herren obervogt Bryßen beschechen.
3349 3826 4893 4083 Weilen er nun nichts schners bekennen,
3441 4029 4971 4199 wollen, ist er lär vffgezogen, vnd darauff
3449 4127 4955 4308 mit dem 25 pfundig sein gefeckt worden.
3450 4240 4937 4426 der hatt darüber bekent. Er habe seinem
3436 4359 4887 4537 frunden Chasset, so gestorben und ein stund
3459 4442 4867 4623 nach by demand wohnhafft gsin, einen
3445 4540 4902 4728 frauwen Benach genommen, vnd darmit in
3416 4652 4932 4840 Franckenrich Jag, welches er zu Fryburg,
3430 4778 4882 4933 obwolen es vor seiner bannssaon beschechen,
3426 4871 4941 5030 nit bekennt, habe auch gedenckt, sein frund
3426 4983 4406 5143 werde nicht drauff setzen.
3352 5136 4851 5305 Als aber muthmaßlich, daß er sein herr
3424 5250 4881 5412 noch nicht geraumbt, ist er nochmahlen mit
3416 5332 4818 5510 dem 25 teber sein uff gezogen worden, hat
3404 5440 4894 5599 aber nichts bekennen wollen, weder daß
3416 5536 4916 5709 er etwan hüner genommen zwar im kriege
3420 5622 4883 5804 wesen habe er sein bestes gethan im Bauren
3391 5730 4761 5851 berig seye er vnder dem Iren Gerhard von
3403 5824 4867 5993 diefbach, der ihme bekolchen zu commundiren geritten.
4247 5910 4621 6070 ledtlichen.
