5472 7296
977 695 1154 837 92.
1349 835 2905 1129 einsamme sind, seye er hieran selbs die eintzige
1347 983 2880 1210 schuld und ursach, wend wan man diser
1344 1111 2829 1304 gebruderen Lebwesen nachforschung halte,
1350 1255 2873 1459 werde es sich erfinden, daß sy Gotsforchte
1352 1365 2775 1553 tig, still, einzogen, vnd niemahlen in
1343 1497 2658 1695 ginche vngelegenheit kommen seyind.
1238 1784 2835 2028 Nach anhörung nun disers beid seitigen ein¬
1349 1981 2757 2145 reinens, warend nachvolgende kundt¬
1317 2068 2821 2287 schafften verhört, Vnd erstlich vff seithen
1337 2177 2298 2378 der klagenden parthey
1448 2402 2643 2609 Peter wyß uß dem Brandholtz
1216 2685 2788 2884 zeüget, daß nachdem er verscheinen sontag
1316 2810 2791 3002 zu bele zu Predig gsin und widerumb
1324 2932 2780 3111 naher haus kommen, er vermeint habe den
1306 3036 2656 3216 abgeleibten Lienhard Guggisperg zu
1305 3149 2805 3354 Bönishaus anzetreffen, seye aber nicht
1305 3273 2767 3453 alda, sondern zu Nidermahleren gsin, den
1300 3382 2787 3571 habe er angeredt, daß er ihne auch scharen
1309 3513 2780 3689 wolle, weilen er andere mehr auch ge¬
1297 3651 2757 3807 shoren, als er nun gesehen, das die anderen
1321 3747 2719 3920 by diser verrichtung ein halbe talt vnd
1306 3842 2798 4024 truncken, habe er sich auch erbotten, ein halbe
1274 3945 2773 4144 gekauffen, ein gleiches habe der abgeleibte
1276 4078 2679 4248 ze thun sich erbotten, welches er gezeüg
1302 4177 2736 4366 aber ihme gewehrt und gesagt, sich habind
1284 4287 2761 4472 gung mit diser halben ohngeacht deßen, habe
1299 4414 2723 4596 der abgeleibte ein gantze maaß genommen,
1294 4521 2765 4694 eher aber der wein ußgsin, seye er der
1273 4633 2736 4812 Gezeug heimgangen, doch zuvor ihme Lien¬
1258 4770 2717 4919 haro sel solches angezeugt, er wolle gehen,
1285 4841 2740 5032 und gefragt, ob er kommen wolle, der
1254 4967 2692 5165 habe gesagt, ja, seye aber nicht beschechen,
1271 5081 2744 5253 werind, aber nicht weit mit ein anderen
1260 5204 2772 5379 gangen, weilen sich der weg scheidet, seder
1269 5309 2722 5496 Lienhars sel habe zu Brand holz erbsgeben
1236 5426 2620 5625 habt und gesagt, er wolle sy mörders
1251 5544 2612 5729 tröschen und allda seinen betreit haben
1240 5650 2679 5831 seye ihme nutzer, als naher Bern ze
2395 5806 2676 5949 gehen.
3796 2620 3803 2621 der Wirth zu Nidermahleren vnnd
3168 773 3377 898 93.
3506 958 4985 1229 gehen. Als diser gezeüg sein Lienhards sel
3530 1118 4938 1314 ebwesens halb befragt wurde, hat er ge
3487 1200 4890 1440 ezeiget, er seye den leüthen nicht mächtig
3528 1338 4932 1552 überlegen, sondern lieblich und lästig gsich
3518 1442 4924 1628 und den leuthen gedienet, wan er etwas
3509 1600 4776 1739 gewonnen, habe er es mit gutten
3510 1682 4885 1875 fründen verbraucht, hievor zwar zum
3514 1799 4828 1984 sheiten mit etlichen vergelegenheit
3486 1907 3758 2075 gehabt.
3452 2017 4950 2232 von Benucht synet, dan wüße er gantz
3493 2150 4963 2330 nichts ungebührliches ze reden, seye rauw
3468 2231 4942 2441 gsin, daß dise beide aber einiche führen
3475 2368 4887 2567 schafft mit einandern gehabt, seye ihme
3484 2476 4273 2652 gantz nicht in waßen.
3654 2621 4905 2879 der Wirth zu Nidermahleren vnnd
3646 2808 4840 2996 sein bruder Niclaus und deschel
3637 2913 4489 3102 Schmid zeügend zugleich.
3460 3152 4886 3327 iser abgeleibte seye zu ihnen in das Haus
3467 3252 4847 3438 beschickt worden, die kinder zu Schuren,
3454 3359 4915 3545 vnd seye ohngefahrlich vmb drey Vhren an¬
3431 3484 4887 3634 kommen, hernach habe er auch den hochzeiter
3444 3617 4840 3761 so da gsin, geschorren und vast zwo stund
3455 3707 4835 3873 mit ihme zugebracht, sein bruder delichel
4760 3845 4802 3914 .
3436 3805 4928 4006 habe gesagt, er wolle ihme Lienhard wegge
3452 3938 4836 4113 sperg ein halb maß zahlen, er Lienhard
3433 4054 4957 4214 habe darüber auch anbotten ein gleiches zethun
3426 4146 4863 4323 und seyind by drey halb maßen getrunken
3430 4269 4825 4429 worden, er der Lienhard habe mit ihnen
3408 4354 4793 4546 zelt, wie daß er vernommen, daß sy korn
3441 4479 4863 4658 verlohren, auch noch ein halb maß begehrt,
3425 4613 4844 4774 welches der wirth gewehrt, und gesagt
3406 4676 4777 4869 Lienhard die must gehen, hiemit habe
3422 4780 4763 4978 der wirth das liecht genommen, ihme
3404 4898 4812 5085 heraus gefundet und gesehen, daß er
3425 5029 4736 5175 neben dem Scheinlin hinab hinweg
3413 5135 3731 5260 gangen.
3972 5140 4750 5298 seines Lebwesens.
3384 5236 4789 5410 halber Zeugete er, daß diser Lienhard
3397 5352 4789 5530 sel, als er noch mitel gehabt, liederlich
3381 5455 4689 5605 gsin seye, seye aber widerumb ein
3385 5557 4738 5735 gutter Werchman worden. Es werde
4285 5696 4482 5809 auch.
