5472 7296
980 644 1218 771 126.
1363 750 2822 1044 Ein erst gehaltenen landtag zu
1461 896 2922 1172 Conolfingen, wider Hanns Ange¬
1480 1003 2625 1209 spurger gefeltes urkund
1298 1150 2930 1489 Ich Hanns Läderach Frey weybel
1372 1310 2918 1615 von Anderen theil des Landtgrichts Kowal
1326 1418 2906 1691 fingen thun khund offentlich vormit, daß
1368 1549 2856 1761 vff Montag den zwentzigsten liegen.
1310 1638 2888 1875 monats deß lauffenden 1662 Jahrs
1340 1750 2822 1955 Als ich In name vnd anstatt die
1314 1857 2852 2091 hochgeachten woledlen, gestrengen
1299 1977 2853 2215 fromm füren fürsichtig bend hoch
1308 2090 2879 2366 weisen herren herren schultheißen
1299 2207 2795 2396 bnd rath der statt Bern meine
1273 2327 2800 2563 hochgeehrten, Jnedigen gebietenden
1264 2448 2757 2630 herren und oberen zu gedachten
1276 2547 2773 2740 Konolfingen by dem Landstul an
1297 2664 2831 2868 Freyer landtstraß zu Gricht fas und
1325 2775 2757 2973 in offerem landttag recht hielt.
1301 2881 2770 3071 vor mir vnd den nachgemelten
1286 3007 2813 3203 vier und zwentzig geschwornen hiehen
1315 3114 2787 3315 ernamset und bericht erschein
1282 3217 2798 3439 ist der hochgeacht ehren und tochtest
1277 3328 2745 3532 fürnemmen fürsichtig und hochweise
1245 3460 2789 3674 Herr zu Sammel Frischung deß
1276 3582 2777 3773 läglichen raths der statt haeri und
1285 3702 2764 3893 Peier disers Landtgrichts aus be¬
1222 3818 2783 3995 velch vnd geheiß hochgedacht Meiner
1264 3930 2710 4100 H. vnd Oberen vnd ließe zu
1260 4037 2716 4216 In recht erkenter Zeit vnd stund
1230 4168 2714 4335 durch seinen mit vrtheil und recht
1243 4269 2707 4439 Ihmme erlaubten zursprechen den
1243 4361 2768 4553 ehrsammen und wolbeschworen andre
1205 4469 2763 4650 Mooher deß grichts signaund eroffen,
1199 4587 2737 4775 wie daß jungst verschienen 24 tag
1204 4701 2710 4868 Angstmonats barers Angschunger
1226 4791 2732 4968 von die balds hausen, deß grichts letzingen
1194 4904 2703 5077 zwüschen tag und nacht derwerthen
1185 5012 2749 5185 daselbsten, namens Anna Scherterleib
1206 5106 2709 5248 in dem wirtshauß alda einen solchen
1169 5228 2670 5392 handtstoß gegeben, daß sy darüber
1184 5292 2621 5499 alßbald zu boden gefallen unnd
1176 5447 2582 5616 Mornders darvon gestorben:
2270 5539 2550 5752 Vnnd
3517 1169 4843 1346 unnd die wylen die raach disers
3506 1228 5027 1457 begangenen thodschlags von dero eheman
3522 1384 4971 1578 vnd nechsten verwanten, hochermelt
3487 1488 4942 1663 ihr gnaden überlaßen worden, als
3507 1591 4906 1760 hat wolgedachter Herr Reinig in
3492 1700 5000 1900 namen mahl und beberen ihne aug
3435 1809 4966 2002 spurger deßwegen in das recht gevor
3454 1938 4914 2108 dert und begehrt an einer urtheil zer
3461 2054 4855 2233 fahren, wesen er sich hierüber wyßen
3460 2147 4895 2309 zu verhalten habe. Hierüber nun lie
3486 2244 4848 2433 vff gethanen Rechtsatz, vnd min de
3446 2341 4961 2554 richters umbfrag gerecht erkennt und
3484 2461 3992 2607 gesprochen.
3424 2541 4893 2771 daß erstlich die kleider der abgeleibten
3445 2678 4915 2898 herfürgeleget der king an vier ohrten
3447 2810 4939 3020 geöffnet und ihme Hanns Augspurger
3452 2909 4877 3106 zu dreyen underschiedlichen mahlen her
3430 3020 4909 3192 fürgerufft werden, sölle herfür ze tre
3453 3154 4915 3314 und sich umb obigen an bemelter scher
3407 3238 4914 3422 verleib begangenen thodschlag, da die
3440 3348 4973 3482 vortzeichen verhanden ihre obvermelt
3430 3462 4904 3624 ze beantworten. Alß nun solchem
3405 3551 4884 3739 gott beschechen, ermelter angsperg
3441 3662 4895 3843 aber nicht erschinnen. Hat ehrenge
3350 3760 4848 3943 dachter Herr kennen solches aber
3402 3875 4696 4045 mahlen zum rechten setzen laßen
3393 3954 4904 4165 woruff widerumb uff myn des richts
3425 4071 4853 4242 umbfrag zu recht erkennt und ge¬
3358 4169 4854 4356 esprochen worden, daß erstlich der
3407 4287 4852 4450 Ring widerumb an den hier Ohrten
3387 4386 4702 4533 beschloßen werden, auch daß der
3384 4463 4797 4665 ersten landtag laut mahl ke
3386 4584 4801 4742 oberen satzung verführt unnd
3381 4677 4777 4858 hochermelter Herr Heiner wol
3379 4798 4828 4972 befüegt sein solle mit dem ander
3368 4895 4733 5053 landtag vortgesetzen. Als ein
3364 5001 4791 5179 diser ergangenen vertheil offt ehr
3379 5108 4778 5261 gemelter Herr keiner als kleg
3373 5195 4784 5382 eines erkhunds begehrte, ward
3357 5320 4816 5492 solches hinder mynem des Richter
3323 5406 4839 5592 Insigel erkennt, durch die ehrsammen
4572 5534 4757 5666 vom
3166 785 3385 932 127.
