<?xml version="1.0" encoding="UTF-8" standalone="yes"?>
<PcGts xmlns="http://schema.primaresearch.org/PAGE/gts/pagecontent/2013-07-15" xmlns:xsi="http://www.w3.org/2001/XMLSchema-instance" xsi:schemaLocation="http://schema.primaresearch.org/PAGE/gts/pagecontent/2013-07-15 http://schema.primaresearch.org/PAGE/gts/pagecontent/2013-07-15/pagecontent.xsd">
    <Metadata>
        <Creator>prov=University of Rostock/Institute of Mathematics/CITlab|PLANET AI GmbH/Gundram Leifert/gundram.leifert@planet-ai.de:name=German_Kurrent_XVI-XVIII_M1(htr_id=19584)::::v=2.6.6
prov=University of Rostock/Institute of Mathematics/CITlab|PLANET AI GmbH/Tobias Gruening/tobias.gruening@planet-ai.de:name=de.uros.citlab.module.baseline2polygon.B2PSeamMultiOriented:v=2.6.6
prov=University of Rostock/Institute of Mathematics/CITlab|PLANET AI GmbH/Tobias Gruening/tobias.gruening@planet-ai.de:name=/net_tf/LA73_249_0mod360.pb:de.uros.citlab.segmentation.CITlab_LA_ML:v=2.6.6
Transkribus</Creator>
        <Created>2020-10-05T12:36:16.288+02:00</Created>
        <LastChange>2023-06-15T14:17:58.579+02:00</LastChange>
        <TranskribusMetadata docId="1334833" pageId="52361287" pageNr="42" tsid="127035498" status="IN_PROGRESS" userId="42748" imgUrl="https://files.transkribus.eu/Get?id=ZTDASUGCUURBLAKAWZUYYGYP&amp;fileType=view" xmlUrl="https://files.transkribus.eu/Get?id=NRALSMWABAFTBXGLFPTCEREE" imageId="16048892"/>
    </Metadata>
    <Page imageFilename="Turmbuch_StAB B IX 478_00042-20200925_092313.jpg" imageWidth="5472" imageHeight="7296">
        <ReadingOrder>
            <OrderedGroup id="ro_1687513712663" caption="Regions reading order">
                <RegionRefIndexed index="0" regionRef="TextRegion_1686831394332_1511"/>
                <RegionRefIndexed index="1" regionRef="TextRegion_1686831394331_1510"/>
                <RegionRefIndexed index="2" regionRef="r3"/>
                <RegionRefIndexed index="3" regionRef="TextRegion_1686831447245_1531"/>
                <RegionRefIndexed index="4" regionRef="TextRegion_1686831447245_1530"/>
                <RegionRefIndexed index="5" regionRef="TextRegion_1686831439419_1526"/>
                <RegionRefIndexed index="6" regionRef="TextRegion_1686831437647_1522"/>
            </OrderedGroup>
        </ReadingOrder>
        <TextRegion orientation="0.0" type="heading" id="TextRegion_1686831394332_1511" custom="readingOrder {index:0;} structure {type:heading;}">
            <Coords points="1032,797 2872,809 2856,1141 1041,1141"/>
            <TextLine id="line_1686831394561_1514" custom="readingOrder {index:0;}">
                <Coords points="2253,1141 2288,1119 2325,1141"/>
                <TextEquiv>
                    <Unicode>dachdem er wegen erleüschen begangenen</Unicode>
                </TextEquiv>
            </TextLine>
            <TextLine id="r1l1" custom="readingOrder {index:1;}">
                <Coords points="1022,937 1048,937 1085,902 1127,911 1149,890 1159,898 1191,887 1189,819 1169,824 1127,811 1117,815 1107,807 1067,838 1039,819 1019,825"/>
                <Baseline points="1032,910 1057,904 1082,900 1107,897 1132,897 1157,901 1182,908"/>
                <TextEquiv>
                    <Unicode>78.</Unicode>
                </TextEquiv>
            </TextLine>
            <TextLine id="r2l1" custom="readingOrder {index:2;} person {offset:0; length:13;}">
                <Coords points="1592,1007 1721,954 1802,987 2009,940 2237,974 2481,954 2480,808 2334,821 2105,901 1969,866 1856,791 1590,807"/>
                <Baseline points="1602,962 1645,958 1688,954 1732,952 1775,950 1819,948 1862,946 1905,946 1949,946 1992,946 2036,946 2079,946 2122,946 2166,946 2209,946 2253,946 2296,948 2339,948 2383,948 2426,948 2470,948"/>
                <TextEquiv>
                    <Unicode>Geatt im Hoff</Unicode>
                </TextEquiv>
            </TextLine>
            <TextLine id="r2l2" custom="readingOrder {index:3;}">
                <Coords points="1647,1067 1861,1085 1909,1065 2079,1109 2177,1061 2305,1123 2455,1059 2455,1009 2297,957 2229,977 2089,943 1827,1001 1725,953 1647,1001"/>
                <Baseline points="1658,1050 1697,1048 1736,1045 1775,1043 1815,1041 1854,1040 1893,1040 1933,1040 1972,1040 2011,1040 2051,1042 2090,1042 2129,1042 2168,1044 2208,1044 2247,1044 2286,1044 2326,1044 2365,1044 2404,1044 2444,1042"/>
                <TextEquiv>
                    <Unicode>der vogtey buchser.</Unicode>
                </TextEquiv>
            </TextLine>
            <TextEquiv>
                <Unicode>dachdem er wegen erleüschen begangenen
78.
Geatt im Hoff
der vogtey buchser.</Unicode>
            </TextEquiv>
        </TextRegion>
        <TextRegion orientation="0.0" type="paragraph" id="TextRegion_1686831394331_1510" custom="readingOrder {index:1;} structure {type:paragraph;}">
            <Coords points="1053,1161 2856,1141 2856,5116 1097,5118"/>
            <TextLine id="line_1686831394561_1513" custom="readingOrder {index:0;}">
                <Coords points="1389,1195 2102,1236 2253,1141 2325,1141 2400,1184 2592,1212 2642,1169 2822,1221 2822,1310 2265,1317 2090,1262 1837,1325 1731,1269 1389,1279"/>
                <Baseline points="1398,1288 1468,1284 1539,1282 1610,1278 1680,1274 1751,1272 1822,1270 1892,1268 1963,1268 2034,1266 2105,1266 2175,1264 2246,1264 2317,1266 2387,1266 2458,1268 2529,1270 2599,1273 2670,1276 2741,1280 2812,1284"/>
                <TextEquiv>
                    <Unicode>dachdem er wegen erleüschen begangenen</Unicode>
                </TextEquiv>
            </TextLine>
            <TextLine id="r2l4" custom="readingOrder {index:1;}">
                <Coords points="1337,1428 1813,1427 1892,1380 1955,1428 2092,1387 2142,1425 2348,1385 2404,1431 2496,1374 2582,1420 2808,1400 2807,1328 2733,1315 2148,1345 1990,1286 1886,1354 1692,1284 1576,1349 1336,1308"/>
                <Baseline points="1346,1398 1418,1395 1491,1392 1563,1390 1636,1388 1709,1386 1781,1383 1854,1380 1926,1379 1999,1378 2072,1376 2144,1376 2217,1376 2289,1376 2362,1376 2435,1378 2507,1380 2580,1382 2652,1384 2725,1389 2798,1394"/>
                <TextEquiv>
                    <Unicode>That mit einem Thorrechten Sceptlin in der</Unicode>
                </TextEquiv>
            </TextLine>
            <TextLine id="r2l5" custom="readingOrder {index:2;}">
                <Coords points="1318,1536 1922,1537 2298,1467 2846,1541 2845,1441 2750,1471 2534,1393 2406,1443 2098,1387 1962,1437 1904,1386 1836,1438 1318,1442"/>
                <Baseline points="1328,1496 1403,1493 1478,1490 1554,1488 1629,1485 1705,1482 1780,1479 1855,1477 1931,1474 2006,1472 2082,1472 2157,1470 2232,1470 2308,1471 2383,1473 2459,1475 2534,1480 2609,1485 2685,1490 2760,1498 2836,1506"/>
                <TextEquiv>
                    <Unicode>Thorgrichtlichen gefangen schafft lang enthalten, auch</Unicode>
                </TextEquiv>
            </TextLine>
            <TextLine id="r2l6" custom="readingOrder {index:3;}">
                <Coords points="1313,1642 1443,1593 1651,1649 1759,1592 1905,1644 1975,1591 2265,1638 2447,1572 2523,1627 2846,1632 2846,1572 2660,1489 2478,1530 2300,1468 1769,1554 1373,1516 1313,1560"/>
                <Baseline points="1324,1598 1399,1596 1475,1594 1550,1591 1626,1588 1702,1586 1777,1582 1853,1578 1928,1576 2004,1573 2080,1572 2155,1570 2231,1570 2306,1570 2382,1572 2458,1574 2533,1578 2609,1584 2684,1591 2760,1598 2836,1610"/>
                <TextEquiv>
                    <Unicode>sners durch gedachtes th�rli deß nöthzwanges</Unicode>
                </TextEquiv>
            </TextLine>
            <TextLine id="r2l7" custom="readingOrder {index:4;}">
                <Coords points="1310,1730 2415,1666 2865,1737 2865,1669 2593,1608 2511,1646 2425,1590 2367,1640 2028,1590 1898,1648 1452,1594 1310,1646"/>
                <Baseline points="1320,1686 1396,1690 1473,1690 1550,1690 1627,1688 1704,1686 1780,1684 1857,1681 1934,1678 2011,1674 2088,1672 2164,1670 2241,1668 2318,1668 2395,1670 2472,1672 2548,1676 2625,1683 2702,1692 2779,1703 2856,1716"/>
                <TextEquiv>
                    <Unicode>beklagt worden, deßwegen in die obere gegen</Unicode>
                </TextEquiv>
            </TextLine>
            <TextLine id="r2l8" custom="readingOrder {index:5;}">
                <Coords points="1316,1818 1897,1779 2062,1848 2193,1766 2310,1764 2407,1820 2535,1774 2612,1830 2785,1793 2783,1695 1314,1724"/>
                <Baseline points="1326,1784 1398,1786 1470,1788 1543,1788 1615,1787 1688,1786 1760,1783 1832,1780 1905,1778 1977,1774 2050,1772 2122,1769 2194,1766 2267,1765 2339,1764 2412,1764 2484,1764 2556,1765 2629,1768 2701,1773 2774,1778"/>
                <TextEquiv>
                    <Unicode>fangenschafft kommen, ist er durch wohll</Unicode>
                </TextEquiv>
            </TextLine>
            <TextLine id="r2l9" custom="readingOrder {index:6;} person {offset:8; length:8;} person {offset:24; length:9;}">
                <Coords points="1307,1911 1445,1964 1689,1887 1887,1929 2098,1878 2229,1925 2382,1862 2502,1919 2632,1880 2854,1926 2854,1840 2761,1797 2628,1838 2541,1778 2382,1836 2052,1840 1898,1781 1307,1843"/>
                <Baseline points="1316,1886 1392,1888 1468,1888 1545,1888 1621,1886 1698,1884 1774,1881 1850,1878 1927,1874 2003,1870 2080,1867 2156,1864 2232,1862 2309,1862 2385,1862 2462,1864 2538,1868 2614,1874 2691,1881 2767,1893 2844,1906"/>
                <TextEquiv>
                    <Unicode>denghen gatschet herren lininiger kuhe und rede</Unicode>
                </TextEquiv>
            </TextLine>
            <TextLine id="r2l10" custom="readingOrder {index:7;}">
                <Coords points="1313,2055 1573,2044 1733,1976 1844,2034 2113,1962 2777,1996 2775,1900 2681,1882 2474,1931 2319,1872 2220,1926 2039,1882 1740,1940 1671,1896 1449,1957 1310,1907"/>
                <Baseline points="1322,1990 1394,1990 1466,1990 1538,1988 1610,1986 1683,1983 1755,1980 1827,1976 1899,1973 1971,1970 2044,1966 2116,1964 2188,1960 2260,1958 2332,1958 2405,1958 2477,1960 2549,1962 2621,1967 2693,1973 2766,1980"/>
                <TextEquiv>
                    <Unicode>zeichneten grichtschryber hierüber ernstlich</Unicode>
                </TextEquiv>
            </TextLine>
            <TextLine id="r2l11" custom="readingOrder {index:8;} person {offset:11; length:5;}">
                <Coords points="1324,2115 1585,2073 1726,2124 2029,2055 2233,2063 2328,2127 2415,2070 2663,2115 2801,2079 2800,2007 2689,1969 2578,2028 2269,1956 1851,2034 1734,1975 1557,2052 1323,2019"/>
                <Baseline points="1334,2084 1406,2082 1479,2080 1552,2076 1625,2074 1698,2070 1770,2068 1843,2064 1916,2062 1989,2060 2062,2057 2134,2056 2207,2054 2280,2054 2353,2054 2426,2056 2498,2058 2571,2060 2644,2064 2717,2070 2790,2076"/>
                <TextEquiv>
                    <Unicode>examinirt, Joach in strecke thurn geführt.</Unicode>
                </TextEquiv>
            </TextLine>
            <TextLine id="r2l12" custom="readingOrder {index:9;}">
                <Coords points="1300,2267 1413,2185 1578,2258 1749,2200 2050,2233 2356,2160 2829,2205 2828,2147 2541,2070 2340,2125 1298,2129"/>
                <Baseline points="1310,2192 1385,2192 1460,2190 1536,2188 1611,2185 1687,2182 1762,2179 1837,2174 1913,2170 1988,2167 2064,2164 2139,2162 2214,2160 2290,2159 2365,2160 2441,2160 2516,2163 2591,2168 2667,2172 2742,2181 2818,2190"/>
                <TextEquiv>
                    <Unicode>Hatt aber solchen notschwang keines wegsge</Unicode>
                </TextEquiv>
            </TextLine>
            <TextLine id="r2l13" custom="readingOrder {index:10;}">
                <Coords points="1326,2334 1746,2285 1805,2332 1922,2273 2110,2346 2194,2262 2395,2318 2600,2271 2661,2322 2832,2307 2831,2219 2362,2166 2245,2227 1770,2255 1323,2214"/>
                <Baseline points="1334,2300 1408,2298 1482,2294 1557,2292 1631,2287 1706,2284 1780,2280 1854,2277 1929,2273 2003,2270 2078,2266 2152,2264 2226,2262 2301,2262 2375,2262 2450,2262 2524,2264 2598,2266 2673,2271 2747,2277 2822,2284"/>
                <TextEquiv>
                    <Unicode>stehen wollen, sondern sich mit disen embständen</Unicode>
                </TextEquiv>
            </TextLine>
            <TextLine id="r2l14" custom="readingOrder {index:11;}">
                <Coords points="1338,2405 1582,2438 1839,2362 1982,2440 2480,2356 2851,2419 2837,2289 2452,2338 2195,2261 2112,2344 1919,2273 1840,2336 1744,2285 1682,2334 1564,2296 1337,2345"/>
                <Baseline points="1348,2386 1422,2388 1497,2388 1571,2388 1646,2388 1721,2386 1795,2383 1870,2381 1944,2377 2019,2373 2094,2371 2168,2368 2243,2366 2317,2364 2392,2364 2467,2364 2541,2366 2616,2370 2690,2374 2765,2382 2840,2390"/>
                <TextEquiv>
                    <Unicode>entschuldiget. Es seye zu schme, wie er vff</Unicode>
                </TextEquiv>
            </TextLine>
            <TextLine id="r2l15" custom="readingOrder {index:12;}">
                <Coords points="1328,2522 1418,2564 1535,2500 1608,2553 1792,2547 1952,2471 2175,2509 2460,2466 2683,2532 2835,2501 2834,2447 2563,2380 2453,2432 2281,2379 1950,2441 1731,2375 1612,2439 1326,2442"/>
                <Baseline points="1338,2494 1412,2493 1486,2492 1560,2490 1635,2488 1709,2484 1783,2482 1858,2478 1932,2474 2006,2472 2081,2468 2155,2466 2229,2464 2303,2462 2378,2462 2452,2462 2526,2465 2601,2468 2675,2472 2749,2479 2824,2488"/>
                <TextEquiv>
                    <Unicode>der heim straß gsin, kommen und mit ihme gant</Unicode>
                </TextEquiv>
            </TextLine>
            <TextLine id="r2l16" custom="readingOrder {index:13;}">
                <Coords points="1330,2626 1439,2585 1712,2652 1895,2594 1960,2643 2158,2572 2237,2611 2368,2568 2671,2616 2748,2598 2747,2508 2175,2538 2118,2485 1952,2479 1864,2549 1574,2565 1327,2522"/>
                <Baseline points="1338,2590 1408,2592 1478,2592 1548,2592 1618,2590 1688,2588 1758,2586 1828,2584 1898,2580 1968,2578 2038,2575 2108,2572 2178,2570 2248,2568 2318,2566 2388,2566 2458,2566 2528,2568 2598,2570 2668,2574 2738,2580"/>
                <TextEquiv>
                    <Unicode>willig gangen, Es seye nicht ein mensch,</Unicode>
                </TextEquiv>
            </TextLine>
            <TextLine id="r2l17" custom="readingOrder {index:14;}">
                <Coords points="2768,2592 2782,2594 2787,2592 2792,2597 2796,2595 2798,2597 2808,2598 2814,2547 2800,2545 2783,2555 2773,2554"/>
                <Baseline points="2780,2584 2800,2586"/>
                <TextEquiv>
                    <Unicode>.</Unicode>
                </TextEquiv>
            </TextLine>
            <TextLine id="r2l18" custom="readingOrder {index:15;}">
                <Coords points="1321,2750 1521,2693 1665,2756 1777,2682 2186,2748 2397,2679 2576,2756 2804,2731 2827,2639 1322,2618"/>
                <Baseline points="1332,2688 1406,2688 1480,2688 1554,2688 1628,2688 1703,2687 1777,2686 1851,2686 1925,2686 1999,2684 2074,2684 2148,2684 2222,2684 2296,2684 2370,2686 2445,2686 2519,2689 2593,2691 2667,2694 2741,2698 2816,2702"/>
                <TextEquiv>
                    <Unicode>das man hiring müße, seye der that so</Unicode>
                </TextEquiv>
            </TextLine>
            <TextLine id="r2l19" custom="readingOrder {index:16;}">
                <Coords points="1322,2793 1674,2797 1949,2880 2186,2785 2323,2862 2440,2800 2509,2846 2809,2836 2792,2711 2608,2773 2504,2716 2352,2759 2265,2696 2140,2754 1785,2682 1670,2757 1567,2710 1323,2757"/>
                <Baseline points="1332,2788 1405,2790 1478,2792 1552,2792 1625,2792 1699,2792 1772,2792 1845,2792 1919,2792 1992,2792 2066,2792 2139,2792 2212,2792 2286,2794 2359,2794 2433,2796 2506,2798 2579,2802 2653,2804 2726,2810 2800,2814"/>
                <TextEquiv>
                    <Unicode>wol als er zefriden gsin. Es gehe disem handel</Unicode>
                </TextEquiv>
            </TextLine>
            <TextLine id="r2l20" custom="readingOrder {index:17;}">
                <Coords points="1321,2934 1811,2962 2087,2907 2334,2977 2685,2923 2818,2999 2819,2875 2718,2832 2421,2884 2202,2833 2078,2881 1642,2874 1464,2867 1323,2794"/>
                <Baseline points="1332,2902 1405,2904 1479,2906 1553,2906 1627,2908 1701,2908 1774,2908 1848,2908 1922,2908 1996,2908 2070,2908 2143,2908 2217,2908 2291,2910 2365,2911 2439,2912 2512,2915 2586,2918 2660,2922 2734,2926 2808,2932"/>
                <TextEquiv>
                    <Unicode>vielmahlen nach, wie solches gung zu beweisen</Unicode>
                </TextEquiv>
            </TextLine>
            <TextLine id="r2l21" custom="readingOrder {index:18;}">
                <Coords points="1305,3036 2742,3066 2790,3057 2791,2985 2705,2940 2467,2998 2015,2925 1763,2991 1306,2952"/>
                <Baseline points="1316,3020 1389,3022 1462,3022 1535,3022 1608,3024 1682,3024 1755,3024 1828,3024 1901,3022 1974,3022 2048,3022 2121,3022 2194,3022 2267,3024 2340,3024 2414,3026 2487,3026 2560,3029 2633,3032 2706,3035 2780,3038"/>
                <TextEquiv>
                    <Unicode>und ab seinen beflätig discursen und reden</Unicode>
                </TextEquiv>
            </TextLine>
            <TextLine id="r2l22" custom="readingOrder {index:19;}">
                <Coords points="1313,3140 2043,3138 2196,3187 2347,3139 2802,3191 2803,3101 2606,3032 2201,3107 1962,3041 1840,3095 1699,3027 1586,3089 1315,3038"/>
                <Baseline points="1324,3128 1397,3126 1470,3126 1544,3126 1617,3124 1691,3124 1764,3125 1837,3126 1911,3126 1984,3127 2058,3128 2131,3130 2204,3132 2278,3132 2351,3135 2425,3137 2498,3140 2571,3142 2645,3145 2718,3148 2792,3152"/>
                <TextEquiv>
                    <Unicode>die es mit den Knechten gehabt, abzenemmen</Unicode>
                </TextEquiv>
            </TextLine>
            <TextLine id="r2l23" custom="readingOrder {index:20;}">
                <Coords points="1313,3276 2334,3246 2814,3288 2814,3190 2764,3178 2191,3196 2043,3139 1845,3202 1313,3140"/>
                <Baseline points="1322,3244 1396,3242 1470,3240 1544,3240 1618,3238 1692,3238 1766,3236 1840,3236 1914,3236 1988,3236 2063,3236 2137,3238 2211,3238 2285,3238 2359,3240 2433,3241 2507,3242 2581,3244 2655,3246 2729,3247 2804,3250"/>
                <TextEquiv>
                    <Unicode>wir auch uß dem, daß es hievor mehr mahlen</Unicode>
                </TextEquiv>
            </TextLine>
            <TextLine id="r2l24" custom="readingOrder {index:21;}">
                <Coords points="1315,3360 1439,3417 1711,3352 1883,3407 1987,3356 2625,3399 2740,3359 2740,3293 2516,3250 2007,3316 1790,3255 1457,3313 1315,3272"/>
                <Baseline points="1326,3350 1396,3350 1466,3352 1536,3352 1606,3352 1677,3352 1747,3352 1817,3351 1887,3350 1957,3350 2028,3349 2098,3348 2168,3348 2238,3348 2308,3346 2379,3346 2449,3346 2519,3346 2589,3346 2659,3348 2730,3348"/>
                <TextEquiv>
                    <Unicode>vsgelaßen, Es gehe mit dem Kinde, vnd es</Unicode>
                </TextEquiv>
            </TextLine>
            <TextLine id="r2l25" custom="readingOrder {index:22;}">
                <Coords points="1320,3509 1530,3451 1636,3519 1788,3473 2056,3508 2150,3452 2591,3514 2715,3476 2715,3410 2562,3380 2142,3426 1730,3361 1432,3421 1320,3363"/>
                <Baseline points="1330,3456 1398,3456 1467,3458 1536,3458 1605,3458 1674,3458 1742,3460 1811,3460 1880,3460 1949,3460 2018,3461 2086,3462 2155,3462 2224,3462 2293,3462 2362,3460 2430,3460 2499,3459 2568,3458 2637,3456 2706,3454"/>
                <TextEquiv>
                    <Unicode>wolle hochzeit halten. Hoffe auch, es</Unicode>
                </TextEquiv>
            </TextLine>
            <TextLine id="r2l26" custom="readingOrder {index:23;}">
                <Coords points="1322,3577 1613,3623 1764,3562 1955,3614 2133,3579 2322,3648 2415,3597 2683,3595 2684,3501 2424,3531 2201,3486 2066,3524 1965,3473 1628,3522 1527,3452 1322,3521"/>
                <Baseline points="1332,3562 1399,3562 1466,3560 1533,3560 1600,3562 1667,3562 1734,3562 1801,3564 1868,3564 1935,3566 2002,3568 2069,3569 2136,3570 2203,3572 2270,3572 2337,3574 2404,3574 2471,3576 2538,3576 2605,3576 2672,3576"/>
                <TextEquiv>
                    <Unicode>werde ohne das ihme, der sich, ußert</Unicode>
                </TextEquiv>
            </TextLine>
            <TextLine id="r2l27" custom="readingOrder {index:24;}">
                <Coords points="1333,3677 2758,3728 2760,3598 2706,3585 2641,3634 2505,3649 2444,3602 2325,3651 2029,3589 1335,3589"/>
                <Baseline points="1344,3662 1414,3664 1484,3664 1554,3666 1624,3666 1695,3668 1765,3670 1835,3671 1905,3672 1975,3674 2046,3676 2116,3677 2186,3678 2256,3680 2326,3681 2397,3683 2467,3684 2537,3686 2607,3687 2677,3688 2748,3690"/>
                <TextEquiv>
                    <Unicode>diser bekenschen that, (die ihrer von hertzen</Unicode>
                </TextEquiv>
            </TextLine>
            <TextLine id="r2l28" custom="readingOrder {index:25;}">
                <Coords points="1333,3797 1510,3845 1699,3785 1784,3832 1965,3784 2086,3835 2179,3784 2422,3793 2526,3860 2632,3791 2782,3815 2783,3717 1334,3693"/>
                <Baseline points="1344,3762 1415,3768 1486,3770 1558,3774 1629,3774 1701,3776 1772,3778 1843,3778 1915,3780 1986,3780 2058,3780 2129,3780 2200,3780 2272,3780 2343,3780 2415,3780 2486,3782 2557,3782 2629,3784 2700,3785 2772,3788"/>
                <TextEquiv>
                    <Unicode>wider seye) allezeit ehrlich und wol gehalten,</Unicode>
                </TextEquiv>
            </TextLine>
            <TextLine id="r2l29" custom="readingOrder {index:26;}">
                <Coords points="1288,3939 1404,3965 1581,3890 2355,3971 2456,3909 2790,3926 2773,3824 2499,3873 2284,3818 2173,3873 1984,3786 1781,3873 1291,3797"/>
                <Baseline points="1300,3878 1374,3882 1448,3886 1522,3890 1596,3892 1670,3894 1744,3896 1818,3898 1892,3898 1966,3900 2040,3900 2114,3900 2188,3900 2262,3900 2336,3902 2410,3902 2484,3902 2558,3904 2632,3904 2706,3906 2780,3908"/>
                <TextEquiv>
                    <Unicode>vnd sein nam in keinem Vergrichts aca¬</Unicode>
                </TextEquiv>
            </TextLine>
            <TextLine id="r2l30" custom="readingOrder {index:27;}">
                <Coords points="1318,4015 1532,4052 1662,4007 1728,4058 1858,4004 1997,4060 2152,4012 2281,4070 2332,4023 2749,4039 2750,3975 2491,3911 2408,3972 2099,3976 2025,3927 1905,3975 1658,3901 1603,3947 1319,3943"/>
                <Baseline points="1328,3986 1398,3992 1469,3996 1539,3999 1610,4002 1681,4004 1751,4006 1822,4008 1892,4008 1963,4009 2034,4010 2104,4010 2175,4010 2245,4010 2316,4010 2387,4010 2457,4010 2528,4012 2598,4012 2669,4014 2740,4016"/>
                <TextEquiv>
                    <Unicode>emal ze finden, so wol als disem umbher</Unicode>
                </TextEquiv>
            </TextLine>
            <TextLine id="r2l31" custom="readingOrder {index:28;}">
                <Coords points="1306,4137 1772,4145 1867,4196 1974,4151 2353,4184 2477,4143 2735,4198 2736,4044 2677,4030 2530,4104 2333,4041 2254,4093 2161,4041 1901,4068 1853,4026 1706,4102 1583,4015 1413,4065 1307,4029"/>
                <Baseline points="1316,4110 1386,4114 1457,4118 1527,4122 1598,4124 1668,4126 1739,4128 1809,4128 1880,4130 1950,4130 2021,4130 2091,4130 2162,4130 2232,4130 2303,4130 2373,4130 2444,4130 2514,4132 2585,4132 2655,4134 2726,4136"/>
                <TextEquiv>
                    <Unicode>streichenden, vnd sonderlich den truncknen</Unicode>
                </TextEquiv>
            </TextLine>
            <TextLine id="r2l32" custom="readingOrder {index:29;}">
                <Coords points="1293,4254 1673,4291 2029,4248 2124,4310 2361,4257 2444,4300 2714,4276 2715,4208 2478,4143 2321,4205 2116,4208 2016,4158 1863,4220 1726,4162 1295,4156"/>
                <Baseline points="1304,4226 1374,4229 1444,4233 1514,4235 1584,4238 1654,4240 1724,4242 1794,4244 1864,4246 1934,4248 2004,4250 2074,4250 2144,4250 2214,4251 2284,4252 2354,4250 2424,4250 2494,4250 2564,4248 2634,4246 2704,4244"/>
                <TextEquiv>
                    <Unicode>Männeren (wie er damahlen, auch einer</Unicode>
                </TextEquiv>
            </TextLine>
            <TextLine id="r2l33" custom="readingOrder {index:30;}">
                <Coords points="1300,4396 1672,4426 1950,4359 2101,4408 2203,4368 2281,4430 2579,4363 2783,4402 2765,4264 2541,4313 2362,4259 2126,4308 1908,4297 1854,4247 1660,4304 1448,4245 1300,4272"/>
                <Baseline points="1310,4346 1383,4348 1456,4350 1529,4350 1602,4352 1676,4354 1749,4354 1822,4356 1895,4358 1968,4358 2042,4358 2115,4360 2188,4360 2261,4360 2334,4360 2408,4358 2481,4357 2554,4356 2627,4354 2700,4350 2774,4348"/>
                <TextEquiv>
                    <Unicode>gsind nachzeithenden vnd schalckhaffen Meitli</Unicode>
                </TextEquiv>
            </TextLine>
            <TextLine id="r2l34" custom="readingOrder {index:31;}">
                <Coords points="1295,4515 1455,4482 1622,4550 1835,4479 2248,4539 2344,4495 2414,4550 2544,4487 2696,4496 2697,4382 2289,4439 2187,4408 2125,4456 1959,4378 1805,4443 1703,4400 1657,4438 1569,4395 1507,4437 1296,4403"/>
                <Baseline points="1304,4472 1373,4472 1442,4470 1511,4472 1580,4472 1649,4472 1718,4473 1787,4474 1856,4476 1925,4476 1995,4478 2064,4478 2133,4480 2202,4480 2271,4480 2340,4480 2409,4480 2478,4480 2547,4480 2616,4478 2686,4476"/>
                <TextEquiv>
                    <Unicode>ziglauben sein. Actum 27. Juny 1662.</Unicode>
                </TextEquiv>
            </TextLine>
            <TextLine id="r2l35" custom="readingOrder {index:32;}">
                <Coords points="1232,4797 1408,4834 1468,4790 1584,4843 1718,4777 1940,4840 2012,4794 2787,4821 2759,4713 1934,4746 1233,4668"/>
                <Baseline points="1242,4778 1318,4776 1395,4777 1472,4778 1549,4778 1626,4780 1702,4782 1779,4784 1856,4785 1933,4787 2010,4788 2086,4790 2163,4790 2240,4790 2317,4790 2394,4788 2470,4787 2547,4784 2624,4780 2701,4776 2778,4770"/>
                <TextEquiv>
                    <Unicode>Also durch mich dieghen den räthen vorgebracht</Unicode>
                </TextEquiv>
            </TextLine>
            <TextLine id="r2l36" custom="readingOrder {index:33;}">
                <Coords points="1299,4904 1489,4935 2000,4884 2212,4938 2760,4882 2759,4832 2615,4799 2538,4854 2429,4801 2286,4856 2165,4811 1856,4853 1717,4777 1612,4846 1480,4801 1298,4852"/>
                <Baseline points="1308,4884 1380,4884 1452,4882 1524,4882 1596,4884 1668,4884 1740,4884 1812,4886 1884,4886 1956,4887 2029,4888 2101,4888 2173,4888 2245,4886 2317,4886 2389,4884 2461,4880 2533,4877 2605,4872 2677,4866 2750,4860"/>
                <TextEquiv>
                    <Unicode>worüber er dan mit abtrag costens und</Unicode>
                </TextEquiv>
            </TextLine>
            <TextLine id="r2l37" custom="readingOrder {index:34;}">
                <Coords points="1291,5011 1577,5041 1841,4989 1941,5045 2439,4991 2559,5063 2780,5025 2780,4909 2559,4897 2503,4947 2279,4963 1941,4923 1667,4955 1563,4899 1291,4939"/>
                <Baseline points="1302,4978 1375,4978 1448,4979 1522,4980 1595,4982 1669,4982 1742,4984 1815,4985 1889,4986 1962,4988 2036,4988 2109,4988 2182,4990 2256,4988 2329,4988 2403,4987 2476,4984 2549,4982 2623,4979 2696,4974 2770,4968"/>
                <TextEquiv>
                    <Unicode>empfahung einer censur vor einem ehrsamen</Unicode>
                </TextEquiv>
            </TextLine>
            <TextLine id="r2l38" custom="readingOrder {index:35;} organization {offset:0; length:10;}">
                <Coords points="1285,5149 1511,5149 1569,5103 1635,5121 1751,5089 2087,5122 2243,5088 2157,4998 1975,5056 1907,5021 1825,5051 1771,5001 1475,5053 1389,5005 1285,5017"/>
                <Baseline points="1296,5084 1342,5086 1389,5088 1436,5089 1483,5090 1530,5090 1576,5089 1623,5088 1670,5088 1717,5088 1764,5086 1810,5086 1857,5086 1904,5084 1951,5084 1998,5084 2044,5086 2091,5086 2138,5088 2185,5090 2232,5092"/>
                <TextEquiv>
                    <Unicode>chorgricht liberirt worden.</Unicode>
                </TextEquiv>
            </TextLine>
            <TextEquiv>
                <Unicode>dachdem er wegen erleüschen begangenen
That mit einem Thorrechten Sceptlin in der
Thorgrichtlichen gefangen schafft lang enthalten, auch
sners durch gedachtes th�rli deß nöthzwanges
beklagt worden, deßwegen in die obere gegen
fangenschafft kommen, ist er durch wohll
denghen gatschet herren lininiger kuhe und rede
zeichneten grichtschryber hierüber ernstlich
examinirt, Joach in strecke thurn geführt.
Hatt aber solchen notschwang keines wegsge
stehen wollen, sondern sich mit disen embständen
entschuldiget. Es seye zu schme, wie er vff
der heim straß gsin, kommen und mit ihme gant
willig gangen, Es seye nicht ein mensch,
.
das man hiring müße, seye der that so
wol als er zefriden gsin. Es gehe disem handel
vielmahlen nach, wie solches gung zu beweisen
und ab seinen beflätig discursen und reden
die es mit den Knechten gehabt, abzenemmen
wir auch uß dem, daß es hievor mehr mahlen
vsgelaßen, Es gehe mit dem Kinde, vnd es
wolle hochzeit halten. Hoffe auch, es
werde ohne das ihme, der sich, ußert
diser bekenschen that, (die ihrer von hertzen
wider seye) allezeit ehrlich und wol gehalten,
vnd sein nam in keinem Vergrichts aca¬
emal ze finden, so wol als disem umbher
streichenden, vnd sonderlich den truncknen
Männeren (wie er damahlen, auch einer
gsind nachzeithenden vnd schalckhaffen Meitli
ziglauben sein. Actum 27. Juny 1662.
Also durch mich dieghen den räthen vorgebracht
worüber er dan mit abtrag costens und
empfahung einer censur vor einem ehrsamen
chorgricht liberirt worden.</Unicode>
            </TextEquiv>
        </TextRegion>
        <TextRegion orientation="0.0" type="marginalia" id="r3" custom="readingOrder {index:2;} structure {type:marginalia;}">
            <Coords points="3027,1109 2937,6021 3322,6013 3270,1104"/>
            <TextLine id="r3l1" custom="readingOrder {index:0;}">
                <Coords points="3084,1223 3114,1230 3141,1206 3179,1206 3172,1085 3136,1076 3124,1081 3111,1096 3078,1108"/>
                <Baseline points="3092,1208 3117,1211 3142,1210 3168,1204"/>
                <TextEquiv>
                    <Unicode>6</Unicode>
                </TextEquiv>
            </TextLine>
            <TextLine id="r3l2" custom="readingOrder {index:1;}">
                <Coords points="3090,1469 3108,1471 3116,1465 3136,1465 3150,1475 3166,1475 3188,1463 3198,1471 3210,1471 3210,1391 3182,1385 3170,1391 3148,1387 3120,1411 3114,1405 3090,1403"/>
                <Baseline points="3100,1438 3125,1438 3150,1438 3175,1438 3200,1438"/>
                <TextEquiv>
                    <Unicode>.</Unicode>
                </TextEquiv>
            </TextLine>
            <TextEquiv>
                <Unicode>6
.</Unicode>
            </TextEquiv>
        </TextRegion>
        <TextRegion orientation="0.0" type="heading" id="TextRegion_1686831447245_1531" custom="readingOrder {index:3;} structure {type:heading;}">
            <Coords points="3160,764 3328,764 5087,834 5081,1293 3166,1144 3160,926"/>
            <TextLine id="line_1686831447475_1534" custom="readingOrder {index:0;} person {offset:30; length:5; continued:true;}">
                <Coords points="3467,1168 3495,1158 3512,1171"/>
                <TextEquiv>
                    <Unicode>Als es von seinem meister dem wirth</Unicode>
                </TextEquiv>
            </TextLine>
            <TextLine id="r4l1" custom="readingOrder {index:1;}">
                <Coords points="3151,888 3177,886 3226,899 3242,894 3265,908 3286,897 3341,905 3332,778 3318,778 3303,790 3294,782 3279,789 3252,775 3238,782 3220,773 3199,787 3180,776 3144,782"/>
                <Baseline points="3160,876 3188,875 3216,874 3244,872 3272,870 3300,868 3328,864"/>
                <TextEquiv>
                    <Unicode>74</Unicode>
                </TextEquiv>
            </TextLine>
            <TextLine id="r5l1" custom="readingOrder {index:2;} person {offset:0; length:3; continued:true;}">
                <Coords points="3653,1148 3704,1120 3798,1161 3897,1099 4134,1068 4124,812 4011,774 3918,820 3878,815 3688,971 3646,972"/>
                <Baseline points="3660,1094 3685,1088 3711,1085 3737,1083 3763,1080 3788,1078 3814,1076 3840,1076 3866,1074 3892,1074 3917,1074 3943,1074 3969,1074 3995,1074 4020,1072 4046,1072 4072,1071 4098,1070 4124,1068"/>
                <TextEquiv>
                    <Unicode>len</Unicode>
                </TextEquiv>
            </TextLine>
            <TextLine id="r5l2" custom="readingOrder {index:3;} person {offset:0; length:8; continued:true;}">
                <Coords points="4289,1093 4789,1113 4868,1077 4872,953 4707,1044 4522,1022 4475,981 4384,1020 4293,987"/>
                <Baseline points="4300,1074 4327,1076 4355,1076 4383,1078 4411,1078 4439,1079 4467,1082 4495,1082 4523,1083 4551,1084 4579,1086 4606,1087 4634,1088 4662,1088 4690,1090 4718,1090 4746,1090 4774,1090 4802,1090 4830,1090 4858,1088"/>
                <TextEquiv>
                    <Unicode>Schwanck</Unicode>
                </TextEquiv>
            </TextLine>
            <TextLine id="r5l3" custom="readingOrder {index:4;} place {offset:4; length:8;}">
                <Coords points="3931,1236 3994,1251 4114,1185 4156,1209 4207,1189 4254,1216 4319,1205 4401,1243 4487,1203 4589,1238 4628,1227 4631,1154 4465,1168 4366,1091 4197,1065 4164,1089 4105,1066 3938,1094"/>
                <Baseline points="3944,1178 3977,1176 4011,1174 4045,1174 4079,1174 4113,1174 4146,1176 4180,1177 4214,1180 4248,1182 4282,1183 4315,1185 4349,1188 4383,1191 4417,1193 4450,1196 4484,1197 4518,1198 4552,1200 4586,1200 4620,1200"/>
                <TextEquiv>
                    <Unicode>von Eltnauer.</Unicode>
                </TextEquiv>
            </TextLine>
            <TextEquiv>
                <Unicode>Als es von seinem meister dem wirth
74
len
Schwanck
von Eltnauer.</Unicode>
            </TextEquiv>
        </TextRegion>
        <TextRegion orientation="0.0" type="paragraph" id="TextRegion_1686831447245_1530" custom="readingOrder {index:4;}">
            <Coords points="3322,1172 5081,1293 5040,4875 3284,4875"/>
            <TextLine id="line_1686831447474_1533" custom="readingOrder {index:0;} person {offset:30; length:5; continued:true;}">
                <Coords points="3419,1186 3467,1168 3512,1171 3634,1268 3862,1234 3932,1299 4524,1286 4714,1344 4931,1307 5032,1356 5026,1442 4586,1377 4426,1428 4225,1355 3950,1418 3812,1330 3409,1326"/>
                <Baseline points="3420,1300 3499,1307 3579,1312 3659,1318 3739,1323 3819,1328 3899,1333 3979,1338 4059,1342 4139,1349 4219,1354 4298,1357 4378,1364 4458,1369 4538,1375 4618,1382 4698,1387 4778,1396 4858,1402 4938,1411 5018,1420"/>
                <TextEquiv>
                    <Unicode>Als es von seinem meister dem wirth</Unicode>
                </TextEquiv>
            </TextLine>
            <TextLine id="r5l5" custom="readingOrder {index:1;} person {offset:0; length:11; continued:true;}">
                <Coords points="3484,1437 3900,1450 4100,1513 4184,1458 4282,1526 4353,1481 4973,1523 4919,1427 4689,1396 4526,1380 4347,1441 4126,1370 3950,1417 3757,1334 3490,1345"/>
                <Baseline points="3496,1408 3569,1414 3642,1421 3716,1427 3789,1432 3863,1437 3936,1441 4009,1447 4083,1451 4156,1456 4230,1459 4303,1464 4376,1468 4450,1473 4523,1477 4597,1482 4670,1486 4743,1492 4817,1497 4890,1503 4964,1508"/>
                <TextEquiv>
                    <Unicode>von Bumplis begangenen diebstahls vnd</Unicode>
                </TextEquiv>
            </TextLine>
            <TextLine id="r5l6" custom="readingOrder {index:2;} place {offset:33; length:10;}">
                <Coords points="3474,1571 3734,1530 3863,1597 3971,1556 4092,1620 4669,1596 4988,1670 5032,1576 4757,1499 4668,1534 4421,1488 4334,1531 4185,1461 4112,1513 3900,1512 3484,1452"/>
                <Baseline points="3488,1510 3564,1517 3640,1523 3717,1528 3793,1534 3870,1538 3946,1544 4022,1548 4099,1555 4175,1559 4252,1566 4328,1570 4404,1576 4481,1582 4557,1589 4634,1597 4710,1605 4786,1613 4863,1623 4939,1632 5016,1644"/>
                <TextEquiv>
                    <Unicode>genommenen gelts verklagt vnd in Keffithurn</Unicode>
                </TextEquiv>
            </TextLine>
            <TextLine id="r5l7" custom="readingOrder {index:3;} person {offset:35; length:13;}">
                <Coords points="3473,1680 3767,1698 3927,1644 4069,1730 4197,1685 4304,1744 4535,1697 4716,1767 5038,1742 5043,1674 4815,1622 4643,1669 4395,1604 4034,1617 3991,1573 3481,1584"/>
                <Baseline points="3488,1624 3565,1630 3642,1634 3719,1639 3796,1643 3873,1648 3950,1653 4027,1658 4104,1663 4181,1668 4258,1674 4335,1680 4412,1685 4489,1693 4566,1698 4643,1706 4720,1713 4797,1721 4874,1728 4951,1738 5028,1746"/>
                <TextEquiv>
                    <Unicode>gelegt, auch durch hern Großweibel Jachselhoffer</Unicode>
                </TextEquiv>
            </TextLine>
            <TextLine id="r5l8" custom="readingOrder {index:4;} person {offset:4; length:13;}">
                <Coords points="3461,1762 4539,1815 4634,1862 4796,1832 4983,1891 5012,1755 4715,1767 4589,1702 4123,1741 3926,1643 3753,1706 3688,1665 3466,1686"/>
                <Baseline points="3472,1736 3548,1738 3624,1741 3700,1746 3776,1748 3853,1754 3929,1760 4005,1764 4081,1769 4157,1775 4234,1780 4310,1786 4386,1792 4462,1797 4538,1802 4615,1808 4691,1814 4767,1819 4843,1823 4919,1828 4996,1832"/>
                <TextEquiv>
                    <Unicode>hrn Jacob Tillier und grichtschryber ha</Unicode>
                </TextEquiv>
            </TextLine>
            <TextLine id="r5l9" custom="readingOrder {index:5;}">
                <Coords points="3477,1851 3725,1852 4040,1935 4568,1917 4773,1994 4869,1935 4963,1977 4969,1880 4798,1833 4613,1877 4539,1815 4302,1849 4228,1797 4044,1845 3914,1763 3813,1820 3481,1785"/>
                <Baseline points="3488,1834 3561,1840 3634,1845 3708,1850 3781,1854 3855,1860 3928,1866 4001,1871 4075,1876 4148,1880 4222,1886 4295,1891 4368,1897 4442,1902 4515,1907 4589,1912 4662,1916 4735,1921 4809,1928 4882,1932 4956,1938"/>
                <TextEquiv>
                    <Unicode>minirt worden, hat es bekent. Es habe</Unicode>
                </TextEquiv>
            </TextLine>
            <TextLine id="r5l10" custom="readingOrder {index:6;}">
                <Coords points="3484,1989 3734,1988 3817,2045 4027,1982 4172,2039 4462,2010 4848,2118 4973,2095 4979,2007 4871,1935 4685,1994 4378,1933 4274,1971 4187,1917 4127,1956 3910,1905 3843,1951 3731,1884 3488,1923"/>
                <Baseline points="3496,1952 3569,1958 3643,1964 3716,1969 3790,1974 3863,1979 3937,1983 4010,1988 4084,1992 4157,1996 4231,1999 4304,2003 4378,2006 4451,2012 4525,2016 4598,2020 4672,2025 4745,2030 4819,2036 4892,2041 4966,2048"/>
                <TextEquiv>
                    <Unicode>gemeltem seinem Meister auß einem Trog</Unicode>
                </TextEquiv>
            </TextLine>
            <TextLine id="r5l11" custom="readingOrder {index:7;}">
                <Coords points="3492,2099 4417,2125 4620,2184 4922,2161 4925,2103 4709,2059 4300,2040 4236,2077 4027,1983 3952,2041 3897,2008 3769,2049 3498,1999"/>
                <Baseline points="3504,2070 3574,2072 3644,2076 3715,2078 3785,2083 3856,2086 3926,2090 3996,2093 4067,2097 4137,2101 4208,2106 4278,2110 4348,2114 4419,2118 4489,2123 4560,2126 4630,2130 4700,2134 4771,2139 4841,2142 4912,2146"/>
                <TextEquiv>
                    <Unicode>in der nebend stuben, daran der schlußel</Unicode>
                </TextEquiv>
            </TextLine>
            <TextLine id="r5l12" custom="readingOrder {index:8;}">
                <Coords points="4923,2157 4933,2157 4943,2167 4947,2167 4953,2161 4963,2161 4963,2111 4949,2111 4947,2109 4935,2111 4933,2109 4923,2109"/>
                <Baseline points="4932,2154 4952,2154"/>
                <TextEquiv>
                    <Unicode>.</Unicode>
                </TextEquiv>
            </TextLine>
            <TextLine id="r5l13" custom="readingOrder {index:9;}">
                <Coords points="3496,2207 3670,2172 3741,2226 3991,2194 4388,2228 4440,2273 4604,2229 4977,2255 4980,2181 4894,2151 4630,2186 4421,2127 4255,2169 4177,2125 4127,2163 3501,2116"/>
                <Baseline points="3508,2172 3581,2176 3654,2178 3727,2182 3800,2186 3873,2189 3946,2192 4019,2196 4092,2200 4165,2203 4238,2207 4311,2211 4384,2214 4457,2218 4530,2222 4603,2226 4676,2230 4749,2233 4822,2236 4895,2241 4968,2244"/>
                <TextEquiv>
                    <Unicode>stäts gsin bis in die 10 ß zu acht sonder</Unicode>
                </TextEquiv>
            </TextLine>
            <TextLine id="r5l14" custom="readingOrder {index:10;}">
                <Coords points="3457,2330 3843,2299 3974,2360 4148,2326 4202,2368 4516,2321 4578,2362 4865,2355 4903,2309 4770,2250 4611,2311 4397,2253 4186,2283 3989,2214 3849,2254 3624,2179 3462,2228"/>
                <Baseline points="3470,2280 3541,2282 3612,2284 3683,2286 3754,2288 3825,2292 3896,2295 3967,2298 4038,2303 4109,2307 4181,2312 4252,2315 4323,2319 4394,2323 4465,2326 4536,2330 4607,2332 4678,2334 4749,2336 4820,2336 4892,2336"/>
                <TextEquiv>
                    <Unicode>schidenlichen mahlen genommen, harkom</Unicode>
                </TextEquiv>
            </TextLine>
            <TextLine id="r5l15" custom="readingOrder {index:11;}">
                <Coords points="3469,2401 3720,2411 3797,2469 3856,2424 3945,2470 4086,2425 4259,2511 4357,2441 4941,2495 4948,2374 4585,2421 4289,2337 4000,2379 3845,2300 3683,2367 3625,2319 3473,2327"/>
                <Baseline points="3480,2390 3552,2390 3625,2392 3697,2394 3770,2396 3843,2400 3915,2404 3988,2408 4060,2413 4133,2417 4206,2421 4278,2427 4351,2432 4423,2437 4496,2441 4569,2445 4641,2450 4714,2453 4786,2456 4859,2459 4932,2460"/>
                <TextEquiv>
                    <Unicode>Sabine seli 6 lb zu gehalten geben, die</Unicode>
                </TextEquiv>
            </TextLine>
            <TextLine id="r5l16" custom="readingOrder {index:12;}">
                <Coords points="3486,2525 3855,2576 3986,2526 4068,2572 4203,2540 4289,2589 4573,2553 4634,2611 4930,2642 4963,2483 4811,2525 4471,2453 4255,2511 4123,2449 3830,2485 3722,2416 3489,2457"/>
                <Baseline points="3496,2502 3568,2502 3641,2503 3713,2505 3786,2508 3859,2512 3931,2515 4004,2520 4076,2525 4149,2530 4222,2535 4294,2541 4367,2546 4439,2550 4512,2555 4585,2560 4657,2563 4730,2566 4802,2568 4875,2570 4948,2570"/>
                <TextEquiv>
                    <Unicode>es darzu angewisen, auch das trug ghalten</Unicode>
                </TextEquiv>
            </TextLine>
            <TextLine id="r5l17" custom="readingOrder {index:13;}">
                <Coords points="3477,2618 3827,2618 3960,2683 4262,2728 4364,2687 4477,2739 4660,2680 4925,2713 4929,2637 4788,2602 4735,2636 4567,2553 4478,2601 4360,2557 4076,2599 3954,2552 3804,2597 3480,2547"/>
                <Baseline points="3486,2616 3557,2616 3629,2616 3700,2618 3772,2620 3843,2624 3915,2626 3986,2629 4058,2632 4129,2637 4201,2641 4272,2645 4344,2649 4415,2654 4487,2658 4558,2662 4630,2666 4701,2670 4773,2674 4844,2677 4916,2680"/>
                <TextEquiv>
                    <Unicode>and dem übrigen gelt zeug zu hembderen</Unicode>
                </TextEquiv>
            </TextLine>
            <TextLine id="r5l18" custom="readingOrder {index:14;}">
                <Coords points="3457,2741 3785,2740 4002,2814 4125,2747 4573,2844 4941,2805 4944,2729 4830,2688 4478,2740 4354,2686 4262,2727 4039,2667 3791,2707 3674,2638 3610,2683 3460,2665"/>
                <Baseline points="3468,2730 3541,2730 3614,2731 3687,2732 3760,2734 3834,2736 3907,2738 3980,2742 4053,2745 4126,2750 4200,2752 4273,2756 4346,2761 4419,2764 4492,2767 4566,2771 4639,2774 4712,2778 4785,2780 4858,2781 4932,2782"/>
                <TextEquiv>
                    <Unicode>und Leinenes tuch kaufft, auch by 10 elle</Unicode>
                </TextEquiv>
            </TextLine>
            <TextLine id="r5l19" custom="readingOrder {index:15;}">
                <Coords points="3457,2899 3748,2844 3821,2878 3975,2858 4007,2891 4242,2927 4316,2891 4318,2803 4195,2771 3986,2813 3883,2769 3724,2804 3631,2756 3549,2789 3459,2751"/>
                <Baseline points="3468,2846 3510,2844 3552,2844 3594,2844 3636,2844 3678,2844 3720,2844 3762,2844 3804,2846 3846,2846 3888,2848 3930,2848 3972,2850 4014,2851 4056,2852 4098,2854 4140,2854 4182,2856 4224,2856 4266,2856 4308,2858"/>
                <TextEquiv>
                    <Unicode>grauws leinenes thuch</Unicode>
                </TextEquiv>
            </TextLine>
            <TextLine id="r5l20" custom="readingOrder {index:16;}">
                <Coords points="3404,3042 4038,3046 4268,3133 4390,3062 4615,3130 4916,3109 4918,3021 4658,3010 4578,2958 4114,3010 3714,2966 3578,2870 3410,2918"/>
                <Baseline points="3416,3018 3490,3018 3565,3020 3639,3020 3714,3024 3789,3025 3863,3028 3938,3032 4012,3037 4087,3041 4162,3044 4236,3049 4311,3053 4385,3058 4460,3060 4535,3064 4609,3068 4684,3070 4758,3071 4833,3072 4908,3072"/>
                <TextEquiv>
                    <Unicode>Berners habe es auch in rebat genommen,</Unicode>
                </TextEquiv>
            </TextLine>
            <TextLine id="r5l21" custom="readingOrder {index:17;}">
                <Coords points="3443,3139 3669,3156 3705,3133 3818,3190 3969,3145 4016,3174 4085,3140 4086,3082 4044,3093 4015,3068 3898,3082 3847,3060 3748,3092 3681,3055 3579,3084 3525,3043 3445,3053"/>
                <Baseline points="3454,3124 3485,3124 3516,3126 3547,3126 3578,3126 3609,3126 3640,3126 3671,3128 3702,3128 3733,3128 3765,3130 3796,3130 3827,3131 3858,3132 3889,3133 3920,3134 3951,3134 3982,3136 4013,3136 4044,3137 4076,3138"/>
                <TextEquiv>
                    <Unicode>Ein hals lumpen.</Unicode>
                </TextEquiv>
            </TextLine>
            <TextLine id="r5l22" custom="readingOrder {index:18;}">
                <Coords points="3448,3291 3519,3243 3735,3244 3916,3307 4253,3241 4394,3292 4568,3258 4817,3302 4917,3251 4617,3153 4160,3207 4071,3154 3750,3215 3452,3138"/>
                <Baseline points="3460,3236 3532,3238 3604,3240 3676,3242 3749,3244 3821,3244 3893,3246 3966,3247 4038,3248 4110,3250 4183,3250 4255,3252 4327,3254 4399,3256 4472,3258 4544,3260 4616,3262 4689,3265 4761,3268 4833,3271 4906,3276"/>
                <TextEquiv>
                    <Unicode>Item dem wirth zwen rabet, die in der</Unicode>
                </TextEquiv>
            </TextLine>
            <TextLine id="r5l23" custom="readingOrder {index:19;}">
                <Coords points="3470,3357 3684,3409 3751,3367 3855,3419 4046,3360 4196,3394 4388,3363 4483,3435 4719,3439 4723,3327 4535,3270 4271,3327 4185,3273 4003,3265 3918,3308 3810,3250 3473,3255"/>
                <Baseline points="3480,3336 3541,3338 3603,3338 3664,3340 3726,3342 3787,3342 3849,3344 3910,3346 3972,3346 4033,3348 4095,3350 4156,3351 4218,3353 4279,3356 4341,3359 4402,3362 4464,3366 4525,3371 4587,3376 4648,3382 4710,3388"/>
                <TextEquiv>
                    <Unicode>Nebendstuben vff dem bande gelegen</Unicode>
                </TextEquiv>
            </TextLine>
            <TextLine id="r5l24" custom="readingOrder {index:20;} person {offset:19; length:6;} person {offset:30; length:10;}">
                <Coords points="3400,3502 4994,3567 4997,3459 4920,3432 4821,3471 4562,3425 4480,3490 4291,3400 4080,3387 3607,3461 3404,3378"/>
                <Baseline points="3410,3488 3488,3490 3567,3493 3646,3496 3724,3498 3803,3500 3882,3502 3960,3504 4039,3506 4118,3508 4197,3510 4275,3512 4354,3514 4433,3516 4511,3520 4590,3524 4669,3527 4747,3531 4826,3535 4905,3540 4984,3546"/>
                <TextEquiv>
                    <Unicode>Allweil es by herr wagner dem Grothecker</Unicode>
                </TextEquiv>
            </TextLine>
            <TextLine id="r5l25" custom="readingOrder {index:21;}">
                <Coords points="3453,3654 3746,3594 4166,3611 4272,3674 4412,3611 4761,3626 4904,3682 4906,3582 4760,3532 4402,3523 4269,3570 4099,3563 4015,3503 3889,3568 3681,3504 3579,3559 3456,3546"/>
                <Baseline points="3464,3590 3535,3590 3607,3592 3678,3592 3750,3594 3822,3596 3893,3597 3965,3598 4036,3600 4108,3602 4180,3603 4251,3606 4323,3608 4394,3610 4466,3612 4538,3614 4609,3616 4681,3619 4752,3622 4824,3624 4896,3628"/>
                <TextEquiv>
                    <Unicode>gsin, habe es demselben spar entwendt,</Unicode>
                </TextEquiv>
            </TextLine>
            <TextLine id="r5l26" custom="readingOrder {index:22;}">
                <Coords points="3455,3744 3599,3731 3712,3768 3822,3696 3982,3690 4238,3766 4392,3743 4445,3785 4504,3760 4507,3628 4206,3677 4061,3620 3992,3664 3815,3656 3760,3619 3457,3656"/>
                <Baseline points="3466,3688 3517,3686 3569,3686 3620,3686 3672,3686 3723,3688 3775,3690 3826,3690 3878,3692 3929,3694 3981,3696 4032,3698 4084,3700 4135,3701 4187,3702 4238,3704 4290,3704 4341,3704 4393,3704 4444,3704 4496,3702"/>
                <TextEquiv>
                    <Unicode>den es seiner muter geben.</Unicode>
                </TextEquiv>
            </TextLine>
            <TextLine id="r5l27" custom="readingOrder {index:23;} person {offset:21; length:5;}">
                <Coords points="3445,3892 3739,3881 3805,3939 3862,3898 4005,3958 4168,3900 4335,3968 4680,3905 4953,3930 4975,3872 4904,3834 4371,3863 4201,3787 3753,3809 3448,3746"/>
                <Baseline points="3456,3874 3531,3874 3606,3876 3682,3878 3757,3880 3833,3882 3908,3885 3983,3888 4059,3890 4134,3892 4210,3895 4285,3897 4360,3900 4436,3902 4511,3903 4587,3904 4662,3905 4737,3906 4813,3906 4888,3906 4964,3904"/>
                <TextEquiv>
                    <Unicode>Daruber ist gedachte Pfeli gegen ihme confron</Unicode>
                </TextEquiv>
            </TextLine>
            <TextLine id="r5l28" custom="readingOrder {index:24;}">
                <Coords points="3462,3970 3747,3988 3824,4039 3961,3991 4193,4048 4361,3993 4876,4022 4877,3968 4791,3917 4746,3956 4329,3970 4168,3901 3874,3968 3463,3916"/>
                <Baseline points="3472,3970 3541,3972 3611,3975 3681,3980 3750,3982 3820,3985 3890,3988 3959,3991 4029,3994 4099,3996 4169,3999 4238,4002 4308,4004 4378,4005 4447,4006 4517,4008 4587,4008 4656,4008 4726,4008 4796,4008 4866,4008"/>
                <TextEquiv>
                    <Unicode>tirt worden, hatt aber ihme solches under</Unicode>
                </TextEquiv>
            </TextLine>
            <TextLine id="r5l29" custom="readingOrder {index:25;}">
                <Coords points="3454,4082 3655,4084 3716,4134 3789,4100 3845,4150 3973,4088 4141,4149 4237,4108 4377,4170 4604,4111 4850,4130 4853,4034 4699,4078 4532,4071 4362,3993 4186,4048 3954,3997 3455,4036"/>
                <Baseline points="3464,4066 3532,4069 3601,4072 3670,4076 3739,4079 3808,4082 3876,4084 3945,4087 4014,4088 4083,4092 4152,4094 4220,4096 4289,4098 4358,4098 4427,4100 4496,4102 4564,4103 4633,4104 4702,4106 4771,4106 4840,4108"/>
                <TextEquiv>
                    <Unicode>angen erhalten, daß es ihme eheli berecht</Unicode>
                </TextEquiv>
            </TextLine>
            <TextLine id="r5l30" custom="readingOrder {index:26;}">
                <Coords points="3445,4211 3528,4173 4191,4219 4366,4188 4584,4236 4807,4208 4809,4142 4705,4131 4518,4168 4268,4129 4131,4157 4066,4107 3639,4145 3565,4086 3449,4087"/>
                <Baseline points="3456,4166 3523,4168 3590,4168 3657,4170 3724,4172 3791,4172 3858,4174 3925,4176 3992,4178 4059,4180 4127,4182 4194,4184 4261,4186 4328,4188 4395,4191 4462,4192 4529,4195 4596,4198 4663,4200 4730,4201 4798,4204"/>
                <TextEquiv>
                    <Unicode>thne, wie es dan auch in allweg das</Unicode>
                </TextEquiv>
            </TextLine>
            <TextLine id="r5l31" custom="readingOrder {index:27;}">
                <Coords points="3427,4304 3481,4299 3551,4337 3625,4304 3677,4337 3779,4294 3945,4275 3946,4189 3872,4214 3830,4196 3794,4218 3684,4185 3660,4205 3606,4194 3428,4236"/>
                <Baseline points="3438,4268 3464,4268 3490,4269 3516,4270 3542,4271 3569,4272 3595,4272 3621,4272 3647,4274 3673,4274 3700,4274 3726,4274 3752,4274 3778,4274 3804,4274 3831,4274 3857,4274 3883,4273 3909,4272 3936,4270"/>
                <TextEquiv>
                    <Unicode>ansehen gehabt.</Unicode>
                </TextEquiv>
            </TextLine>
            <TextLine id="r5l32" custom="readingOrder {index:28;}">
                <Coords points="3943,4286 4055,4281 4111,4334 4247,4290 4503,4307 4548,4346 4649,4307 4708,4348 4868,4316 4869,4234 4812,4209 4733,4248 4526,4218 4393,4262 4270,4196 4092,4250 3944,4248"/>
                <Baseline points="3954,4282 3999,4283 4044,4284 4089,4285 4134,4286 4180,4286 4225,4286 4270,4286 4315,4286 4360,4287 4406,4288 4451,4288 4496,4288 4541,4288 4586,4289 4632,4290 4677,4291 4722,4292 4767,4294 4812,4296 4858,4298"/>
                <TextEquiv>
                    <Unicode>Als nun disers ihr</Unicode>
                </TextEquiv>
            </TextLine>
            <TextLine id="r5l33" custom="readingOrder {index:29;}">
                <Coords points="3430,4414 4070,4370 4267,4434 4363,4375 4837,4418 4838,4324 4650,4356 4248,4290 4050,4336 3899,4273 3826,4334 3431,4310"/>
                <Baseline points="3440,4382 3509,4378 3578,4376 3648,4375 3717,4374 3787,4374 3856,4372 3925,4372 3995,4374 4064,4374 4134,4375 4203,4376 4272,4378 4342,4379 4411,4380 4481,4382 4550,4384 4619,4386 4689,4388 4758,4388 4828,4390"/>
                <TextEquiv>
                    <Unicode>so vorbracht worden. Ist vorbemelte</Unicode>
                </TextEquiv>
            </TextLine>
            <TextLine id="r5l34" custom="readingOrder {index:30;} person {offset:0; length:13;}">
                <Coords points="3420,4476 3735,4525 3944,4489 4009,4526 4098,4472 4428,4477 4590,4534 4691,4496 4758,4543 4881,4511 4882,4447 4695,4396 4288,4439 4058,4373 3930,4443 3782,4378 3421,4410"/>
                <Baseline points="3430,4466 3502,4467 3574,4468 3646,4470 3718,4470 3790,4472 3862,4472 3934,4472 4006,4474 4078,4474 4150,4474 4222,4476 4294,4476 4366,4478 4438,4480 4510,4481 4582,4483 4654,4486 4726,4489 4798,4492 4870,4498"/>
                <TextEquiv>
                    <Unicode>Anna Schwanck, als ein leichtfertige</Unicode>
                </TextEquiv>
            </TextLine>
            <TextLine id="r5l35" custom="readingOrder {index:31;}">
                <Coords points="3437,4603 3521,4643 3657,4579 4074,4642 4145,4587 4269,4590 4400,4648 4527,4590 4842,4647 4843,4531 4520,4494 4039,4546 3882,4492 3604,4531 3439,4483"/>
                <Baseline points="3448,4574 3517,4578 3586,4580 3655,4582 3724,4582 3794,4582 3863,4582 3932,4582 4001,4582 4070,4582 4140,4581 4209,4580 4278,4580 4347,4582 4416,4582 4486,4584 4555,4586 4624,4590 4693,4594 4762,4600 4832,4606"/>
                <TextEquiv>
                    <Unicode>Junge weibs person, vnd haus diebin</Unicode>
                </TextEquiv>
            </TextLine>
            <TextLine id="r5l36" custom="readingOrder {index:32;}">
                <Coords points="3420,4720 3613,4691 3757,4752 3856,4698 4243,4683 4889,4749 4891,4641 4695,4664 4502,4606 4361,4667 4274,4592 4079,4644 3623,4586 3520,4644 3422,4624"/>
                <Baseline points="3432,4678 3504,4680 3576,4681 3649,4682 3721,4684 3794,4684 3866,4686 3938,4686 4011,4687 4083,4688 4156,4688 4228,4690 4300,4690 4373,4692 4445,4694 4518,4696 4590,4698 4662,4700 4735,4704 4807,4706 4880,4710"/>
                <TextEquiv>
                    <Unicode>in das schallen werde erkennt worden.</Unicode>
                </TextEquiv>
            </TextLine>
            <TextLine id="r5l37" custom="readingOrder {index:33;}">
                <Coords points="3378,4815 3594,4821 3675,4784 3820,4856 3905,4814 3984,4872 4107,4801 4153,4829 4229,4817 4229,4695 4077,4699 3949,4752 3891,4720 3825,4756 3795,4730 3757,4752 3663,4719 3585,4733 3517,4695 3378,4749"/>
                <Baseline points="3388,4798 3429,4797 3471,4796 3512,4795 3554,4794 3596,4794 3637,4794 3679,4794 3720,4794 3762,4794 3804,4794 3845,4794 3887,4794 3928,4794 3970,4794 4012,4794 4053,4794 4095,4794 4136,4794 4178,4794 4220,4792"/>
                <TextEquiv>
                    <Unicode>Actum 27. junii 1662.</Unicode>
                </TextEquiv>
            </TextLine>
            <TextEquiv>
                <Unicode>Als es von seinem meister dem wirth
von Bumplis begangenen diebstahls vnd
genommenen gelts verklagt vnd in Keffithurn
gelegt, auch durch hern Großweibel Jachselhoffer
hrn Jacob Tillier und grichtschryber ha
minirt worden, hat es bekent. Es habe
gemeltem seinem Meister auß einem Trog
in der nebend stuben, daran der schlußel
.
stäts gsin bis in die 10 ß zu acht sonder
schidenlichen mahlen genommen, harkom
Sabine seli 6 lb zu gehalten geben, die
es darzu angewisen, auch das trug ghalten
and dem übrigen gelt zeug zu hembderen
und Leinenes tuch kaufft, auch by 10 elle
grauws leinenes thuch
Berners habe es auch in rebat genommen,
Ein hals lumpen.
Item dem wirth zwen rabet, die in der
Nebendstuben vff dem bande gelegen
Allweil es by herr wagner dem Grothecker
gsin, habe es demselben spar entwendt,
den es seiner muter geben.
Daruber ist gedachte Pfeli gegen ihme confron
tirt worden, hatt aber ihme solches under
angen erhalten, daß es ihme eheli berecht
thne, wie es dan auch in allweg das
ansehen gehabt.
Als nun disers ihr
so vorbracht worden. Ist vorbemelte
Anna Schwanck, als ein leichtfertige
Junge weibs person, vnd haus diebin
in das schallen werde erkennt worden.
Actum 27. junii 1662.</Unicode>
            </TextEquiv>
        </TextRegion>
        <TextRegion orientation="0.0" type="heading" id="TextRegion_1686831439419_1526" custom="readingOrder {index:5;} structure {type:heading;}">
            <Coords points="3284,4875 5040,4875 5037,5165 3294,5165"/>
            <TextLine id="r5l38" custom="readingOrder {index:0;} person {offset:0; length:17;}">
                <Coords points="3637,5132 3775,5129 3895,5198 3995,5124 4045,5155 4131,5122 4217,5174 4469,5116 4719,5136 4719,5068 4588,5031 4427,5076 4270,4975 4060,4987 3960,5042 3858,4997 3722,5100 3638,5066"/>
                <Baseline points="3648,5120 3701,5120 3754,5120 3807,5118 3860,5118 3913,5118 3966,5118 4019,5118 4072,5118 4125,5118 4178,5118 4231,5118 4284,5120 4337,5120 4390,5120 4443,5122 4496,5123 4549,5124 4602,5126 4655,5128 4708,5130"/>
                <TextEquiv>
                    <Unicode>Christen Züricher</Unicode>
                </TextEquiv>
            </TextLine>
            <TextEquiv>
                <Unicode>Christen Züricher</Unicode>
            </TextEquiv>
        </TextRegion>
        <TextRegion orientation="0.0" type="paragraph" id="TextRegion_1686831437647_1522" custom="readingOrder {index:6;}">
            <Coords points="3294,5165 5037,5165 5028,6029 3322,6048"/>
            <TextLine id="r5l39" custom="readingOrder {index:0;} person {offset:30; length:8;}">
                <Coords points="3364,5338 3570,5263 3842,5310 4020,5277 4199,5355 4304,5292 4495,5339 4582,5287 4669,5338 4811,5290 4812,5198 4668,5224 4574,5159 4446,5231 4152,5201 4088,5145 3584,5233 3455,5118 3365,5142"/>
                <Baseline points="3374,5268 3445,5270 3516,5272 3588,5274 3659,5274 3731,5274 3802,5274 3873,5274 3945,5274 4016,5274 4088,5274 4159,5274 4230,5272 4302,5272 4373,5272 4445,5274 4516,5274 4587,5276 4659,5278 4730,5280 4802,5284"/>
                <TextEquiv>
                    <Unicode>Den 27. junii 1682. Ist diser Züricher</Unicode>
                </TextEquiv>
            </TextLine>
            <TextLine id="r5l40" custom="readingOrder {index:1;}">
                <Coords points="3421,5388 3499,5369 3638,5444 3737,5385 4918,5407 4919,5301 4851,5291 4649,5344 4281,5299 4207,5352 4077,5313 3879,5351 3748,5269 3661,5324 3422,5302"/>
                <Baseline points="3432,5364 3505,5369 3579,5372 3653,5374 3727,5375 3801,5376 3874,5376 3948,5376 4022,5376 4096,5376 4170,5376 4243,5376 4317,5376 4391,5376 4465,5376 4539,5378 4612,5379 4686,5382 4760,5384 4834,5388 4908,5394"/>
                <TextEquiv>
                    <Unicode>dahin befelt worden, daß anstatt der landts</Unicode>
                </TextEquiv>
            </TextLine>
            <TextLine id="r5l41" custom="readingOrder {index:2;}">
                <Coords points="3409,5498 3515,5474 3620,5531 4093,5486 4426,5545 4726,5483 4918,5522 4897,5406 4799,5446 4692,5407 4199,5444 4078,5386 3919,5442 3624,5441 3499,5370 3410,5406"/>
                <Baseline points="3420,5456 3494,5462 3568,5466 3643,5470 3717,5474 3792,5476 3866,5478 3940,5478 4015,5480 4089,5480 4164,5480 4238,5480 4312,5480 4387,5480 4461,5480 4536,5480 4610,5480 4684,5482 4759,5485 4833,5488 4908,5492"/>
                <TextEquiv>
                    <Unicode>beßerung, er 100 lb die ertrichten, wo nicht</Unicode>
                </TextEquiv>
            </TextLine>
            <TextLine id="r5l42" custom="readingOrder {index:3;}">
                <Coords points="3414,5595 3712,5585 3779,5638 3862,5578 4285,5607 4489,5569 4687,5620 4793,5565 4702,5505 4529,5549 4140,5497 4012,5536 3864,5489 3622,5531 3414,5501"/>
                <Baseline points="3424,5560 3492,5562 3560,5564 3628,5567 3696,5570 3764,5571 3832,5572 3900,5574 3968,5574 4036,5576 4104,5576 4172,5576 4240,5576 4308,5576 4376,5576 4444,5576 4512,5574 4580,5574 4648,5572 4716,5572 4784,5570"/>
                <TextEquiv>
                    <Unicode>ußschweren solle. Weilen nun er dise</Unicode>
                </TextEquiv>
            </TextLine>
            <TextLine id="r5l43" custom="readingOrder {index:4;}">
                <Coords points="3409,5670 3681,5720 3883,5648 4077,5714 4265,5667 4618,5710 4851,5670 4851,5590 4799,5578 4611,5634 4494,5573 4321,5632 3996,5567 3804,5615 3410,5596"/>
                <Baseline points="3420,5650 3491,5653 3562,5656 3633,5658 3704,5660 3775,5662 3846,5664 3917,5664 3988,5664 4059,5666 4130,5666 4201,5666 4272,5666 4343,5666 4414,5666 4485,5666 4556,5666 4627,5666 4698,5666 4769,5666 4840,5666"/>
                <TextEquiv>
                    <Unicode>100 lb die nit zubergen bringen können, als</Unicode>
                </TextEquiv>
            </TextLine>
            <TextLine id="r5l44" custom="readingOrder {index:5;}">
                <Coords points="3409,5752 3757,5748 3889,5805 4069,5743 4254,5798 4395,5763 4460,5812 4536,5768 4924,5773 4925,5697 4543,5674 4395,5725 4265,5666 4093,5713 3884,5647 3679,5720 3410,5668"/>
                <Baseline points="3420,5738 3494,5742 3569,5746 3644,5748 3718,5750 3793,5752 3868,5752 3942,5754 4017,5754 4092,5754 4167,5754 4241,5754 4316,5752 4391,5752 4465,5752 4540,5752 4615,5754 4689,5754 4764,5755 4839,5757 4914,5760"/>
                <TextEquiv>
                    <Unicode>hat er im chorhaus in by sein herren großweibels</Unicode>
                </TextEquiv>
            </TextLine>
            <TextLine id="r5l45" custom="readingOrder {index:6;} person {offset:0; length:14;}">
                <Coords points="3381,5872 3589,5829 4676,5866 4908,5829 4908,5777 4536,5768 4454,5811 3949,5760 3895,5810 3787,5753 3711,5789 3465,5747 3381,5796"/>
                <Baseline points="3390,5832 3465,5832 3540,5832 3616,5832 3691,5832 3767,5834 3842,5834 3917,5836 3993,5836 4068,5837 4144,5838 4219,5838 4294,5840 4370,5840 4445,5840 4521,5839 4596,5838 4671,5837 4747,5834 4822,5832 4898,5830"/>
                <TextEquiv>
                    <Unicode>Dachselhoffers und gerichtschrybers den ldt</Unicode>
                </TextEquiv>
            </TextLine>
            <TextLine id="r5l46" custom="readingOrder {index:7;}">
                <Coords points="3387,5964 3493,5907 3671,5982 4151,5916 4642,5995 4722,5936 4924,5932 4925,5842 4671,5892 4325,5839 3388,5872"/>
                <Baseline points="3398,5914 3473,5913 3549,5912 3625,5911 3701,5910 3777,5910 3852,5912 3928,5912 4004,5913 4080,5914 4156,5916 4231,5916 4307,5918 4383,5918 4459,5920 4535,5920 4610,5920 4686,5920 4762,5920 4838,5920 4914,5918"/>
                <TextEquiv>
                    <Unicode>sich uff gnad hin desandts ze ußeren, potict.</Unicode>
                </TextEquiv>
            </TextLine>
            <TextLine id="r5l47" custom="readingOrder {index:8;}">
                <Coords points="3379,6040 3727,6012 3813,6063 3863,6039 3965,6053 4089,6005 4181,6043 4199,5921 4107,5910 4033,5961 3955,5918 3919,5948 3767,5938 3661,5980 3495,5908 3379,5970"/>
                <Baseline points="3390,6008 3429,6006 3469,6005 3509,6003 3549,6002 3589,6002 3629,6002 3669,6002 3709,6002 3749,6004 3789,6004 3828,6004 3868,6006 3908,6006 3948,6006 3988,6006 4028,6006 4068,6004 4108,6004 4148,6001 4188,6000"/>
                <TextEquiv>
                    <Unicode>Actum 15. julii 1662.</Unicode>
                </TextEquiv>
            </TextLine>
            <TextEquiv>
                <Unicode>Den 27. junii 1682. Ist diser Züricher
dahin befelt worden, daß anstatt der landts
beßerung, er 100 lb die ertrichten, wo nicht
ußschweren solle. Weilen nun er dise
100 lb die nit zubergen bringen können, als
hat er im chorhaus in by sein herren großweibels
Dachselhoffers und gerichtschrybers den ldt
sich uff gnad hin desandts ze ußeren, potict.
Actum 15. julii 1662.</Unicode>
            </TextEquiv>
        </TextRegion>
    </Page>
</PcGts>
