5472 7296
1091 3859 1165 3963 2
686 2560 987 2747 111.
667 2736 1137 2924 Martennen.
919 674 1133 791 162.
1271 865 2825 1171 eheschidigung, man syn drußen in der
1316 1052 2844 1291 matten gesuchen, sittenmahl selbige ao 1660.
1299 1166 2831 1429 geschechen, er aber erst seits einem jahr
1333 1294 2789 1513 dahar in posses der selbigen kommen, zur
1312 1382 2832 1620 zeit seines vatters sel seye sy niemahlen
1307 1477 2777 1678 in derselben gewesen, er bekenne
1310 1594 2798 1794 daß in denen durch mehren die horrichter
1309 1692 2756 1898 verbottenen 1/2 jahren er sich mit ihre
1253 1813 2775 1992 vermischt, weilen er ihre auch die ehever
1282 1924 2787 2105 gsprochen gehabt, daß er aber vor der ehe
1301 2018 2750 2214 schidigung sich mit ihre fleischlich ver
1276 2138 2821 2348 geßen, könne er keines wegsgestechen
1282 2238 2735 2427 und wan sya es bekent, habe sy ihmme
2733 2319 2819 2418 2
1247 2343 2117 2517 groß unrecht gethan.
1148 2534 2776 2737 Drittens, hat man ihmme frutig der Mar
1278 2655 2693 2826 tenen halber remonstriert erstlich
1281 2761 2728 2937 wielofft er syn frequentiert und sich
1253 2858 2731 3022 durch vielfaltig gehabte gemeinschafft
1274 2952 2728 3133 so verdächtig gemacht, daß anders nichts
1241 3061 2760 3240 beschließen, dan daß er sich mit ihrem
1237 3146 2704 3345 undersucht vergeßen, wie dan solches uß
1211 3258 2746 3461 dem chorgrichtlichen bericht litt. c. abze
1235 3386 2756 3523 nehmen, hieruff gaber zur andtworten.
1242 3464 2732 3660 es seye solches ehergrichtlich ußgemacht,
1233 3590 2730 3757 und habe sich solche anklag niemahlen
1241 3669 2112 3867 erfinden können.
1174 3818 2703 4038 Zum anderen, obwohl ihmme den 11. apri
1237 3966 2703 4075 1660 heitter verbotten worden, mit ihre
1222 4052 2591 4220 nit zu convergieren, habe er dod
1217 4167 2706 4347 solches vbersechen in dem vor einem
1212 4266 2672 4441 jahr am regiment sy by einander
1204 4358 2731 4552 in seinem haußgen, alda mit einanderen
1187 4461 2717 4643 donnabend geßen, ja auch über diß seit
1199 4562 2709 4749 sya drußen in seiner matten zu under
1212 4694 2661 4871 schidenlichen mahlen gsin, dannenhero
1176 4785 2685 4995 ohr zur erkent (wie sit. B. gesechen
1178 4909 2686 5096 da� sya als ein ehebrecherin gestrafft
1178 5013 2674 5176 werden solle und damit er seite, wie
1170 5100 2613 5308 gnugsam solches uff ihne zu bewysen,
2607 5183 2661 5236 1
1164 5222 2610 5410 und ihme die vor ehegricht verhörtte
1135 5316 2676 5519 grundtschafften mit lit und in Margre
1156 5434 2663 5625 eintrysbley Martenen gereichnet,
2211 5533 2627 5694 über disen
1123 5569 1904 5766 vorgelesen worden.
2240 5665 2588 5828 letstern
3415 983 4986 1189 letsteren puncten, hat er sich also beandt
3419 1111 5005 1287 worttet, als er am selben regimentstag
3427 1205 4952 1396 vom feld heimkommen sein roßende
3404 1309 4893 1517 gstellen, habe er mit verwunderen dise
3410 1421 4995 1617 persohnen, welche daß hauß offen gesechen
3411 1557 4948 1723 sittenmahl der haußman drinnen gegen
3421 1656 4906 1823 wesen) alda gefunden, die ergeheißen
3399 1744 4890 1948 hinaußgehen habe nemen müeßen
3265 1861 4899 2058 daß ihr vorhaben gewesen, mit einen
3345 1975 4917 2150 Ber bse das veld ze gechen, als sy aber
3316 2079 4921 2277 daß hauß offen gesechen, seiend sy unver
3394 2174 4845 2380 schambter weis darein gangen, sy die
3387 2289 4953 2491 scharttenen zu dem end, wylen sy ver¬
3398 2433 4908 2600 nohmen, daß er 700 lb von hern schurm
3387 2515 4942 2668 entlehnt und einen gwüßen rung gehabt.
3395 2597 4973 2808 daß syn ihme über daß bußet brechen könne.
3394 2709 4939 2903 mit hochen betheüwren, er habe von disen
3386 2801 4923 2991 ihrem vorhaben nichts gewüst habe keinen
3396 2926 4815 3097 bißen mit ihnen greßen, und als der
3371 3015 4889 3204 haußman hinweg gesegen wollen, habe er
3378 3124 4789 3317 ihme solches nit gestattet, sonder der
3378 3229 4854 3407 haußman seie stets by ihnen verblyben
3379 3330 4798 3515 niemahlen einzig by ihre gewesen,
3384 3432 4868 3625 jen also disere frequentation nicht ein
3410 3555 3697 3712 ursach.
3353 3704 4902 3920 wüßen by seiner matten seye syn zweymahl
3381 3837 4851 4010 gsin, aber nicht drinnen in hauß, daß
3379 3929 4859 4100 erste mahl am frytag nach der uffarth
3380 4024 4873 4197 er habe aber solchen ordruß darab gehabt
3367 4110 4800 4298 daß er syn mit seinem bielin schlachen
3368 4216 4824 4387 wollen, welches die haußfr erwehrt
3371 4320 4878 4490 als sy a gesuchen, daß er sehr erzörnt worden.
3355 4410 4850 4601 das andermahl seie gsein, als er sich fort
3346 4505 4847 4698 begeben, da habe sy sich auch rencontriert
3359 4619 4828 4779 und anlaß genommen mit ihme zureden
3364 4704 4849 4876 und ihnne zu beschelten, daß er syn an
3365 4821 4641 4986 klagt, sy seie ein ursach, daß die
3365 4912 4819 5077 Waberin ihnne angeben, wan er das
3352 5010 4771 5163 rede, sein er ein schelm, daruff er
3371 5086 4762 5251 geandtwortet, Ja syn seie die Vrsachen
3356 5178 4742 5343 und syn rede, rev, wie ein hur, daß
3372 5279 4826 5442 mend die wortt gsein, was er mit ihre
3347 5360 4605 5533 geredt, es seyend aber damahlen
3369 5461 4769 5619 indere leüth, wie auch sein schwager
3303 5549 4503 5718 Reinhard by ihnen gewesen.
4362 5642 4507 5796 3
3045 795 3270 944 163.
