5472 7296
1057 629 1253 746 132
1058 1006 1134 1132 .
1376 734 2946 1039 Dritte Landtag vnnd wider Hanns
1401 927 2975 1186 Augspurger, so nit herfürgangen und i
1323 1015 2732 1266 geschinnen gefeltes vrkund.
1332 1181 2916 1565 Ich Hanns Baderath Frey weile
1414 1423 2861 1687 im anderen theil des landtgrichts
1407 1544 2822 1762 Conolfingen, thun kund offentlich
1356 1635 2840 1882 hiemit, daß uff donstag den sechsten
1362 1742 2803 1906 luntermonats deß lauffenden
1369 1838 2841 2023 1662 jahrs als ich in weren und
1377 1939 2873 2174 anstatt der hochgeachten wolfeilen.
1360 2033 2799 2243 und Hochnensen Herren Herren
1276 2139 2805 2322 schultheißen und Rath der statt
1329 2259 2833 2483 Hern miner hochgeehrten gnädigen
1343 2330 2761 2527 gebretenden Herren und Oberen
1348 2438 2773 2619 zu gedachtem Konolfingen by dem
1357 2521 2785 2749 landt stull an Freyer landtstraß
1332 2626 2672 2806 zu grichts und in offenem
1326 2726 2770 2934 cantag recht hielt vor mir und
1291 2834 2748 3048 den nachgemelten 24. geschwornen
1323 2937 2762 3154 hinhat ernamset vnd berufft er¬
1318 3027 2782 3232 schinen ist, der Edel Ehrenvest hoch¬
1318 3126 2682 3318 geacht, zwaren, herreichtig vnd
1298 3229 2774 3432 zogweise Herr H. Christossel von
1286 3312 2781 3509 Groffenried mit der zu worb
1322 3417 2761 3596 kerner und deß nachlichen raths der
1314 3513 2758 3655 Statt Bern in namen zu austat
1254 3597 2795 3776 deß hochgeachten ehren und nohtwesten
1290 3691 2763 3873 fürnen, fürsichtig, und hochwysen
1285 3793 2582 3949 Herren ihr Sammel Frischings
2601 3857 2650 3916 e
1308 3889 2729 4057 vermer disers landgrichts dißmahlen
1314 3981 2772 4132 aber abwesend und in oberkeitlichen
1328 4079 2706 4225 comissionen begriffen vnß geheiß
1303 4164 2711 4305 und bereich hochermals mahl und
1272 4249 2738 4418 oberen der ließe uff rechtlich erkenn
1261 4355 2711 4499 ter zeit durch fort imme mit
1285 4452 2683 4627 Vrtheil und recht vergünstigten
1277 4540 2690 4697 versprechen den ehrsammen hund
1242 4637 2664 4820 wol bescheidenen Andres Moosen
1241 4736 2631 4912 des grichts signaues öffen.
1227 4831 2697 4983 was massen Hanns Augsperger
1266 4929 2677 5120 von der balds hausen grichts betzingen
1206 4998 2695 5198 Den 24. augsten jüngst im wirts
1192 5137 2684 5307 Hanß alda zwüschen tag und nacht
1223 5235 2676 5406 der wegti daselbst Anna Scher
1162 5338 2639 5496 tonderb sel in Zornigen muth
2367 5475 2580 5590 einen
3198 777 3405 892 133.
3526 1056 5030 1308 einen solchen hand stoß gegeben, daß
3516 1182 4982 1371 sey alsbald zu boden gehalten, vnnd
3513 1288 4968 1483 morderst darvon sterben mußen,
3501 1407 4968 1590 mit begehren, daß die schon hierüber
3877 1504 4013 1590 i
4004 1530 4058 1595 9
3492 1504 4878 1683 gefelte freunden eben der der
3456 1620 4953 1788 Hrr Großweibel Jamel im Hoff vnd
3445 1746 4961 1909 dem grichtschreiber uß oberkeitlichen
3457 1838 4976 2017 bevelch vffgenommene Information
3486 1922 4932 2104 und kundtschafft verhör, wie auch der
3456 2022 4059 2182 Durch herren
4343 2048 4902 2202 Wilhelm der
3470 2130 4866 2289 Arter Doctoren vnd Herren
3477 2233 5003 2410 Abraham Andres wend artzet beid
3463 2346 4911 2518 von ihr gnaden bestelte Visitatores
3471 2458 4866 2623 uffgesetzte schrifftliche bericht, wie
3428 2562 4870 2735 die bemelte Scherten leibel, vff
3444 2668 5022 2836 beschechene offnung vnd erschauwung
3405 2785 4896 2932 der Conuerlichen edlen partheyen be¬
3432 2873 4942 3026 schaffen gfunden worden, auch die
3413 2972 4910 3127 harumb verhandene Satzung ver¬
3433 3057 4856 3214 lesen werden möchte. Als nun
3415 3169 4872 3336 solches beschechen, vnd sich durch ange¬
3429 3268 4934 3448 rigte zwey erkhend befunden, daß
3389 3377 4927 3550 den 20 litermonat Jungst bereichen
3427 3483 4891 3620 alhie zu Konolfingen der erst vnd
3429 3572 4879 3746 andere landtag offentlich gehalten
3426 3657 4919 3842 und verführt und imme Hanns Ange
3422 3758 4819 3915 pfurger damahlen ordenlich ins
3413 3863 4883 4025 recht gerukt, er aber sich zu verant
3392 3972 4870 4112 wworten nit erschinen verners zu
3408 4070 4788 4237 gleicher Zeit Ihme gebuhrender
3409 4159 4869 4306 maßen verkundet worden, daß
3412 4276 4910 4410 Es heut dato vorgemelt der dritt
3384 4363 4874 4522 bred letste Constag angestelt gege¬
3361 4478 4787 4626 Begehrte nun wolermell Rhl.
3393 4565 4851 4724 keiner von Graffen vnd aner
3375 4697 4775 4839 Vrtheil zu erfahren, wessen er sich
3362 4750 4853 4909 wderters zu verhalten habe. hierauf
3358 4848 4819 5010 ward uff beschechenen rechtsatz vnd
3357 4949 4832 5117 mein des Richters vmbfrag von den
3335 5057 4267 5236 eyd zu recht erkennt.
3313 5182 4858 5363 daß erstlich die kleider her fürgelegt
3341 5310 4733 5461 der ring an eier ohrten geoffnet
4555 5423 4739 5548 bond
