5472 7296
1203 952 2826 1228 um dritten, daß er sich gelteret und nicht
1275 1110 2792 1315 gestechen dorffen es bysorgen, daß sie ihmme
1300 1226 2782 1442 solches ander angen erhalten wurden.
1309 1316 2821 1568 wie sy dan auch sich erbotten, und wan syn
1294 1409 2734 1619 also were ihm gerichtet worden, (da er
1261 1563 2772 1744 hingegen sein unschuld vorgebt were.
1289 1643 2802 1868 er die ursach ihres todts gsehen, in deme se
1297 1741 2741 1958 ihre unschuld nit an tag geben hette
1267 1870 2777 2150 Über dise drei sumten ist er frütig
1264 2042 2493 2241 mit diser andtwordt begegnet,
1192 2139 2793 2368 Erstlichen wegen der ihme groffenbahr
1226 2259 2739 2470 ati particulariteten, seye sy ein vn
1258 2371 2710 2564 verschambte weybs persohn gewesen
1246 2476 2745 2659 die sich nit geschochen, von sich selbsten
1222 2591 2759 2776 dergleichen vorgebringen, wie er solches
1262 2669 2761 2871 mit hern Jacob Röng se bewysen wolte.
1247 2791 2749 2977 wan er noch by leben were, dan als
1251 2891 2748 3089 er uff einkeit mit ihme herren lang sel
1245 3025 2751 3195 uff dem kirchhooff von ihrer theillung
1214 3106 2690 3274 stryttigkeit geredt, und ihnne in
1250 3205 2742 3386 sein hauß führen und daß Theillibel
1229 3313 2756 3503 zeigen wollen, habe dise unverschambte
1217 3406 2759 3600 persohn underwegs by mehren jr Wilhelm
1253 3522 2696 3680 von dießbachs hauß ohngescheücht und
1249 3643 2743 3786 auch vor ihmme er können selbsten under
1236 3716 2719 3895 schidenliche sachen fürbracht, und zwar
1234 3818 2692 3952 anfangs ihnne also angeredt, Ob er
1225 3910 2676 4089 noch hon sein, worumb er es also ge
2613 4016 2653 4108 us
1219 4013 2701 4204 schlagen. Dan seith syn by dem herren
1223 4122 2657 4297 gsien, seie kein nacht, daß nicht zwen oder
1222 4214 2545 4413 by ihre gewesen, vorgangen,
1208 4319 2686 4497 welches ergern dem chorgricht geoffen,
1200 4426 2705 4591 gbahret hette, wylen (ya aber ein leichtfer
1201 4529 2674 4703 tige persohn ware, und uff solche red
1179 4616 2704 4790 die syn wider zuruck ziechen oder anderst
1177 4724 2623 4890 ußlegen können, furnemme, leüth in
2630 4789 2689 4886 3
1186 4839 2716 4994 nach red und ungelegenheit bringen können.
1154 4920 2652 5088 habe er solches vnderlaßen, habe aber
1167 5005 2689 5202 zu abhaltung ihres vorhaben den vatter
1168 5122 2594 5294 mr Niclauß wäber vor ohngefahr
1180 5184 2679 5417 einem jahr vor iren obersten von Watter
1167 5331 2678 5517 wyls hauß angeredt und ihme anzeigt,
1161 5434 2599 5637 sein tochter begehre ihne frutig in
1175 5513 2688 5743 Ungluck ze bringen und daß schon zum
1162 5675 2640 5841 2 oder 3 mahl, solle sye dard darvon
2391 5741 2561 5885 ab
926 659 1133 790 158
3408 1076 4989 1229 abhalten, wo nicht, wolle er ihro einen arm
3404 1185 4975 1342 von dem lyb hauwen, über welches wurde
3428 1279 4995 1468 gesagter mr Wäber expros beschickt und mit
3427 1378 5001 1555 ihme frutig confrontiert, der hat zwar deßen
3426 1466 4971 1646 nit in abred sein können, aber darby sich er
3428 1567 4942 1737 leütteret, daß er fruttig nit ußgetruckt,
3418 1659 4973 1849 was er mit dem wortt (in ungelegenheit
3404 1759 4968 1893 bringen) verstande, derowegen vermeint
3414 1853 4964 2041 sein verstand seye, daß sein tochter ihnne
3399 1966 4975 2125 hin und her ußmache und verlümde, sonst
3377 2048 4947 2244 hette er nit ermanglet seiner tochter zu
3390 2156 4982 2339 zesprechen. Als ergeobachtet, daß sein tochter
3398 2274 4942 2455 Schnanger, habe er ihro solches vorgehalten
3393 2378 4933 2559 und gesagt, meytli es hat gefählt, solle es
3390 2465 4969 2663 bekennen, welches schaffnemet, aber entlich
3380 2585 4954 2790 ürgeben, sy seye vom Pryman schwanger
3385 2693 4717 2878 habe ihme vom frütig nichts gesagt.
3280 2809 4855 3029 Gelangend den ander puncten, ihro der
3393 2935 4927 3122 wäber in so freywillige bekantnuß, dar
3887 3046 4006 3122 albe
3387 3050 4906 3230 mit syn ihren die todts straff uff den halsge
3352 3169 4930 3352 zogen und daruff gstorben, mit erzellung
3390 3254 4889 3403 aller umbständen, hat ersper wider ein
3365 3367 4790 3550 getrient. Es könne nicht sein, daß sy
3357 3473 4775 3639 daruff gestorben, dan sy by dreymahl
3386 3579 4886 3748 vier und zwentzig stunden vor ihrem
3366 3657 4754 3830 todt, kein wortt geredt, hette nichts
3341 3750 4900 3935 höchers erwentschen mögen, dan daß sy nicht
3359 3864 4887 4034 gestorben, sondern an der Marter kommen
3379 4011 4790 4140 und geschlagen worden, dan zumahlen
3350 4088 4831 4220 die wahrheit an die tag kommen were, als
3356 4168 4863 4348 man ihmme solchen todt angezeigt, seie er
3374 4277 4850 4440 alsbald erschrocken uß besorgens, man
3365 4375 4787 4540 möchte uff diser ihrer anklag etwas
3333 4475 4765 4650 halten, da doch daruff nichts gesech.
3378 4588 4795 4758 sittenmahl syn vor chorgricht zu erst
3322 4681 4808 4858 den Reyman zu einem Vatter angelen
3362 4783 4720 4963 und daruff lang verharret, hernach
3360 4872 4857 5064 seinen bruder Peterman, endtlichen ihne
3389 4983 4792 5131 daruß dan gnugsam abzunemen, wie
3362 5063 4776 5245 ein leichtfertige persohn, sy seie, die
3345 5183 4827 5337 so vielmahlen geenderet, deren kein
3357 5269 4796 5446 glauben zu zesetzen, es hette aber die
3349 5371 4772 5523 Marter alles uß ihren und auch sein
3311 5464 4709 5629 unschuld an das tag gebracht, sy seie
3349 5562 4654 5700 einem schneidacher verheißen gsein
3267 5656 4770 5828 der syn umbgezogen. Darvon aber der
4311 5755 4569 5881 pier
3046 821 3279 979 157.
