4032 3024
1198 382 1298 479 164
1336 461 1693 623 Röüttigenn.
1278 562 1920 701 Hans Kornen von Röüttigen, mitt zustand
1303 657 1902 756 Anthoni Kernen, spricht der ehe ann
1280 709 1891 809 Elsbett Comen ouch von könttigern
1295 768 1905 853 mitt anzeige, wie das er der Vatter
1310 818 1892 911 kernen, nach dem er ein gutten
1315 876 1901 967 willen by der gantzen fründt.
1307 925 1909 1037 schafft gespürtt, sy die Elsbett
1301 990 1895 1090 irem vatter petter könnenn
1305 1052 1895 1137 sinem son zu eheren abgehöüschen
1306 1109 1907 1213 der dan dieselb ime uffrecht vnd
1305 1176 1888 1273 redlich in hingeschlagen, vnnd
1315 1237 1899 1340 versprochen, Nach dem selben die
1304 1306 1903 1382 dochter auch in die stuben kommen
1302 1358 1897 1465 da der handstreych beschechen, die
1305 1428 1880 1514 radte er an sprechende, welle
1299 1488 1869 1593 y irem vatter volgen, so solle sy
1306 1558 1888 1665 ime die hand rechen, und ver¬
1273 1618 1838 1729 heysen, habe sy sich ein wenigen
1295 1695 1855 1785 bhut, vnd seytte der Vatter zu
1306 1763 1859 1860 ira, sy soltte volgen, habe sie
1299 1832 1880 1939 Demnach uff ires bruders Baltin
1304 1881 1874 1993 red, das solches ira mitt schaden
1305 1962 1884 2074 wurde, die hand gepotten, ver¬
1303 2020 1878 2139 meint also sy solle sinem son ir
1288 2089 1861 2224 zusagen haltten, vnd gewisen
1299 2173 1848 2284 werden, den kilchgang mitt
1288 2235 1864 2365 ime zevolnbringen, entgegen
1292 2292 1854 2411 gesagter petter können der
1270 2375 1876 2484 Dochter vatter nitt absin können
2546 312 2630 413 165.
1987 396 2645 576 dan das er ime dem altten keinen
2015 467 2643 620 sin dochter für Hans Kernen hinge¬
2020 527 2649 702 schlagen, und versprochen, die noch
1999 569 2655 765 sich welchen der sich be
2013 641 2653 818 ein fortgang gewanne, die dochte
2013 716 2621 870 aber zeigt an, wie sy dhein lust,
2014 799 2645 932 noch liebe, zu gedachtem Jungenn
2000 861 2639 1002 fernen trage, vermeine auch das
2008 923 2651 1065 so das solle schaden, das sy ime die hald
2022 990 2639 1125 erckt, wyl sy es nitt dermeinung
2009 1060 2663 1196 gethan, Ime dadurch die Ehe zeuerheissen
1997 1126 2655 1244 vnd wan Ir bruder Bolti nitt geredt
2010 1191 2645 1306 hätte, sy soltte ime mit die handres
2008 1261 2646 1367 es schade ira doch mitt, vnd so hätte sy
2008 1314 2655 1429 es nitt gethan, verhoffet es werde
2008 1379 2640 1483 uns nitt billich duncken, die wyl sy
2000 1441 2663 1559 ime selbs mitt verheysen habe, das des
1994 1498 2673 1621 vatters versprechung ira schaden sollen
1996 1581 2671 1691 und das man sy darin nitt zwingen
1989 1652 2638 1753 werde, behartt hiemitt, von Ime
1987 1720 2682 1825 kernen aller ehe ansprächlidig erkent,
1997 1791 2664 1899 zewerk. Cognitum, diewyl die
2000 1856 2684 1961 Tochter, dhein willen, bist noch liebe
2011 1929 2690 2031 nie zu gedachtem jungen kernen tragen
1995 1993 2639 2098 vnd ime nütt verheysen, so solle
1993 2053 2676 2164 deshalb uss krafft der satzung, das
1997 2119 2638 2215 weder Vatter, mutter, fründe noch
2003 2189 2685 2279 verwandt, ire khind und vertruwen
1988 2253 2684 2338 in dein ehe zwingen sollend, noch mögend
2017 2321 2698 2411 solche ehr ansprach uffgehept, und hiemit
2008 2375 2686 2465 joden erloupt sin, sich anderfart zeuer
2014 2429 2704 2514 ehelichen, Denne, solle er der altte Commen
2014 2479 2683 2567 ime dem kernen, diewyl er siner dochter
2015 2536 2667 2610 nitt bester erkhundiget, allen zimlichen
2019 2595 2678 2671 billiche fosten die ehehandels halb uffgelüffen
2017 2635 2314 2734 abzugeden.
