<?xml version="1.0" encoding="UTF-8" standalone="yes"?>
<PcGts xmlns="http://schema.primaresearch.org/PAGE/gts/pagecontent/2013-07-15" xmlns:xsi="http://www.w3.org/2001/XMLSchema-instance" xsi:schemaLocation="http://schema.primaresearch.org/PAGE/gts/pagecontent/2013-07-15 http://schema.primaresearch.org/PAGE/gts/pagecontent/2013-07-15/pagecontent.xsd">
    <Metadata>
        <Creator>prov=University of Rostock/Institute of Mathematics/CITlab|PLANET AI GmbH/Gundram Leifert/gundram.leifert@planet-ai.de:name=German_Kurrent_XVI-XVIII_M5.2(htr_id=38305)::::v=2.6.7
prov=University of Rostock/Institute of Mathematics/CITlab|PLANET AI GmbH/Tobias Gruening/tobias.gruening@planet-ai.de:name=de.uros.citlab.module.baseline2polygon.B2PSeamMultiOriented:v=2.6.7
prov=University of Rostock/Institute of Mathematics/CITlab|PLANET AI GmbH/Tobias Gruening/tobias.gruening@planet-ai.de:name=/net_tf/LA73_249_0mod360.pb:de.uros.citlab.segmentation.CITlab_LA_ML:v=2.6.7
Transkribus</Creator>
        <Created>2021-11-02T15:14:20.710+01:00</Created>
        <LastChange>2021-12-05T14:24:42.492+01:00</LastChange>
        <TranskribusMetadata docId="822504" pageId="30662192" pageNr="108" tsid="69418427" status="IN_PROGRESS" userId="101542" imgUrl="https://files.transkribus.eu/Get?id=QAVNGZPIHYWRXZSXWTXXLSQK&amp;fileType=view" xmlUrl="https://files.transkribus.eu/Get?id=TCNXMYLEMXPZSFHVTVWGZGZI" imageId="24122267"/>
    </Metadata>
    <Page imageFilename="Foto 26.10.21, 3 03 42 PM.jpg" imageWidth="4032" imageHeight="3024">
        <ReadingOrder>
            <OrderedGroup id="ro_1687514391707" caption="Regions reading order">
                <RegionRefIndexed index="0" regionRef="r1"/>
                <RegionRefIndexed index="1" regionRef="r2"/>
                <RegionRefIndexed index="2" regionRef="r3"/>
            </OrderedGroup>
        </ReadingOrder>
        <TextRegion orientation="0.0" id="r1" custom="readingOrder {index:0;}">
            <Coords points="1274,313 1274,469 1340,469 1340,313"/>
            <TextLine id="r1l1" custom="readingOrder {index:0;}">
                <Coords points="1268,451 1282,452 1297,438 1310,445 1318,440 1332,445 1352,441 1343,343 1325,344 1316,355 1297,353 1282,365 1269,358 1259,359"/>
                <Baseline points="1274,419 1307,418 1340,413"/>
                <TextEquiv>
                    <Unicode>210</Unicode>
                </TextEquiv>
            </TextLine>
            <TextEquiv>
                <Unicode>210</Unicode>
            </TextEquiv>
        </TextRegion>
        <TextRegion orientation="0.0" id="r2" custom="readingOrder {index:1;}">
            <Coords points="1308,431 1308,2262 1976,2262 1976,431"/>
            <TextLine id="r2l1" custom="readingOrder {index:0;}">
                <Coords points="1360,469 1531,473 1613,519 1744,494 1809,532 1883,505 1947,543 1967,539 1973,491 1911,443 1714,434 1671,403 1584,416 1508,381 1369,383"/>
                <Baseline points="1371,455 1400,458 1429,460 1459,463 1488,466 1518,470 1547,472 1576,475 1606,478 1635,480 1665,484 1694,487 1723,489 1753,493 1782,496 1812,500 1841,504 1870,507 1900,512 1929,516 1959,521"/>
                <TextEquiv>
                    <Unicode>Mittwuchen den 24. Aprilis</Unicode>
                </TextEquiv>
            </TextLine>
            <TextLine id="r2l2" custom="readingOrder {index:1;}">
                <Coords points="1403,520 1480,546 1516,525 1535,541 1564,533 1596,557 1616,546 1663,567 1693,551 1752,569 1776,553 1811,587 1851,570 1920,593 1927,519 1852,501 1806,530 1743,493 1717,509 1607,486 1579,502 1533,473 1407,470"/>
                <Baseline points="1413,515 1438,518 1463,520 1488,523 1513,525 1538,529 1563,531 1588,533 1613,536 1638,538 1663,541 1688,543 1713,546 1738,548 1763,549 1788,552 1813,554 1838,556 1863,558 1888,560 1914,561"/>
                <TextEquiv>
                    <Unicode>1594 l. praeses herr Galdin,</Unicode>
                </TextEquiv>
            </TextLine>
            <TextLine id="r2l3" custom="readingOrder {index:2;}">
                <Coords points="1381,606 1449,577 1531,608 1638,616 1671,599 1725,622 1764,603 1823,616 1852,648 1931,638 1981,685 1989,612 1933,563 1898,588 1851,572 1812,587 1789,559 1689,579 1518,525 1485,546 1388,541"/>
                <Baseline points="1395,576 1424,578 1453,579 1482,581 1511,582 1540,585 1569,587 1598,590 1627,592 1656,594 1685,597 1714,600 1743,604 1772,607 1801,611 1830,616 1859,621 1888,626 1917,631 1946,637 1976,642"/>
                <TextEquiv>
                    <Unicode>herr Walthartt, minicht hr. di</Unicode>
                </TextEquiv>
            </TextLine>
            <TextLine id="r2l4" custom="readingOrder {index:3;}">
                <Coords points="1383,664 1461,652 1505,681 1593,656 1664,698 1717,683 1778,702 1804,686 1822,707 1878,694 1954,725 1962,650 1856,651 1812,614 1713,626 1656,603 1529,608 1457,580 1390,593"/>
                <Baseline points="1395,641 1422,642 1450,644 1477,646 1505,647 1533,649 1560,651 1588,654 1615,657 1643,659 1671,662 1698,665 1726,668 1753,671 1781,675 1809,678 1836,682 1864,686 1891,691 1919,695 1947,701"/>
                <TextEquiv>
                    <Unicode>Ciuiu Rüsch. Dachselhoffen</Unicode>
                </TextEquiv>
            </TextLine>
            <TextLine id="r2l5" custom="readingOrder {index:4;}">
                <Coords points="1367,745 1409,755 1468,732 1535,757 1567,735 1609,766 1724,781 1759,755 1819,788 1876,756 1952,792 1957,742 1802,686 1778,702 1717,682 1614,697 1561,653 1507,683 1375,666"/>
                <Baseline points="1380,707 1408,708 1436,710 1464,711 1492,713 1521,714 1549,714 1577,717 1605,719 1633,720 1662,723 1690,725 1718,729 1746,732 1774,735 1803,739 1831,743 1859,748 1887,752 1915,757 1944,764"/>
                <TextEquiv>
                    <Unicode>zechender, wiechselmann</Unicode>
                </TextEquiv>
            </TextLine>
            <TextLine id="r2l6" custom="readingOrder {index:5;}">
                <Coords points="1544,851 1575,847 1586,838 1614,860 1648,853 1680,874 1697,867 1711,871 1722,777 1678,767 1669,774 1658,769 1645,774 1590,757 1555,763"/>
                <Baseline points="1556,831 1585,833 1614,836 1644,840 1673,845 1703,846"/>
                <TextEquiv>
                    <Unicode>Bern.</Unicode>
                </TextEquiv>
            </TextLine>
            <TextLine id="r2l7" custom="readingOrder {index:6;}">
                <Coords points="1376,883 1443,903 1558,886 1605,908 1643,891 1662,910 1724,902 1908,950 1943,946 1952,859 1870,867 1806,821 1680,873 1592,843 1453,845 1383,817"/>
                <Baseline points="1386,872 1413,873 1440,875 1468,876 1495,878 1523,879 1550,883 1578,884 1605,886 1633,889 1660,893 1687,896 1715,899 1742,902 1770,905 1797,910 1825,913 1852,917 1880,922 1907,925 1935,929"/>
                <TextEquiv>
                    <Unicode>Barthlome herman dem Thor¬</Unicode>
                </TextEquiv>
            </TextLine>
            <TextLine id="r2l8" custom="readingOrder {index:7;}">
                <Coords points="1417,937 1474,937 1522,971 1548,954 1574,975 1714,962 1753,993 1805,967 1907,1005 1947,995 1950,948 1819,938 1759,910 1734,926 1681,897 1590,906 1555,887 1421,903"/>
                <Baseline points="1428,926 1453,928 1479,931 1504,933 1530,936 1555,938 1581,941 1606,943 1632,945 1657,948 1683,951 1708,953 1734,956 1759,959 1785,962 1810,966 1836,970 1861,973 1887,977 1912,982 1938,986"/>
                <TextEquiv>
                    <Unicode>wartt, Ist fürghaltten, wie</Unicode>
                </TextEquiv>
            </TextLine>
            <TextLine id="r2l9" custom="readingOrder {index:8;}">
                <Coords points="1389,1004 1473,1026 1532,1005 1578,1029 1619,1010 1645,1034 1744,1020 1768,1043 1816,1027 1957,1081 1967,994 1898,1010 1872,982 1751,992 1716,962 1623,987 1559,959 1394,960"/>
                <Baseline points="1401,983 1428,987 1455,989 1483,992 1510,996 1538,998 1565,1000 1593,1003 1620,1005 1648,1007 1675,1010 1702,1012 1730,1016 1757,1018 1785,1021 1812,1025 1840,1029 1867,1033 1895,1037 1922,1040 1950,1046"/>
                <TextEquiv>
                    <Unicode>er an märits tagen, vil gaster</Unicode>
                </TextEquiv>
            </TextLine>
            <TextLine id="r2l10" custom="readingOrder {index:9;}">
                <Coords points="1396,1065 1476,1093 1577,1061 1638,1081 1667,1071 1708,1095 1746,1080 1863,1107 1929,1099 1933,1057 1893,1067 1875,1049 1815,1054 1786,1037 1733,1047 1700,1021 1597,1043 1545,1007 1470,1029 1401,1009"/>
                <Baseline points="1407,1049 1432,1050 1458,1051 1483,1052 1509,1055 1535,1057 1560,1059 1586,1061 1611,1063 1637,1065 1663,1068 1688,1070 1714,1073 1739,1076 1765,1078 1791,1081 1816,1084 1842,1086 1867,1088 1893,1090 1919,1092"/>
                <TextEquiv>
                    <Unicode>von buren volk haltte, vnd</Unicode>
                </TextEquiv>
            </TextLine>
            <TextLine id="r2l11" custom="readingOrder {index:10;}">
                <Coords points="1376,1131 1605,1146 1635,1124 1690,1126 1863,1165 1946,1163 1952,1095 1894,1110 1740,1081 1714,1096 1666,1071 1620,1086 1579,1064 1483,1089 1382,1061"/>
                <Baseline points="1389,1107 1416,1107 1443,1109 1471,1110 1498,1112 1526,1113 1553,1116 1581,1117 1608,1120 1636,1121 1663,1124 1690,1127 1718,1129 1745,1131 1773,1135 1800,1137 1828,1139 1855,1142 1883,1145 1910,1146 1938,1148"/>
                <TextEquiv>
                    <Unicode>wan sy sich in zun zytt by iren</Unicode>
                </TextEquiv>
            </TextLine>
            <TextLine id="r2l12" custom="readingOrder {index:11;}">
                <Coords points="1344,1190 1500,1194 1552,1175 1655,1206 1729,1189 1824,1227 1888,1209 1925,1226 1948,1218 1951,1180 1909,1154 1780,1160 1731,1136 1701,1158 1628,1130 1534,1148 1347,1139"/>
                <Baseline points="1356,1166 1385,1166 1414,1167 1443,1167 1472,1169 1502,1170 1531,1173 1560,1174 1589,1177 1618,1179 1648,1182 1677,1184 1706,1187 1735,1189 1764,1192 1794,1195 1823,1198 1852,1200 1881,1202 1910,1205 1940,1206"/>
                <TextEquiv>
                    <Unicode>verstättind, habind sy by ime</Unicode>
                </TextEquiv>
            </TextLine>
            <TextLine id="r2l13" custom="readingOrder {index:12;}">
                <Coords points="1373,1237 1536,1234 1575,1272 1635,1240 1682,1284 1759,1254 1798,1275 1824,1259 1937,1299 1941,1240 1834,1236 1726,1188 1653,1207 1627,1184 1575,1199 1534,1175 1483,1205 1376,1195"/>
                <Baseline points="1385,1224 1412,1226 1439,1228 1466,1229 1493,1231 1520,1233 1547,1236 1575,1238 1602,1239 1629,1242 1656,1244 1683,1247 1710,1248 1737,1251 1765,1254 1792,1257 1819,1257 1846,1260 1873,1263 1900,1264 1928,1266"/>
                <TextEquiv>
                    <Unicode>ein gwüssen uss und yngang</Unicode>
                </TextEquiv>
            </TextLine>
            <TextLine id="r2l14" custom="readingOrder {index:13;}">
                <Coords points="1355,1337 1408,1311 1546,1306 1611,1334 1802,1329 1870,1371 1947,1354 1950,1306 1824,1258 1792,1278 1759,1255 1694,1285 1638,1248 1595,1282 1545,1241 1469,1277 1362,1250"/>
                <Baseline points="1368,1293 1396,1295 1425,1296 1453,1298 1482,1300 1510,1302 1539,1304 1567,1307 1596,1309 1624,1312 1653,1314 1681,1316 1710,1319 1738,1321 1767,1322 1795,1324 1824,1326 1852,1328 1881,1329 1909,1331 1938,1332"/>
                <TextEquiv>
                    <Unicode>Ist verwarnet, er solle sich alle</Unicode>
                </TextEquiv>
            </TextLine>
            <TextLine id="r2l15" custom="readingOrder {index:14;}">
                <Coords points="1367,1374 1445,1370 1477,1400 1557,1386 1579,1400 1600,1384 1632,1413 1672,1400 1805,1417 1851,1400 1892,1414 1917,1406 1922,1354 1872,1370 1802,1329 1649,1337 1634,1323 1527,1341 1468,1307 1372,1324"/>
                <Baseline points="1380,1355 1406,1356 1432,1358 1459,1359 1485,1362 1512,1364 1538,1366 1564,1369 1591,1371 1617,1373 1644,1376 1670,1378 1696,1381 1723,1383 1749,1385 1776,1388 1802,1390 1828,1391 1855,1394 1881,1394 1908,1395"/>
                <TextEquiv>
                    <Unicode>ynzugs wüssigen sonst werden</Unicode>
                </TextEquiv>
            </TextLine>
            <TextLine id="r2l16" custom="readingOrder {index:15;}">
                <Coords points="1370,1434 1401,1447 1444,1430 1567,1436 1722,1475 1799,1457 1849,1483 1913,1472 1919,1410 1847,1401 1753,1425 1634,1414 1600,1384 1578,1400 1561,1386 1477,1399 1441,1369 1374,1387"/>
                <Baseline points="1382,1407 1408,1411 1434,1414 1460,1418 1486,1420 1512,1423 1538,1427 1565,1429 1591,1433 1617,1434 1643,1438 1669,1440 1695,1442 1721,1445 1748,1446 1774,1448 1800,1450 1826,1451 1852,1453 1878,1455 1905,1457"/>
                <TextEquiv>
                    <Unicode>man es der hochen oberkeytt</Unicode>
                </TextEquiv>
            </TextLine>
            <TextLine id="r2l17" custom="readingOrder {index:16;}">
                <Coords points="1355,1498 1381,1507 1424,1504 1433,1513 1444,1506 1463,1516 1522,1495 1533,1505 1542,1499 1562,1522 1597,1521 1602,1462 1582,1465 1532,1433 1511,1444 1478,1428 1456,1436 1447,1429 1409,1444 1361,1436"/>
                <Baseline points="1368,1466 1395,1467 1423,1470 1451,1473 1479,1475 1506,1478 1534,1480 1562,1483 1590,1487"/>
                <TextEquiv>
                    <Unicode>anzeigen</Unicode>
                </TextEquiv>
            </TextLine>
            <TextLine id="r2l18" custom="readingOrder {index:17;}">
                <Coords points="1452,1574 1471,1573 1494,1589 1525,1579 1535,1586 1541,1582 1552,1595 1575,1584 1591,1596 1634,1594 1637,1540 1619,1539 1608,1526 1572,1519 1553,1526 1539,1513 1535,1517 1524,1506 1506,1503 1465,1531 1455,1530"/>
                <Baseline points="1463,1575 1490,1574 1517,1575 1544,1577 1571,1579 1598,1582 1625,1584"/>
                <TextEquiv>
                    <Unicode>Bern.</Unicode>
                </TextEquiv>
            </TextLine>
            <TextLine id="r2l19" custom="readingOrder {index:18;}">
                <Coords points="1337,1652 1415,1647 1432,1663 1464,1642 1504,1668 1585,1651 1620,1674 1699,1665 1726,1687 1780,1671 1909,1684 1925,1683 1929,1634 1854,1607 1751,1620 1709,1591 1677,1609 1575,1585 1506,1613 1447,1556 1345,1547"/>
                <Baseline points="1349,1641 1377,1641 1405,1641 1434,1641 1462,1642 1491,1644 1519,1646 1547,1649 1576,1651 1604,1653 1633,1656 1661,1658 1689,1661 1718,1664 1746,1666 1775,1667 1803,1670 1831,1671 1860,1671 1888,1673 1917,1673"/>
                <TextEquiv>
                    <Unicode>Spycher gredt. Ist fürgehaltten, wie</Unicode>
                </TextEquiv>
            </TextLine>
            <TextLine id="r2l20" custom="readingOrder {index:19;}">
                <Coords points="1348,1717 1435,1687 1466,1705 1508,1691 1539,1714 1566,1703 1595,1726 1624,1707 1663,1728 1723,1716 1906,1740 1922,1737 1926,1682 1854,1674 1791,1694 1710,1668 1681,1683 1651,1662 1529,1671 1464,1644 1432,1662 1352,1649"/>
                <Baseline points="1359,1694 1386,1693 1414,1691 1442,1691 1470,1691 1497,1692 1525,1694 1553,1695 1581,1698 1608,1701 1636,1703 1664,1706 1692,1709 1719,1711 1747,1713 1775,1716 1803,1718 1830,1719 1858,1719 1886,1720 1914,1719"/>
                <TextEquiv>
                    <Unicode>sy Josua Mörigkhers diren, so hin</Unicode>
                </TextEquiv>
            </TextLine>
            <TextLine id="r2l21" custom="readingOrder {index:20;}">
                <Coords points="1322,1750 1410,1747 1429,1765 1458,1748 1533,1783 1565,1763 1586,1785 1682,1762 1748,1791 1771,1772 1821,1790 1890,1778 1893,1743 1724,1716 1674,1742 1625,1708 1583,1732 1556,1708 1531,1722 1436,1686 1393,1714 1324,1721"/>
                <Baseline points="1332,1743 1359,1743 1386,1743 1414,1744 1441,1745 1469,1746 1496,1747 1523,1749 1551,1751 1578,1753 1606,1755 1633,1757 1660,1760 1688,1762 1715,1764 1743,1766 1770,1767 1797,1769 1825,1771 1852,1772 1880,1773"/>
                <TextEquiv>
                    <Unicode>dienstmagt gsin, nach dem ir</Unicode>
                </TextEquiv>
            </TextLine>
            <TextLine id="r2l22" custom="readingOrder {index:21;}">
                <Coords points="1338,1824 1476,1794 1571,1826 1619,1811 1663,1851 1713,1824 1774,1835 1791,1820 1864,1844 1909,1837 1912,1801 1778,1778 1738,1800 1629,1792 1564,1764 1536,1783 1457,1748 1430,1764 1344,1748"/>
                <Baseline points="1350,1791 1377,1792 1404,1794 1432,1796 1459,1797 1487,1800 1514,1802 1542,1804 1569,1806 1597,1809 1624,1811 1651,1813 1679,1816 1706,1818 1734,1820 1761,1822 1789,1824 1816,1826 1844,1827 1871,1827 1899,1829"/>
                <TextEquiv>
                    <Unicode>frouw ira von argwens wegen</Unicode>
                </TextEquiv>
            </TextLine>
            <TextLine id="r2l23" custom="readingOrder {index:22;}">
                <Coords points="1338,1850 1500,1853 1681,1909 1723,1893 1770,1909 1908,1880 1911,1835 1799,1852 1740,1825 1680,1840 1619,1811 1595,1830 1523,1821 1476,1795 1340,1822"/>
                <Baseline points="1349,1845 1376,1845 1404,1847 1431,1848 1459,1850 1486,1853 1514,1856 1541,1857 1569,1860 1596,1863 1624,1866 1651,1869 1679,1872 1706,1873 1734,1875 1761,1877 1789,1877 1816,1877 1844,1877 1871,1875 1899,1872"/>
                <TextEquiv>
                    <Unicode>gloub geben, sye ynzogen, und</Unicode>
                </TextEquiv>
            </TextLine>
            <TextLine id="r2l24" custom="readingOrder {index:23;}">
                <Coords points="1324,1918 1358,1904 1459,1939 1480,1920 1560,1917 1697,1960 1733,1935 1917,1947 1920,1900 1898,1893 1763,1909 1709,1887 1632,1897 1501,1854 1329,1846"/>
                <Baseline points="1335,1905 1363,1905 1392,1905 1420,1905 1449,1907 1478,1908 1506,1910 1535,1912 1564,1914 1592,1918 1621,1920 1650,1923 1678,1926 1707,1928 1736,1929 1764,1931 1793,1932 1822,1932 1850,1932 1879,1931 1908,1929"/>
                <TextEquiv>
                    <Unicode>Ire kleyder, vnd lon gereicht, vnd</Unicode>
                </TextEquiv>
            </TextLine>
            <TextLine id="r2l25" custom="readingOrder {index:24;}">
                <Coords points="1322,1967 1365,1962 1391,1991 1430,1961 1478,1996 1533,1971 1653,2016 1732,1993 1815,2020 1875,2009 1881,1938 1804,1952 1741,1935 1690,1956 1543,1919 1458,1937 1353,1904 1326,1916"/>
                <Baseline points="1332,1958 1358,1957 1385,1956 1412,1956 1438,1958 1465,1959 1492,1961 1518,1964 1545,1967 1572,1970 1599,1974 1625,1977 1652,1980 1679,1983 1705,1986 1732,1987 1759,1989 1785,1989 1812,1989 1839,1987 1866,1986"/>
                <TextEquiv>
                    <Unicode>dasselbig hinweg geschafft, Ist</Unicode>
                </TextEquiv>
            </TextLine>
            <TextLine id="r2l26" custom="readingOrder {index:25;}">
                <Coords points="1314,2044 1379,2016 1462,2049 1667,2036 1722,2071 1837,2072 1886,2049 1913,2061 1918,1989 1806,2020 1711,1993 1653,2013 1534,1970 1459,1992 1429,1961 1391,1989 1360,1958 1319,1962"/>
                <Baseline points="1326,2015 1356,2013 1386,2013 1417,2014 1447,2016 1478,2016 1508,2019 1539,2022 1569,2025 1600,2028 1630,2032 1661,2035 1691,2037 1722,2039 1752,2042 1783,2043 1813,2044 1844,2045 1874,2043 1905,2042"/>
                <TextEquiv>
                    <Unicode>für das andermal gewarnet,</Unicode>
                </TextEquiv>
            </TextLine>
            <TextLine id="r2l27" custom="readingOrder {index:26;}">
                <Coords points="1318,2066 1366,2066 1399,2091 1437,2068 1488,2070 1665,2118 1721,2102 1764,2118 1854,2108 1881,2102 1883,2078 1835,2078 1812,2057 1722,2070 1663,2036 1632,2052 1572,2037 1540,2054 1461,2050 1383,2016 1320,2039"/>
                <Baseline points="1329,2061 1356,2063 1383,2063 1410,2065 1437,2068 1464,2070 1491,2074 1519,2077 1546,2080 1573,2082 1600,2086 1627,2089 1654,2091 1681,2095 1709,2097 1736,2098 1763,2099 1790,2100 1817,2100 1844,2100 1872,2099"/>
                <TextEquiv>
                    <Unicode>und ira anzeigt, wan der</Unicode>
                </TextEquiv>
            </TextLine>
            <TextLine id="r2l28" custom="readingOrder {index:27;}">
                <Coords points="1298,2119 1353,2141 1428,2115 1580,2155 1613,2132 1705,2154 1743,2142 1794,2168 1896,2156 1898,2122 1816,2106 1669,2116 1441,2069 1405,2093 1352,2063 1300,2089"/>
                <Baseline points="1308,2115 1338,2115 1368,2115 1399,2117 1429,2118 1460,2120 1490,2122 1521,2125 1551,2126 1582,2130 1612,2132 1643,2135 1673,2137 1704,2139 1734,2141 1765,2142 1795,2144 1826,2144 1856,2143 1887,2142"/>
                <TextEquiv>
                    <Unicode>kleinste ynzug mer von ira</Unicode>
                </TextEquiv>
            </TextLine>
            <TextLine id="r2l29" custom="readingOrder {index:28;}">
                <Coords points="1302,2179 1341,2169 1429,2196 1469,2174 1572,2203 1594,2184 1629,2209 1837,2225 1924,2196 1928,2138 1781,2175 1672,2137 1598,2162 1527,2129 1454,2153 1406,2119 1361,2146 1306,2118"/>
                <Baseline points="1314,2168 1344,2168 1374,2168 1404,2169 1434,2171 1464,2174 1494,2176 1524,2180 1554,2183 1584,2185 1614,2187 1644,2191 1674,2193 1704,2196 1734,2197 1764,2199 1794,2200 1824,2201 1854,2199 1884,2199 1914,2196"/>
                <TextEquiv>
                    <Unicode>klagt werde, werde man ira</Unicode>
                </TextEquiv>
            </TextLine>
            <TextLine id="r2l30" custom="readingOrder {index:29;}">
                <Coords points="1320,2229 1520,2234 1584,2250 1609,2278 1728,2249 1783,2289 1841,2262 1905,2272 1909,2213 1776,2225 1681,2199 1629,2208 1602,2186 1490,2202 1323,2173"/>
                <Baseline points="1331,2220 1359,2220 1387,2222 1415,2223 1444,2225 1472,2228 1500,2229 1528,2232 1557,2235 1585,2237 1613,2240 1641,2243 1670,2244 1698,2246 1726,2248 1754,2249 1783,2250 1811,2250 1839,2249 1867,2247 1896,2246"/>
                <TextEquiv>
                    <Unicode>alts und jungs samen geben.</Unicode>
                </TextEquiv>
            </TextLine>
            <TextEquiv>
                <Unicode>Mittwuchen den 24. Aprilis
1594 l. praeses herr Galdin,
herr Walthartt, minicht hr. di
Ciuiu Rüsch. Dachselhoffen
zechender, wiechselmann
Bern.
Barthlome herman dem Thor¬
wartt, Ist fürghaltten, wie
er an märits tagen, vil gaster
von buren volk haltte, vnd
wan sy sich in zun zytt by iren
verstättind, habind sy by ime
ein gwüssen uss und yngang
Ist verwarnet, er solle sich alle
ynzugs wüssigen sonst werden
man es der hochen oberkeytt
anzeigen
Bern.
Spycher gredt. Ist fürgehaltten, wie
sy Josua Mörigkhers diren, so hin
dienstmagt gsin, nach dem ir
frouw ira von argwens wegen
gloub geben, sye ynzogen, und
Ire kleyder, vnd lon gereicht, vnd
dasselbig hinweg geschafft, Ist
für das andermal gewarnet,
und ira anzeigt, wan der
kleinste ynzug mer von ira
klagt werde, werde man ira
alts und jungs samen geben.</Unicode>
            </TextEquiv>
        </TextRegion>
        <TextRegion orientation="0.0" id="r3" custom="readingOrder {index:2;}">
            <Coords points="2022,367 2022,2595 2699,2595 2699,367"/>
            <TextLine id="r3l1" custom="readingOrder {index:0;}">
                <Coords points="2581,410 2593,412 2607,406 2617,416 2629,416 2635,422 2656,416 2684,434 2698,434 2698,335 2641,349 2633,341 2625,343 2609,335 2580,342"/>
                <Baseline points="2591,399 2623,395 2655,398 2687,396"/>
                <TextEquiv>
                    <Unicode>211.</Unicode>
                </TextEquiv>
            </TextLine>
            <TextLine id="r3l2" custom="readingOrder {index:1;}">
                <Coords points="2160,515 2201,514 2230,526 2240,524 2256,507 2268,505 2280,492 2315,492 2306,440 2296,442 2267,431 2250,438 2221,425 2200,438 2169,421 2145,428"/>
                <Baseline points="2169,501 2195,493 2221,488 2248,482 2274,480 2301,477"/>
                <TextEquiv>
                    <Unicode>Hherr.</Unicode>
                </TextEquiv>
            </TextLine>
            <TextLine id="r3l3" custom="readingOrder {index:2;}">
                <Coords points="2079,631 2145,588 2187,597 2284,545 2410,553 2651,523 2676,515 2670,465 2613,487 2483,471 2408,506 2278,511 2172,544 2065,525"/>
                <Baseline points="2085,593 2114,585 2143,579 2172,571 2201,566 2230,559 2259,554 2288,549 2317,545 2346,541 2375,537 2404,533 2433,531 2462,528 2491,526 2520,522 2549,521 2578,518 2607,516 2636,513 2666,512"/>
                <TextEquiv>
                    <Unicode>Lesbach willi spricht der ehe ann</Unicode>
                </TextEquiv>
            </TextLine>
            <TextLine id="r3l4" custom="readingOrder {index:3;}">
                <Coords points="2091,645 2244,611 2294,638 2327,609 2439,590 2666,578 2660,529 2598,539 2571,524 2508,555 2457,535 2307,561 2282,545 2215,593 2087,615"/>
                <Baseline points="2100,641 2127,633 2155,627 2183,621 2210,615 2238,610 2266,604 2293,601 2321,596 2349,593 2377,589 2404,586 2432,584 2460,581 2487,578 2515,576 2543,574 2570,572 2598,570 2626,567 2654,564"/>
                <TextEquiv>
                    <Unicode>wilchem kriech den jungen, mitt</Unicode>
                </TextEquiv>
            </TextLine>
            <TextLine id="r3l5" custom="readingOrder {index:4;}">
                <Coords points="2091,706 2295,661 2396,664 2430,685 2509,637 2556,663 2600,631 2674,637 2667,577 2626,573 2609,588 2555,577 2526,607 2465,591 2436,609 2330,608 2310,629 2279,608 2085,652"/>
                <Baseline points="2100,690 2128,684 2156,679 2184,674 2212,669 2240,665 2268,660 2296,657 2324,653 2352,650 2380,647 2408,644 2436,642 2464,639 2492,638 2520,635 2548,633 2576,631 2604,629 2632,626 2661,624"/>
                <TextEquiv>
                    <Unicode>anzeig wie er ira dieselb uffrecht,</Unicode>
                </TextEquiv>
            </TextLine>
            <TextLine id="r3l6" custom="readingOrder {index:5;}">
                <Coords points="2088,752 2183,735 2222,750 2318,715 2354,731 2485,703 2525,727 2653,708 2679,701 2672,636 2598,632 2558,663 2505,638 2430,681 2277,662 2083,710"/>
                <Baseline points="2097,744 2125,740 2153,736 2182,732 2210,728 2239,725 2267,721 2296,717 2324,714 2353,711 2381,708 2409,705 2438,702 2466,700 2495,697 2523,694 2552,692 2580,689 2609,686 2637,686 2666,683"/>
                <TextEquiv>
                    <Unicode>und redlich verheysen, daruff sy</Unicode>
                </TextEquiv>
            </TextLine>
            <TextLine id="r3l7" custom="readingOrder {index:6;}">
                <Coords points="2066,820 2161,796 2209,812 2245,784 2297,797 2393,774 2431,794 2458,772 2504,789 2540,760 2588,775 2680,760 2687,707 2531,730 2437,708 2341,740 2294,720 2203,766 2143,751 2061,775"/>
                <Baseline points="2075,806 2105,801 2135,796 2165,792 2196,788 2226,783 2256,780 2287,777 2317,773 2347,771 2378,769 2408,765 2438,763 2468,760 2499,759 2529,756 2559,753 2590,752 2620,749 2650,747 2681,744"/>
                <TextEquiv>
                    <Unicode>ime ouch uff sin vilfaltig begären</Unicode>
                </TextEquiv>
            </TextLine>
            <TextLine id="r3l8" custom="readingOrder {index:7;}">
                <Coords points="2070,879 2188,879 2372,831 2437,847 2623,801 2696,818 2690,758 2611,780 2568,760 2504,789 2459,769 2431,795 2403,773 2297,797 2247,783 2209,812 2064,821"/>
                <Baseline points="2078,863 2108,857 2138,851 2168,847 2199,843 2229,839 2259,835 2290,831 2320,828 2350,825 2381,823 2411,819 2441,816 2471,814 2502,812 2532,809 2562,806 2593,804 2623,801 2653,798 2684,795"/>
                <TextEquiv>
                    <Unicode>den byschlaff vergünstiget, nun aber</Unicode>
                </TextEquiv>
            </TextLine>
            <TextLine id="r3l9" custom="readingOrder {index:8;}">
                <Coords points="2073,930 2379,884 2554,904 2618,869 2688,875 2682,814 2604,832 2539,812 2503,836 2465,823 2437,848 2356,835 2284,865 2068,880"/>
                <Baseline points="2082,920 2111,915 2141,910 2170,906 2200,903 2230,899 2259,896 2289,892 2319,889 2348,887 2378,884 2408,881 2437,878 2467,875 2497,873 2526,871 2556,869 2586,867 2615,864 2645,863 2675,860"/>
                <TextEquiv>
                    <Unicode>wolle er ira dhein er ehezusagung</Unicode>
                </TextEquiv>
            </TextLine>
            <TextLine id="r3l10" custom="readingOrder {index:9;}">
                <Coords points="2065,992 2258,961 2310,983 2367,956 2567,972 2632,940 2685,941 2681,897 2614,903 2588,884 2420,917 2386,896 2269,901 2224,930 2176,913 2061,942"/>
                <Baseline points="2075,978 2104,974 2134,970 2164,966 2194,962 2224,959 2254,957 2283,954 2313,951 2343,948 2373,946 2403,944 2433,942 2463,939 2492,937 2522,935 2552,933 2582,931 2612,929 2642,927 2672,924"/>
                <TextEquiv>
                    <Unicode>bekhandtlich sin, derhalben begare</Unicode>
                </TextEquiv>
            </TextLine>
            <TextLine id="r3l11" custom="readingOrder {index:10;}">
                <Coords points="2073,1069 2180,1031 2318,1036 2362,1018 2383,1035 2430,1011 2508,1022 2590,1004 2653,1035 2685,1024 2679,945 2574,975 2528,954 2380,958 2307,984 2176,970 2127,1004 2068,994"/>
                <Baseline points="2081,1038 2110,1036 2140,1033 2169,1029 2199,1026 2228,1024 2258,1021 2287,1019 2317,1017 2346,1014 2376,1013 2406,1011 2435,1009 2465,1008 2494,1006 2524,1005 2553,1003 2583,1001 2612,999 2642,997 2672,995"/>
                <TextEquiv>
                    <Unicode>sy man in rechtlich dahin vermögen,</Unicode>
                </TextEquiv>
            </TextLine>
            <TextLine id="r3l12" custom="readingOrder {index:11;}">
                <Coords points="2077,1109 2224,1098 2351,1117 2465,1081 2513,1105 2593,1063 2683,1072 2682,1027 2608,1007 2464,1037 2244,1026 2074,1067"/>
                <Baseline points="2087,1094 2116,1091 2145,1091 2175,1088 2204,1086 2234,1085 2263,1083 2292,1081 2322,1080 2351,1078 2381,1076 2410,1074 2439,1073 2469,1071 2498,1069 2528,1067 2557,1065 2586,1062 2616,1061 2645,1058 2675,1056"/>
                <TextEquiv>
                    <Unicode>welle, ira sie zusagen zehaltten,</Unicode>
                </TextEquiv>
            </TextLine>
            <TextLine id="r3l13" custom="readingOrder {index:12;}">
                <Coords points="2060,1168 2176,1184 2282,1156 2390,1175 2619,1128 2661,1156 2711,1149 2695,1071 2612,1073 2579,1098 2545,1075 2512,1105 2392,1097 2353,1118 2224,1098 2057,1111"/>
                <Baseline points="2069,1157 2100,1154 2132,1151 2163,1148 2195,1146 2226,1143 2258,1141 2289,1140 2321,1138 2352,1137 2384,1135 2415,1134 2447,1133 2478,1131 2510,1130 2541,1128 2573,1127 2604,1125 2636,1124 2667,1121 2699,1119"/>
                <TextEquiv>
                    <Unicode>und den kilchgang mitt ira volnbringen</Unicode>
                </TextEquiv>
            </TextLine>
            <TextLine id="r3l14" custom="readingOrder {index:13;}">
                <Coords points="2018,1238 2096,1219 2174,1240 2270,1203 2685,1209 2683,1154 2597,1133 2396,1174 2015,1171"/>
                <Baseline points="2027,1226 2059,1220 2091,1214 2124,1211 2156,1207 2189,1205 2221,1202 2253,1200 2286,1199 2318,1197 2351,1197 2383,1197 2415,1197 2448,1196 2480,1196 2513,1196 2545,1194 2577,1194 2610,1193 2642,1191 2675,1190"/>
                <TextEquiv>
                    <Unicode>Entgegen vermeltter Krieg dra</Unicode>
                </TextEquiv>
            </TextLine>
            <TextLine id="r3l15" custom="readingOrder {index:14;}">
                <Coords points="2059,1287 2152,1270 2212,1300 2279,1262 2341,1291 2359,1274 2426,1285 2493,1249 2563,1276 2603,1260 2651,1278 2686,1256 2684,1210 2655,1195 2057,1234"/>
                <Baseline points="2069,1274 2099,1271 2129,1270 2159,1267 2190,1265 2220,1263 2250,1261 2281,1259 2311,1257 2341,1256 2372,1254 2402,1253 2432,1251 2462,1250 2493,1249 2523,1248 2553,1247 2584,1247 2614,1245 2644,1245 2675,1244"/>
                <TextEquiv>
                    <Unicode>dheiner ehezusagung bekhandtlich</Unicode>
                </TextEquiv>
            </TextLine>
            <TextLine id="r3l16" custom="readingOrder {index:15;}">
                <Coords points="2059,1336 2281,1318 2353,1344 2435,1317 2569,1331 2591,1310 2656,1316 2655,1280 2502,1260 2339,1292 2295,1259 2212,1300 2150,1270 2106,1292 2057,1285"/>
                <Baseline points="2069,1328 2097,1325 2126,1323 2155,1322 2184,1320 2213,1319 2241,1317 2270,1317 2299,1316 2328,1316 2357,1314 2385,1314 2414,1313 2443,1313 2472,1312 2501,1311 2529,1310 2558,1310 2587,1308 2616,1306 2645,1304"/>
                <TextEquiv>
                    <Unicode>hin wellen, deß byschlaffs aber</Unicode>
                </TextEquiv>
            </TextLine>
            <TextLine id="r3l17" custom="readingOrder {index:16;}">
                <Coords points="2044,1394 2141,1389 2209,1424 2281,1385 2348,1406 2414,1381 2444,1409 2465,1388 2580,1379 2670,1396 2700,1379 2698,1321 2640,1339 2534,1321 2476,1349 2437,1318 2357,1345 2267,1321 2127,1327 2043,1366"/>
                <Baseline points="2054,1388 2085,1388 2117,1386 2149,1385 2181,1383 2213,1382 2244,1381 2276,1380 2308,1379 2340,1379 2372,1377 2403,1376 2435,1376 2467,1375 2499,1374 2531,1373 2562,1373 2594,1373 2626,1371 2658,1371 2690,1370"/>
                <TextEquiv>
                    <Unicode>nitt lougnende, cognitio, die wyl</Unicode>
                </TextEquiv>
            </TextLine>
            <TextLine id="r3l18" custom="readingOrder {index:17;}">
                <Coords points="2041,1462 2075,1470 2125,1443 2199,1480 2269,1448 2347,1477 2512,1443 2620,1463 2670,1446 2669,1389 2481,1385 2417,1427 2301,1423 2262,1399 2186,1423 2129,1394 2039,1394"/>
                <Baseline points="2051,1454 2081,1452 2111,1451 2142,1449 2172,1448 2203,1447 2233,1446 2264,1446 2294,1446 2325,1445 2355,1445 2385,1445 2416,1445 2446,1445 2477,1443 2507,1443 2538,1443 2568,1442 2599,1440 2629,1440 2660,1437"/>
                <TextEquiv>
                    <Unicode>der verantwortter, der Cleger</Unicode>
                </TextEquiv>
            </TextLine>
            <TextLine id="r3l19" custom="readingOrder {index:18;}">
                <Coords points="2036,1540 2157,1507 2216,1531 2271,1516 2332,1533 2380,1505 2419,1531 2483,1506 2528,1527 2560,1502 2674,1520 2672,1448 2646,1442 2614,1465 2508,1442 2428,1480 2395,1455 2351,1474 2255,1449 2205,1486 2091,1458 2035,1471"/>
                <Baseline points="2045,1506 2075,1508 2106,1508 2137,1508 2168,1508 2199,1508 2230,1508 2261,1508 2292,1507 2323,1506 2354,1506 2384,1505 2415,1505 2446,1503 2477,1503 2508,1502 2539,1501 2570,1500 2601,1499 2632,1498 2663,1497"/>
                <TextEquiv>
                    <Unicode>dheiner ehezusagung bekhandtlich</Unicode>
                </TextEquiv>
            </TextLine>
            <TextLine id="r3l20" custom="readingOrder {index:19;}">
                <Coords points="2052,1583 2275,1571 2308,1599 2353,1601 2422,1563 2661,1565 2660,1528 2531,1532 2490,1507 2417,1531 2380,1504 2330,1533 2269,1515 2215,1540 2051,1525"/>
                <Baseline points="2063,1568 2092,1569 2121,1569 2151,1569 2180,1568 2210,1568 2239,1568 2268,1566 2298,1565 2327,1565 2357,1563 2386,1562 2415,1562 2445,1560 2474,1559 2504,1558 2533,1557 2562,1557 2592,1556 2621,1556 2651,1556"/>
                <TextEquiv>
                    <Unicode>sin wellen, und sy inne vermög</Unicode>
                </TextEquiv>
            </TextLine>
            <TextLine id="r3l21" custom="readingOrder {index:20;}">
                <Coords points="2041,1650 2211,1627 2256,1663 2341,1629 2687,1637 2686,1582 2619,1555 2320,1605 2275,1571 2204,1570 2041,1602"/>
                <Baseline points="2052,1626 2083,1626 2114,1626 2145,1626 2176,1626 2208,1626 2239,1626 2270,1626 2301,1626 2332,1625 2364,1625 2395,1624 2426,1623 2457,1623 2488,1622 2520,1620 2551,1620 2582,1619 2613,1617 2644,1616 2676,1614"/>
                <TextEquiv>
                    <Unicode>dersatzung mitt dheiner khundt.</Unicode>
                </TextEquiv>
            </TextLine>
            <TextLine id="r3l22" custom="readingOrder {index:21;}">
                <Coords points="2045,1704 2150,1717 2235,1690 2283,1718 2378,1695 2439,1717 2464,1699 2652,1716 2676,1707 2676,1624 2554,1629 2516,1666 2370,1633 2295,1670 2261,1670 2214,1628 2044,1649"/>
                <Baseline points="2054,1694 2084,1692 2115,1691 2145,1689 2176,1689 2207,1688 2237,1688 2268,1688 2298,1688 2329,1688 2360,1688 2390,1688 2421,1689 2451,1689 2482,1689 2513,1689 2543,1688 2574,1688 2604,1686 2635,1686 2666,1683"/>
                <TextEquiv>
                    <Unicode>schafft vnderrichten mögen, das</Unicode>
                </TextEquiv>
            </TextLine>
            <TextLine id="r3l23" custom="readingOrder {index:22;}">
                <Coords points="2037,1769 2207,1755 2294,1785 2353,1755 2405,1777 2448,1755 2537,1785 2581,1767 2605,1790 2695,1773 2695,1711 2626,1727 2597,1704 2466,1698 2387,1723 2320,1698 2282,1718 2235,1690 2183,1718 2037,1710"/>
                <Baseline points="2046,1755 2077,1754 2109,1753 2141,1752 2173,1752 2205,1752 2237,1752 2269,1752 2301,1752 2333,1752 2365,1754 2396,1754 2428,1754 2460,1754 2492,1754 2524,1754 2556,1754 2588,1754 2620,1753 2652,1752 2684,1751"/>
                <TextEquiv>
                    <Unicode>deshalb dise ehe ansprach uffgehept</Unicode>
                </TextEquiv>
            </TextLine>
            <TextLine id="r3l24" custom="readingOrder {index:23;}">
                <Coords points="2045,1823 2218,1815 2294,1836 2321,1818 2430,1849 2594,1815 2640,1844 2641,1773 2522,1786 2447,1761 2295,1785 2246,1767 2206,1782 2170,1760 2046,1766"/>
                <Baseline points="2055,1809 2083,1809 2112,1809 2141,1811 2170,1811 2198,1811 2227,1811 2256,1811 2285,1812 2313,1812 2342,1812 2371,1812 2400,1814 2428,1814 2457,1814 2486,1814 2515,1814 2543,1814 2572,1814 2601,1815 2630,1815"/>
                <TextEquiv>
                    <Unicode>und jedem erloupt sie solle, sich</Unicode>
                </TextEquiv>
            </TextLine>
            <TextLine id="r3l25" custom="readingOrder {index:24;}">
                <Coords points="2060,1877 2221,1907 2357,1874 2434,1903 2468,1886 2539,1900 2586,1879 2685,1886 2704,1852 2595,1814 2493,1851 2374,1828 2355,1846 2321,1819 2250,1835 2143,1817 2103,1839 2060,1821"/>
                <Baseline points="2069,1866 2100,1866 2131,1866 2162,1868 2194,1868 2225,1869 2256,1869 2287,1870 2319,1871 2350,1871 2381,1872 2412,1872 2444,1872 2475,1872 2506,1872 2537,1872 2569,1872 2600,1872 2631,1872 2662,1872 2694,1871"/>
                <TextEquiv>
                    <Unicode>niderfhart zeuerehrlichen, deme</Unicode>
                </TextEquiv>
            </TextLine>
            <TextLine id="r3l26" custom="readingOrder {index:25;}">
                <Coords points="2053,1942 2709,1954 2698,1885 2659,1915 2469,1884 2313,1902 2285,1883 2224,1907 2089,1874 2054,1886"/>
                <Baseline points="2064,1928 2095,1929 2127,1931 2159,1931 2191,1931 2222,1932 2254,1933 2286,1934 2318,1934 2349,1935 2381,1935 2413,1935 2445,1936 2476,1937 2508,1937 2540,1937 2572,1937 2603,1938 2635,1938 2667,1938 2699,1938"/>
                <TextEquiv>
                    <Unicode>soll er ira, innerthalb eines monats</Unicode>
                </TextEquiv>
            </TextLine>
            <TextLine id="r3l27" custom="readingOrder {index:26;}">
                <Coords points="2030,2020 2073,1992 2109,2015 2139,1995 2255,2024 2299,1998 2348,2024 2380,1998 2443,2019 2479,1997 2548,2030 2680,2002 2680,1958 2599,1941 2455,1946 2415,1970 2358,1939 2310,1961 2030,1937"/>
                <Baseline points="2040,1988 2071,1989 2103,1991 2134,1992 2166,1993 2197,1994 2229,1995 2260,1995 2292,1995 2323,1995 2355,1995 2386,1995 2418,1995 2449,1995 2481,1995 2512,1995 2544,1995 2575,1994 2607,1994 2638,1994 2670,1994"/>
                <TextEquiv>
                    <Unicode>frist, ira fünffzig pfundt pfennigen</Unicode>
                </TextEquiv>
            </TextLine>
            <TextLine id="r3l28" custom="readingOrder {index:27;}">
                <Coords points="2032,2083 2134,2050 2346,2075 2537,2060 2573,2081 2618,2060 2672,2079 2706,2074 2707,2015 2555,2034 2479,1996 2432,2028 2232,2008 2199,2031 2074,1993 2033,2020"/>
                <Baseline points="2043,2048 2075,2048 2108,2049 2141,2049 2173,2050 2206,2051 2239,2052 2271,2053 2304,2054 2337,2055 2370,2057 2402,2057 2435,2058 2468,2060 2500,2060 2533,2060 2566,2060 2598,2060 2631,2058 2664,2057 2697,2055"/>
                <TextEquiv>
                    <Unicode>für den blumen, oder krantz abricht</Unicode>
                </TextEquiv>
            </TextLine>
            <TextLine id="r3l29" custom="readingOrder {index:28;}">
                <Coords points="2037,2120 2098,2111 2166,2150 2270,2116 2433,2143 2523,2120 2591,2139 2622,2115 2680,2126 2681,2082 2611,2060 2582,2080 2527,2065 2369,2095 2333,2062 2139,2051 2037,2078"/>
                <Baseline points="2048,2106 2079,2108 2110,2108 2141,2109 2172,2111 2203,2112 2234,2112 2265,2114 2296,2115 2327,2115 2359,2117 2390,2118 2421,2118 2452,2118 2483,2118 2514,2118 2545,2118 2576,2117 2607,2117 2638,2115 2670,2112"/>
                <TextEquiv>
                    <Unicode>er möge dan innerthalb derselben</Unicode>
                </TextEquiv>
            </TextLine>
            <TextLine id="r3l30" custom="readingOrder {index:29;}">
                <Coords points="2033,2202 2171,2175 2219,2208 2359,2177 2436,2204 2626,2187 2687,2204 2687,2125 2515,2146 2268,2115 2167,2149 2139,2120 2080,2140 2033,2119"/>
                <Baseline points="2043,2171 2074,2171 2106,2172 2137,2174 2169,2175 2201,2176 2232,2177 2264,2178 2296,2178 2327,2179 2359,2180 2391,2180 2422,2180 2454,2181 2486,2180 2517,2180 2549,2179 2581,2178 2612,2176 2644,2175 2676,2172"/>
                <TextEquiv>
                    <Unicode>zytt nach form rechtens bybring</Unicode>
                </TextEquiv>
            </TextLine>
            <TextLine id="r3l31" custom="readingOrder {index:30;}">
                <Coords points="2032,2246 2067,2231 2193,2263 2271,2243 2292,2263 2320,2241 2442,2277 2485,2250 2573,2247 2677,2278 2680,2201 2624,2219 2492,2191 2415,2227 2320,2181 2222,2211 2188,2183 2163,2199 2103,2176 2033,2204"/>
                <Baseline points="2043,2225 2074,2228 2105,2231 2136,2233 2167,2236 2199,2237 2230,2240 2261,2241 2292,2243 2323,2244 2355,2245 2386,2246 2417,2247 2448,2247 2479,2249 2511,2249 2542,2250 2573,2250 2604,2250 2635,2252 2667,2252"/>
                <TextEquiv>
                    <Unicode>vnd erzeigen, das ein anderer sy</Unicode>
                </TextEquiv>
            </TextLine>
            <TextLine id="r3l32" custom="readingOrder {index:31;}">
                <Coords points="2036,2295 2145,2302 2170,2323 2256,2313 2286,2334 2385,2316 2462,2339 2600,2312 2656,2326 2658,2269 2570,2287 2419,2260 2303,2276 2112,2238 2036,2262"/>
                <Baseline points="2046,2291 2076,2294 2106,2297 2136,2299 2166,2301 2196,2302 2226,2304 2256,2304 2286,2306 2316,2306 2346,2307 2376,2307 2406,2307 2436,2307 2466,2309 2496,2309 2526,2309 2556,2310 2586,2310 2616,2310 2646,2312"/>
                <TextEquiv>
                    <Unicode>vor im verfelt habe, deßen er allen</Unicode>
                </TextEquiv>
            </TextLine>
            <TextLine id="r3l33" custom="readingOrder {index:32;}">
                <Coords points="2011,2373 2121,2403 2181,2374 2263,2401 2331,2372 2385,2396 2525,2374 2555,2401 2694,2397 2697,2296 2648,2325 2598,2311 2510,2341 2013,2300"/>
                <Baseline points="2022,2348 2055,2351 2088,2355 2121,2358 2154,2360 2187,2363 2220,2363 2254,2364 2287,2366 2320,2366 2353,2367 2386,2367 2419,2368 2452,2369 2486,2369 2519,2369 2552,2369 2585,2370 2618,2370 2651,2372 2685,2373"/>
                <TextEquiv>
                    <Unicode>dan so vill recht ist, wirtt gemelten</Unicode>
                </TextEquiv>
            </TextLine>
            <TextLine id="r3l34" custom="readingOrder {index:33;}">
                <Coords points="2026,2475 2103,2464 2191,2492 2227,2473 2276,2494 2313,2479 2369,2504 2451,2475 2479,2494 2669,2502 2671,2452 2638,2432 2515,2453 2411,2420 2351,2450 2282,2417 2191,2443 2140,2409 2028,2434"/>
                <Baseline points="2037,2459 2068,2460 2099,2463 2130,2465 2161,2466 2192,2467 2223,2469 2255,2469 2286,2471 2317,2472 2348,2473 2379,2475 2410,2475 2441,2477 2473,2478 2504,2480 2535,2481 2566,2482 2597,2484 2628,2486 2660,2487"/>
                <TextEquiv>
                    <Unicode>vermeltter Krieg, soll alls umb den</Unicode>
                </TextEquiv>
            </TextLine>
            <TextLine id="r3l35" custom="readingOrder {index:34;}">
                <Coords points="2033,2528 2123,2514 2171,2550 2234,2516 2661,2565 2677,2505 2037,2468"/>
                <Baseline points="2045,2505 2077,2507 2110,2508 2142,2510 2175,2511 2207,2514 2240,2516 2273,2519 2305,2521 2338,2524 2370,2526 2403,2528 2435,2531 2468,2533 2501,2536 2533,2539 2566,2541 2598,2543 2631,2544 2664,2546"/>
                <TextEquiv>
                    <Unicode>anderen faller, et tag zu gefangen.</Unicode>
                </TextEquiv>
            </TextLine>
            <TextLine id="r3l36" custom="readingOrder {index:35;}">
                <Coords points="2012,2593 2059,2581 2130,2604 2164,2592 2219,2605 2245,2589 2284,2602 2318,2588 2373,2609 2423,2601 2424,2557 2393,2558 2369,2534 2329,2550 2294,2533 2211,2548 2110,2513 2013,2538"/>
                <Baseline points="2022,2577 2048,2576 2074,2574 2100,2573 2126,2573 2152,2571 2178,2571 2204,2570 2231,2571 2257,2571 2283,2573 2309,2573 2335,2575 2361,2577 2387,2579 2414,2583"/>
                <TextEquiv>
                    <Unicode>schafft gelegt werden,</Unicode>
                </TextEquiv>
            </TextLine>
            <TextEquiv>
                <Unicode>211.
Hherr.
Lesbach willi spricht der ehe ann
wilchem kriech den jungen, mitt
anzeig wie er ira dieselb uffrecht,
und redlich verheysen, daruff sy
ime ouch uff sin vilfaltig begären
den byschlaff vergünstiget, nun aber
wolle er ira dhein er ehezusagung
bekhandtlich sin, derhalben begare
sy man in rechtlich dahin vermögen,
welle, ira sie zusagen zehaltten,
und den kilchgang mitt ira volnbringen
Entgegen vermeltter Krieg dra
dheiner ehezusagung bekhandtlich
hin wellen, deß byschlaffs aber
nitt lougnende, cognitio, die wyl
der verantwortter, der Cleger
dheiner ehezusagung bekhandtlich
sin wellen, und sy inne vermög
dersatzung mitt dheiner khundt.
schafft vnderrichten mögen, das
deshalb dise ehe ansprach uffgehept
und jedem erloupt sie solle, sich
niderfhart zeuerehrlichen, deme
soll er ira, innerthalb eines monats
frist, ira fünffzig pfundt pfennigen
für den blumen, oder krantz abricht
er möge dan innerthalb derselben
zytt nach form rechtens bybring
vnd erzeigen, das ein anderer sy
vor im verfelt habe, deßen er allen
dan so vill recht ist, wirtt gemelten
vermeltter Krieg, soll alls umb den
anderen faller, et tag zu gefangen.
schafft gelegt werden,</Unicode>
            </TextEquiv>
        </TextRegion>
    </Page>
</PcGts>
