4032 3024
1276 348 1406 444 304
1508 414 1711 543 Arburg.
1373 463 2001 643 Hans Küntzli, klagt den ehebruch ab
1408 553 1992 693 Cathrina Mangoltt, einer husfrau
1412 614 2002 749 mitt anzeig wie sy sich, mitt Michte
1392 664 2003 798 Blüssen dem weybel, vorigen werden
1399 704 1983 846 der juri vergangen, deshalb die
1391 766 2007 911 schidigung von ira begärende ent
1401 813 1989 948 gegen, die versprecher, das klag
1382 880 2002 1017 Ehebruchs nitt ab sin kheren fornin
1386 940 2004 1061 Diewyl sy deß klagten ehebruchs nitt
1386 986 1991 1129 absinn können, vnd er ira denselben
1385 1047 1971 1169 nitt verzychen wellen, so solle
1387 1090 1995 1229 deßhalb, er von ira aller ehelichen
1392 1146 1980 1272 bunden und pflicht uffgelöst,
1397 1219 1982 1329 vnd gescheiden sin, vnd Ime die
1376 1261 1985 1399 Ehe 1. ira aber 2 jar lang ver
1404 1326 1967 1439 gotten sin, ime allein darumb
1406 1392 1956 1498 ob er hiezwüschen, mitt ira
1420 1448 1996 1576 widerumb möchte versunt werden
1399 1507 1975 1624 ira aber zu straff iren fälleren,
1409 1572 1980 1677 vnd wan nach verloffnen zill
1387 1625 1994 1734 sy sich anderfart verehelichenn
1396 1686 1969 1807 möchte, weltte, soll jedes dessen
1382 1745 1976 1863 zuvor erlouptnus erlangenn
1371 1809 1972 1917 Denne soll sy ime allen zimlichen
1389 1876 1971 1977 billichen costen, mitt diser schidi¬
1372 1940 1899 2053 gung uffgangen abtragen.
1357 2045 1924 2168 In landtvogt zu Arburg, soll,
1368 2117 1923 2217 vermeltte Cathrina Mangoltt,
1360 2171 1938 2279 und den weybel blussen, so sich
1357 2229 1954 2333 mitt ira in hure Ehebruch ver¬
1379 2300 1940 2409 angen, jeden mitt en tägiger
1375 2340 1578 2396 syder zum
1713 2361 1913 2429 lechte tägigen
1369 2365 1987 2474 gfangen schafft straffen, und den weyl
1357 2419 1974 2536 dess ampts entsetzen, deme wan er
1369 2479 1974 2586 ürhin mer ehehandel uffhin schikten wirden
1357 2545 1980 2660 Soll er ouch wie brüchlich khundtschafft
2623 387 2739 481 305
2125 434 2742 567 umb die klegten uffnemmen, unnd
2121 526 2427 628 sy alhar schickten
2590 603 2655 661 R.
2255 599 2766 733 Schwartzenburg Sigistag.
2120 722 2758 834 An das Chorgricht zu Gugisperg.
2119 789 2730 884 söllen Hans hand am pundtsacher.
2122 846 2765 933 und Gertrud ufglitt, von nechstkünf
2112 896 2690 1003 tig, mittwuchen vber acht tage
2107 961 2743 1064 alhar für thorgricht tagen söllind.
2252 1078 2422 1191 Thenn.
2100 1160 2729 1284 Daniel Korn der Thischmacher,
2119 1236 2757 1347 oll sich fürhin Bitzins, des Rüttes
2113 1293 2763 1408 zu Thorberg husfrouwen müsigen
2119 1350 2734 1457 dan wo sy mer by einanderenn
2102 1418 2752 1526 funden werden soltten, wurde, man
2118 1480 2748 1589 es für ein ehebruch rechnen, und
2127 1555 2581 1654 der gepür nach straffen
2299 1653 2419 1719 Bern.
2104 1698 2729 1810 Susanna Bikhart, ist bewilligett
2129 1776 2742 1863 das sy sich verehelichen möge, vnge¬
2122 1827 2626 1922 acht der verheyssung, so sy
2107 1890 2742 1970 Styg einem schlosser von patterlingen
2109 1930 2739 2019 gethan, diewyl sy allein uff geding
2112 1980 2754 2067 inne genommen, das wan er innerhalten
2117 2026 2742 2126 zweyen jaren nitt wider khommen,
2107 2090 2718 2178 alls dan möge sy sinethalb unge¬
2104 2137 2765 2244 hinderet, sich anderstwo umbsechen
2101 2194 2748 2289 welche Ehebezüchung aber, wider
2107 2250 2745 2357 Ir gnad saguntz, beschechen, das
2111 2303 2647 2415 halb auch uffgehept worden.
