<?xml version="1.0" encoding="UTF-8" standalone="yes"?>
<PcGts xmlns="http://schema.primaresearch.org/PAGE/gts/pagecontent/2013-07-15" xmlns:xsi="http://www.w3.org/2001/XMLSchema-instance" xsi:schemaLocation="http://schema.primaresearch.org/PAGE/gts/pagecontent/2013-07-15 http://schema.primaresearch.org/PAGE/gts/pagecontent/2013-07-15/pagecontent.xsd">
    <Metadata>
        <Creator>prov=University of Rostock/Institute of Mathematics/CITlab|PLANET AI GmbH/Gundram Leifert/gundram.leifert@planet-ai.de:name=German_Kurrent_XVI-XVIII_M5.2(htr_id=38305)::::v=2.6.7
prov=University of Rostock/Institute of Mathematics/CITlab|PLANET AI GmbH/Tobias Gruening/tobias.gruening@planet-ai.de:name=de.uros.citlab.module.baseline2polygon.B2PSeamMultiOriented:v=2.6.7
prov=University of Rostock/Institute of Mathematics/CITlab|PLANET AI GmbH/Tobias Gruening/tobias.gruening@planet-ai.de:name=/net_tf/LA73_249_0mod360.pb:de.uros.citlab.segmentation.CITlab_LA_ML:v=2.6.7
Transkribus</Creator>
        <Created>2021-11-02T15:14:19.419+01:00</Created>
        <LastChange>2021-12-05T13:32:58.292+01:00</LastChange>
        <TranskribusMetadata docId="822504" pageId="30661799" pageNr="6" tsid="69414259" status="IN_PROGRESS" userId="101542" imgUrl="https://files.transkribus.eu/Get?id=ECKTRXKGSWSQFSOZJGWBWRLP&amp;fileType=view" xmlUrl="https://files.transkribus.eu/Get?id=DBURDHHZYJACLSSDLGKYTUJX" imageId="24121874"/>
    </Metadata>
    <Page imageFilename="Foto 26.10.21, 2 51 03 PM.jpg" imageWidth="4032" imageHeight="3024">
        <ReadingOrder>
            <OrderedGroup id="ro_1687514374170" caption="Regions reading order">
                <RegionRefIndexed index="0" regionRef="r1"/>
                <RegionRefIndexed index="1" regionRef="r2"/>
            </OrderedGroup>
        </ReadingOrder>
        <TextRegion orientation="0.0" id="r1" custom="readingOrder {index:0;}">
            <Coords points="1578,421 1578,2477 2256,2477 2256,421"/>
            <TextLine id="r1l1" custom="readingOrder {index:0;}">
                <Coords points="1688,464 1700,467 1725,456 1759,466 1775,458 1794,467 1815,465 1832,478 1899,475 1901,441 1873,431 1861,417 1835,417 1823,405 1810,408 1787,399 1764,410 1734,413 1729,407 1691,417"/>
                <Baseline points="1698,449 1725,450 1752,453 1780,455 1807,456 1835,459 1862,461 1890,464"/>
                <TextEquiv>
                    <Unicode>Adelboden.</Unicode>
                </TextEquiv>
            </TextLine>
            <TextLine id="r1l2" custom="readingOrder {index:1;}">
                <Coords points="1584,543 1744,532 1764,554 2036,560 2112,592 2162,574 2230,601 2237,528 2156,503 2038,522 1906,511 1857,471 1806,464 1755,487 1591,473"/>
                <Baseline points="1595,519 1626,520 1657,523 1689,525 1720,527 1752,530 1783,532 1814,534 1846,537 1877,540 1909,542 1940,545 1971,549 2003,552 2034,556 2066,559 2097,563 2128,567 2160,571 2191,575 2223,579"/>
                <TextEquiv>
                    <Unicode>Cathrina Trummer, clagt die unver¬</Unicode>
                </TextEquiv>
            </TextLine>
            <TextLine id="r1l3" custom="readingOrder {index:2;}">
                <Coords points="1586,589 1672,620 1982,612 2073,642 2125,624 2232,666 2244,609 2167,574 2112,591 2039,565 1936,581 1751,532 1588,558"/>
                <Baseline points="1596,579 1627,582 1659,583 1691,586 1723,588 1755,590 1786,593 1818,595 1850,596 1882,600 1914,602 1945,605 1977,606 2009,611 2041,613 2073,615 2104,619 2136,622 2168,625 2200,629 2232,633"/>
                <TextEquiv>
                    <Unicode>mögligkeit ehelicher werken, ab Hanns</Unicode>
                </TextEquiv>
            </TextLine>
            <TextLine id="r1l4" custom="readingOrder {index:3;}">
                <Coords points="1580,655 1718,651 1766,687 1806,659 1855,677 1887,660 1924,692 2032,668 2175,703 2201,701 2205,640 2125,624 2026,647 1980,611 1946,635 1918,614 1850,630 1798,608 1694,626 1584,589"/>
                <Baseline points="1590,641 1620,642 1650,644 1680,645 1710,648 1740,648 1770,650 1801,652 1831,653 1861,655 1891,656 1921,659 1951,660 1981,662 2012,665 2042,668 2072,669 2102,672 2132,675 2162,679 2193,683"/>
                <TextEquiv>
                    <Unicode>Allenbach irem ehemann, mitt dem sy</Unicode>
                </TextEquiv>
            </TextLine>
            <TextLine id="r1l5" custom="readingOrder {index:4;}">
                <Coords points="1588,720 1695,725 1731,705 1761,724 1788,707 1850,746 1967,720 1995,748 2150,735 2173,755 2210,747 2214,693 2158,705 2133,681 2055,695 1968,674 1923,694 1817,659 1774,686 1721,653 1620,676 1592,662"/>
                <Baseline points="1599,701 1629,701 1659,702 1689,704 1719,705 1749,707 1779,708 1810,710 1840,711 1870,714 1900,715 1930,717 1960,719 1990,721 2021,724 2051,725 2081,728 2111,731 2141,732 2171,736 2202,738"/>
                <TextEquiv>
                    <Unicode>nun in die 19 jar husgehalttenn, in</Unicode>
                </TextEquiv>
            </TextLine>
            <TextLine id="r1l6" custom="readingOrder {index:5;}">
                <Coords points="1596,764 1717,791 1805,772 1895,800 1916,782 1958,798 2047,786 2124,811 2219,798 2222,750 1994,748 1968,719 1861,746 1598,720"/>
                <Baseline points="1605,761 1635,762 1665,762 1695,764 1726,765 1756,767 1786,768 1817,770 1847,772 1877,774 1908,776 1938,778 1968,780 1998,782 2029,783 2059,785 2089,787 2120,788 2150,789 2180,791 2211,792"/>
                <TextEquiv>
                    <Unicode>welcher zytt er ira dhein Ehehulld</Unicode>
                </TextEquiv>
            </TextLine>
            <TextLine id="r1l7" custom="readingOrder {index:6;}">
                <Coords points="1591,841 1671,854 1707,830 1781,829 1835,861 1901,828 1940,855 2032,839 2206,869 2228,867 2231,797 2156,821 2077,790 1922,810 1763,783 1714,804 1682,779 1641,797 1594,771"/>
                <Baseline points="1601,824 1633,824 1666,824 1698,824 1731,825 1763,825 1796,827 1829,828 1861,830 1894,831 1926,833 1959,835 1991,836 2024,839 2057,840 2089,843 2122,844 2154,846 2187,849 2220,851"/>
                <TextEquiv>
                    <Unicode>leysten mögen, welches sy ettliche</Unicode>
                </TextEquiv>
            </TextLine>
            <TextLine id="r1l8" custom="readingOrder {index:7;}">
                <Coords points="1586,889 1784,898 1852,937 1903,898 1934,919 2070,903 2213,925 2214,879 2122,852 2088,871 2056,840 1842,870 1775,829 1715,870 1679,846 1655,866 1587,862"/>
                <Baseline points="1596,884 1626,885 1656,886 1687,887 1717,888 1748,888 1778,890 1808,890 1839,891 1869,891 1900,893 1930,893 1960,894 1991,896 2021,897 2052,897 2082,899 2112,901 2143,902 2173,903 2204,906"/>
                <TextEquiv>
                    <Unicode>mal am Chorgricht im Adelboden</Unicode>
                </TextEquiv>
            </TextLine>
            <TextLine id="r1l9" custom="readingOrder {index:8;}">
                <Coords points="1577,987 1642,969 1706,995 1737,977 1816,990 1851,971 1928,1001 2143,970 2246,992 2247,946 2200,926 2076,939 2055,918 1999,931 1863,896 1579,921"/>
                <Baseline points="1587,951 1619,951 1652,953 1684,953 1717,953 1749,954 1782,954 1814,955 1847,956 1879,957 1912,957 1944,959 1977,960 2009,960 2042,962 2074,963 2107,965 2139,966 2172,967 2204,968 2237,969"/>
                <TextEquiv>
                    <Unicode>geklagt. Sy habe sich aber alwegen</Unicode>
                </TextEquiv>
            </TextLine>
            <TextLine id="r1l10" custom="readingOrder {index:9;}">
                <Coords points="1594,1045 1698,1032 1752,1060 1856,1021 1885,1050 1982,1025 2145,1052 2222,1044 2223,1009 2141,969 1928,1001 1851,972 1773,1000 1636,968 1595,995"/>
                <Baseline points="1604,1023 1634,1022 1665,1022 1695,1020 1726,1020 1756,1020 1787,1019 1817,1019 1848,1019 1878,1020 1909,1020 1939,1020 1970,1022 2000,1022 2031,1023 2061,1025 2092,1026 2122,1028 2153,1030 2183,1031 2214,1034"/>
                <TextEquiv>
                    <Unicode>abschädigen lassen verhoffende er</Unicode>
                </TextEquiv>
            </TextLine>
            <TextLine id="r1l11" custom="readingOrder {index:10;}">
                <Coords points="1592,1108 1723,1087 1835,1105 1914,1084 1985,1107 2222,1097 2222,1044 2189,1037 2084,1054 2060,1034 2027,1063 1952,1038 1899,1062 1851,1022 1667,1069 1592,1038"/>
                <Baseline points="1601,1094 1631,1091 1662,1089 1692,1088 1723,1086 1754,1085 1784,1085 1815,1085 1845,1085 1876,1085 1907,1085 1937,1085 1968,1085 1998,1086 2029,1086 2060,1086 2090,1086 2121,1086 2151,1086 2182,1086 2213,1086"/>
                <TextEquiv>
                    <Unicode>wurde mitt ihme bester werden, die</Unicode>
                </TextEquiv>
            </TextLine>
            <TextLine id="r1l12" custom="readingOrder {index:11;}">
                <Coords points="1598,1186 1734,1153 1874,1158 1907,1184 2036,1157 2122,1198 2177,1165 2232,1189 2232,1103 2177,1095 1983,1107 1907,1084 1865,1119 1667,1090 1599,1107"/>
                <Baseline points="1607,1152 1637,1151 1668,1149 1699,1149 1730,1148 1761,1148 1791,1148 1822,1148 1853,1148 1884,1148 1915,1148 1945,1148 1976,1148 2007,1149 2038,1149 2069,1150 2099,1151 2130,1151 2161,1152 2192,1154 2223,1154"/>
                <TextEquiv>
                    <Unicode>wyl und aber sy dhein beserung</Unicode>
                </TextEquiv>
            </TextLine>
            <TextLine id="r1l13" custom="readingOrder {index:12;}">
                <Coords points="1592,1245 1706,1210 1805,1230 2104,1220 2185,1241 2216,1222 2217,1189 2134,1170 2103,1192 2026,1159 1925,1193 1874,1158 1703,1154 1592,1181"/>
                <Baseline points="1602,1212 1632,1212 1662,1212 1692,1212 1723,1212 1753,1212 1783,1212 1814,1211 1844,1211 1874,1212 1905,1212 1935,1212 1965,1212 1995,1212 2026,1212 2056,1214 2086,1214 2117,1215 2147,1215 2177,1217 2208,1218"/>
                <TextEquiv>
                    <Unicode>gespürren könne, und damit sy</Unicode>
                </TextEquiv>
            </TextLine>
            <TextLine id="r1l14" custom="readingOrder {index:13;}">
                <Coords points="1588,1289 1676,1274 1959,1296 2044,1272 2244,1304 2244,1238 2207,1223 2176,1241 1930,1215 1851,1254 1669,1225 1588,1239"/>
                <Baseline points="1598,1275 1629,1275 1661,1275 1693,1275 1725,1275 1757,1275 1789,1275 1820,1275 1852,1275 1884,1275 1916,1275 1948,1275 1980,1275 2012,1275 2043,1275 2075,1275 2107,1275 2139,1275 2171,1275 2203,1275 2235,1275"/>
                <TextEquiv>
                    <Unicode>nitt ettwan durch Juri vnd Ebruch</Unicode>
                </TextEquiv>
            </TextLine>
            <TextLine id="r1l15" custom="readingOrder {index:14;}">
                <Coords points="1580,1366 1652,1374 1720,1345 1742,1367 1865,1351 1949,1375 2071,1341 2144,1369 2219,1364 2252,1348 2253,1302 2044,1273 1985,1304 1902,1283 1790,1283 1709,1315 1676,1293 1581,1304"/>
                <Baseline points="1589,1347 1621,1346 1654,1343 1687,1343 1719,1341 1752,1341 1785,1341 1817,1341 1850,1341 1883,1341 1916,1343 1948,1343 1981,1343 2014,1344 2046,1345 2079,1346 2112,1346 2144,1346 2177,1346 2210,1346 2243,1346"/>
                <TextEquiv>
                    <Unicode>zufhal, sind, laster und straff khann</Unicode>
                </TextEquiv>
            </TextLine>
            <TextLine id="r1l16" custom="readingOrder {index:15;}">
                <Coords points="1581,1426 1680,1441 1753,1409 1794,1432 1826,1411 1900,1439 1979,1408 2086,1438 2118,1411 2194,1428 2247,1409 2246,1356 2147,1374 2073,1341 1859,1376 1785,1351 1758,1376 1580,1370"/>
                <Baseline points="1589,1415 1621,1412 1653,1410 1686,1409 1718,1408 1751,1407 1783,1407 1815,1406 1848,1406 1880,1406 1913,1406 1945,1406 1977,1406 2010,1406 2042,1406 2075,1404 2107,1404 2139,1403 2172,1401 2204,1398 2237,1395"/>
                <TextEquiv>
                    <Unicode>wille sy die von der oberkeytt ynge¬</Unicode>
                </TextEquiv>
            </TextLine>
            <TextLine id="r1l17" custom="readingOrder {index:16;}">
                <Coords points="1592,1509 1679,1471 2004,1476 2032,1496 2091,1477 2150,1517 2194,1487 2247,1487 2246,1408 2197,1427 2118,1411 2087,1437 1969,1408 1901,1438 1764,1449 1591,1421"/>
                <Baseline points="1601,1481 1632,1478 1664,1475 1696,1473 1728,1471 1760,1470 1791,1469 1823,1469 1855,1469 1887,1469 1919,1469 1950,1469 1982,1470 2014,1470 2046,1470 2078,1470 2109,1472 2141,1470 2173,1470 2205,1470 2237,1469"/>
                <TextEquiv>
                    <Unicode>setzte mittel, anrüffen, und sich dero</Unicode>
                </TextEquiv>
            </TextLine>
            <TextLine id="r1l18" custom="readingOrder {index:17;}">
                <Coords points="1593,1560 1622,1571 1677,1542 1725,1567 1800,1542 1822,1564 1907,1547 1940,1573 2022,1551 2063,1567 2237,1545 2237,1492 2156,1519 2075,1479 1962,1499 1923,1477 1848,1494 1723,1474 1593,1509"/>
                <Baseline points="1601,1542 1632,1541 1663,1539 1695,1538 1726,1536 1757,1536 1789,1535 1820,1535 1851,1535 1883,1535 1914,1535 1945,1536 1977,1536 2008,1536 2039,1537 2071,1538 2102,1538 2133,1538 2165,1538 2196,1539 2228,1538"/>
                <TextEquiv>
                    <Unicode>gebruchen, begärt der halben von ime</Unicode>
                </TextEquiv>
            </TextLine>
            <TextLine id="r1l19" custom="readingOrder {index:18;}">
                <Coords points="1570,1626 1632,1611 1757,1636 1815,1599 1913,1649 1961,1609 2119,1630 2216,1609 2242,1629 2265,1618 2265,1558 2168,1580 2023,1550 1823,1569 1773,1544 1659,1583 1569,1558"/>
                <Baseline points="1578,1611 1611,1610 1645,1608 1679,1607 1713,1607 1747,1605 1781,1605 1815,1605 1849,1605 1883,1604 1917,1604 1950,1605 1984,1605 2018,1605 2052,1605 2086,1605 2120,1605 2154,1605 2188,1605 2222,1605 2256,1605"/>
                <TextEquiv>
                    <Unicode>der ehehalb uffgelösst, und ira erlauß</Unicode>
                </TextEquiv>
            </TextLine>
            <TextLine id="r1l20" custom="readingOrder {index:19;}">
                <Coords points="1580,1680 1650,1663 1792,1708 1879,1663 2001,1693 2061,1693 2103,1663 2148,1693 2252,1670 2252,1629 2221,1611 2133,1632 1969,1607 1927,1637 1894,1611 1841,1625 1815,1599 1749,1640 1718,1618 1580,1623"/>
                <Baseline points="1589,1670 1621,1667 1654,1664 1687,1662 1719,1660 1752,1659 1785,1659 1817,1658 1850,1658 1883,1658 1916,1659 1948,1659 1981,1659 2014,1661 2046,1661 2079,1661 2112,1661 2144,1661 2177,1660 2210,1659 2243,1658"/>
                <TextEquiv>
                    <Unicode>zewerden, sich anderfart ehelich zeuer¬</Unicode>
                </TextEquiv>
            </TextLine>
            <TextLine id="r1l21" custom="readingOrder {index:20;}">
                <Coords points="1590,1743 1847,1722 1959,1757 2001,1718 2063,1759 2140,1722 2238,1738 2238,1683 2148,1692 2104,1665 2061,1693 1927,1691 1881,1662 1782,1699 1654,1668 1590,1688"/>
                <Baseline points="1598,1724 1629,1722 1661,1721 1692,1719 1724,1718 1755,1718 1787,1718 1818,1716 1850,1716 1881,1716 1913,1718 1945,1718 1976,1718 2008,1718 2039,1719 2071,1719 2102,1719 2134,1719 2165,1719 2197,1719 2229,1719"/>
                <TextEquiv>
                    <Unicode>pflichten etc. Dargegen gesagter</Unicode>
                </TextEquiv>
            </TextLine>
            <TextLine id="r1l22" custom="readingOrder {index:21;}">
                <Coords points="1604,1816 1703,1784 1779,1826 1867,1790 1927,1786 2005,1817 2058,1782 2216,1783 2215,1745 2173,1723 2063,1758 2002,1718 1960,1755 1892,1724 1835,1723 1799,1750 1727,1730 1604,1744"/>
                <Baseline points="1613,1784 1642,1783 1672,1781 1702,1781 1731,1779 1761,1779 1791,1779 1820,1779 1850,1779 1880,1779 1910,1779 1939,1779 1969,1779 1999,1779 2028,1779 2058,1779 2088,1779 2117,1779 2147,1779 2177,1779 2207,1778"/>
                <TextEquiv>
                    <Unicode>Allenbach, solcher gefürten klag</Unicode>
                </TextEquiv>
            </TextLine>
            <TextLine id="r1l23" custom="readingOrder {index:22;}">
                <Coords points="1599,1843 1742,1870 1804,1851 1962,1862 1997,1841 2062,1865 2173,1840 2205,1855 2225,1849 2225,1794 2190,1782 2151,1806 2058,1782 2001,1814 1867,1791 1825,1822 1744,1786 1599,1816"/>
                <Baseline points="1608,1839 1638,1839 1668,1839 1699,1839 1729,1839 1760,1839 1790,1839 1820,1839 1851,1839 1881,1839 1912,1839 1942,1839 1972,1839 2003,1838 2033,1838 2064,1838 2094,1838 2124,1838 2155,1836 2185,1836 2216,1835"/>
                <TextEquiv>
                    <Unicode>nitt allen können, und sich haruff</Unicode>
                </TextEquiv>
            </TextLine>
            <TextLine id="r1l24" custom="readingOrder {index:23;}">
                <Coords points="1591,1915 1692,1899 1742,1923 1821,1903 1860,1925 1959,1903 2162,1923 2162,1862 2118,1849 2019,1881 1942,1855 1913,1877 1804,1851 1703,1879 1591,1855"/>
                <Baseline points="1601,1902 1628,1901 1656,1900 1683,1899 1711,1899 1739,1899 1766,1898 1794,1898 1822,1898 1849,1899 1877,1899 1905,1899 1932,1899 1960,1899 1988,1899 2015,1901 2043,1901 2071,1901 2098,1899 2126,1899 2154,1899"/>
                <TextEquiv>
                    <Unicode>dem Rechten vnderworffen,</Unicode>
                </TextEquiv>
            </TextLine>
            <TextLine id="r1l25" custom="readingOrder {index:24;}">
                <Coords points="1598,1974 1655,1959 1682,1986 1800,1955 1912,1984 1960,1957 2064,1979 2132,1956 2235,1978 2264,1962 2264,1909 2165,1933 1995,1905 1917,1931 1827,1904 1791,1924 1598,1911"/>
                <Baseline points="1607,1959 1639,1958 1671,1958 1704,1957 1736,1956 1769,1956 1801,1956 1833,1956 1866,1956 1898,1956 1931,1956 1963,1956 1995,1958 2028,1958 2060,1958 2093,1958 2125,1957 2157,1956 2190,1956 2222,1956 2255,1955"/>
                <TextEquiv>
                    <Unicode>cognitum. Diewyl der verantworter</Unicode>
                </TextEquiv>
            </TextLine>
            <TextLine id="r1l26" custom="readingOrder {index:25;}">
                <Coords points="1600,2041 2241,2020 2241,1976 2164,1957 2002,1979 1971,1956 1910,1986 1797,1958 1686,1990 1652,1961 1600,1975"/>
                <Baseline points="1610,2009 1641,2010 1672,2010 1703,2010 1734,2010 1765,2010 1796,2010 1827,2012 1858,2012 1889,2012 1920,2012 1951,2012 1982,2013 2013,2013 2044,2013 2075,2012 2106,2012 2137,2012 2168,2012 2199,2010 2231,2009"/>
                <TextEquiv>
                    <Unicode>Allenbach, der unvermögligkeytt</Unicode>
                </TextEquiv>
            </TextLine>
            <TextLine id="r1l27" custom="readingOrder {index:26;}">
                <Coords points="1613,2080 2060,2091 2184,2070 2240,2098 2241,2021 2164,2041 2116,2016 2089,2032 1966,2013 1901,2045 1720,2025 1696,2046 1666,2022 1613,2040"/>
                <Baseline points="1622,2067 1652,2067 1682,2067 1713,2069 1743,2069 1774,2069 1804,2070 1835,2070 1865,2070 1896,2072 1926,2072 1956,2072 1987,2073 2017,2073 2048,2073 2078,2073 2109,2073 2139,2073 2170,2073 2200,2073 2231,2073"/>
                <TextEquiv>
                    <Unicode>menschlicher werken, bekandtlich</Unicode>
                </TextEquiv>
            </TextLine>
            <TextLine id="r1l28" custom="readingOrder {index:27;}">
                <Coords points="1600,2161 1702,2125 1846,2131 1874,2161 2016,2139 2067,2162 2200,2147 2218,2078 2063,2102 1992,2074 1964,2093 1842,2074 1602,2095"/>
                <Baseline points="1610,2126 1639,2126 1669,2126 1699,2126 1729,2127 1759,2127 1789,2129 1818,2129 1848,2130 1878,2132 1908,2133 1938,2134 1968,2135 1998,2136 2027,2136 2057,2138 2087,2138 2117,2138 2147,2138 2177,2138 2207,2136"/>
                <TextEquiv>
                    <Unicode>und wenn uß der Relation des</Unicode>
                </TextEquiv>
            </TextLine>
            <TextLine id="r1l29" custom="readingOrder {index:28;}">
                <Coords points="1615,2201 1722,2188 1793,2214 1839,2193 1914,2229 1999,2204 2024,2228 2113,2203 2252,2221 2253,2155 2173,2136 2093,2168 2019,2142 1963,2176 1907,2145 1873,2161 1848,2134 1701,2125 1616,2171"/>
                <Baseline points="1625,2190 1657,2189 1690,2189 1722,2190 1755,2190 1787,2190 1820,2192 1853,2193 1885,2195 1918,2196 1950,2198 1983,2199 2015,2199 2048,2201 2081,2201 2113,2201 2146,2201 2178,2200 2211,2199 2244,2196"/>
                <TextEquiv>
                    <Unicode>naturlichen erfharnen, vnd hat zu</Unicode>
                </TextEquiv>
            </TextLine>
            <TextLine id="r1l30" custom="readingOrder {index:29;}">
                <Coords points="1616,2258 1646,2250 1669,2275 1771,2254 1864,2257 1889,2278 1914,2260 2050,2266 2108,2286 2196,2270 2255,2292 2257,2219 2158,2212 2073,2239 1991,2205 1860,2233 1820,2206 1731,2218 1670,2188 1618,2207"/>
                <Baseline points="1626,2255 1657,2252 1688,2252 1719,2252 1750,2252 1781,2252 1812,2253 1843,2255 1874,2256 1905,2258 1936,2259 1967,2261 1998,2262 2029,2264 2060,2265 2091,2266 2122,2267 2153,2267 2184,2267 2215,2265 2247,2262"/>
                <TextEquiv>
                    <Unicode>verordnenten meysters vernommen, das</Unicode>
                </TextEquiv>
            </TextLine>
            <TextLine id="r1l31" custom="readingOrder {index:30;}">
                <Coords points="1603,2346 1652,2350 1717,2309 1834,2341 1909,2313 1972,2357 1998,2338 2069,2358 2221,2334 2258,2357 2261,2300 2077,2272 1935,2280 1914,2260 1887,2277 1862,2259 1669,2274 1646,2250 1607,2256"/>
                <Baseline points="1613,2315 1644,2312 1676,2309 1708,2309 1740,2307 1772,2309 1804,2309 1835,2311 1867,2312 1899,2314 1931,2316 1963,2319 1995,2322 2027,2325 2058,2327 2090,2329 2122,2331 2154,2333 2186,2334 2218,2336 2250,2336"/>
                <TextEquiv>
                    <Unicode>dhein betrug in der sach, sondern das</Unicode>
                </TextEquiv>
            </TextLine>
            <TextLine id="r1l32" custom="readingOrder {index:31;}">
                <Coords points="1617,2398 1692,2371 1789,2414 1922,2407 1958,2383 1997,2419 2044,2388 2131,2423 2261,2425 2264,2370 2216,2345 2068,2358 1998,2340 1975,2357 1930,2325 1859,2348 1729,2311 1677,2349 1620,2349"/>
                <Baseline points="1628,2373 1659,2372 1690,2371 1721,2370 1753,2370 1784,2370 1815,2370 1846,2370 1878,2372 1909,2373 1940,2375 1971,2377 2003,2379 2034,2382 2065,2385 2096,2388 2128,2392 2159,2395 2190,2399 2221,2405 2253,2409"/>
                <TextEquiv>
                    <Unicode>er allenbach in ime selbst zu gesagten</Unicode>
                </TextEquiv>
            </TextLine>
            <TextLine id="r1l33" custom="readingOrder {index:32;}">
                <Coords points="1615,2451 1650,2444 1678,2471 1800,2454 1827,2476 1946,2487 2001,2453 2045,2476 2100,2462 2145,2500 2222,2468 2225,2428 2129,2424 2040,2385 1997,2418 1959,2384 1904,2412 1750,2407 1709,2373 1673,2404 1618,2399"/>
                <Baseline points="1625,2430 1654,2429 1683,2429 1713,2429 1742,2429 1772,2430 1801,2430 1830,2432 1860,2433 1889,2435 1919,2435 1948,2438 1977,2440 2007,2442 2036,2445 2066,2448 2095,2450 2124,2453 2154,2456 2183,2460 2213,2463"/>
                <TextEquiv>
                    <Unicode>werken vnuermöglich, das deshalb</Unicode>
                </TextEquiv>
            </TextLine>
            <TextEquiv>
                <Unicode>Adelboden.
Cathrina Trummer, clagt die unver¬
mögligkeit ehelicher werken, ab Hanns
Allenbach irem ehemann, mitt dem sy
nun in die 19 jar husgehalttenn, in
welcher zytt er ira dhein Ehehulld
leysten mögen, welches sy ettliche
mal am Chorgricht im Adelboden
geklagt. Sy habe sich aber alwegen
abschädigen lassen verhoffende er
wurde mitt ihme bester werden, die
wyl und aber sy dhein beserung
gespürren könne, und damit sy
nitt ettwan durch Juri vnd Ebruch
zufhal, sind, laster und straff khann
wille sy die von der oberkeytt ynge¬
setzte mittel, anrüffen, und sich dero
gebruchen, begärt der halben von ime
der ehehalb uffgelösst, und ira erlauß
zewerden, sich anderfart ehelich zeuer¬
pflichten etc. Dargegen gesagter
Allenbach, solcher gefürten klag
nitt allen können, und sich haruff
dem Rechten vnderworffen,
cognitum. Diewyl der verantworter
Allenbach, der unvermögligkeytt
menschlicher werken, bekandtlich
und wenn uß der Relation des
naturlichen erfharnen, vnd hat zu
verordnenten meysters vernommen, das
dhein betrug in der sach, sondern das
er allenbach in ime selbst zu gesagten
werken vnuermöglich, das deshalb</Unicode>
            </TextEquiv>
        </TextRegion>
        <TextRegion orientation="0.0" id="r2" custom="readingOrder {index:1;}">
            <Coords points="2301,445 2301,2567 3071,2567 3071,445"/>
            <TextLine id="r2l1" custom="readingOrder {index:0;}">
                <Coords points="2382,531 2458,521 2498,488 2528,509 2657,482 2994,496 3036,485 3032,381 2787,456 2734,406 2502,449 2378,432"/>
                <Baseline points="2390,497 2421,493 2453,491 2485,487 2517,485 2549,483 2581,482 2612,480 2644,479 2676,477 2708,476 2740,476 2772,474 2804,474 2835,474 2867,473 2899,473 2931,473 2963,472 2995,471 3027,471"/>
                <TextEquiv>
                    <Unicode>gesagte Cathrina Trummer uf krafft</Unicode>
                </TextEquiv>
            </TextLine>
            <TextLine id="r2l2" custom="readingOrder {index:1;}">
                <Coords points="2374,580 2448,547 2497,566 2602,543 2649,563 2729,533 2775,550 2795,532 2821,553 3017,525 3015,490 2885,506 2785,479 2674,503 2634,482 2372,529"/>
                <Baseline points="2382,554 2413,549 2444,545 2475,542 2507,539 2538,537 2569,534 2601,533 2632,531 2663,530 2695,528 2726,528 2757,527 2788,527 2820,525 2851,525 2882,524 2914,524 2945,524 2976,522 3008,521"/>
                <TextEquiv>
                    <Unicode>Jacob gemachter satzung von ime</Unicode>
                </TextEquiv>
            </TextLine>
            <TextLine id="r2l3" custom="readingOrder {index:2;}">
                <Coords points="2383,617 2565,592 2726,612 2817,580 2885,597 3052,573 3050,544 2882,529 2825,554 2732,534 2647,564 2543,543 2381,582"/>
                <Baseline points="2391,600 2423,599 2456,596 2488,593 2521,591 2553,590 2586,587 2618,584 2651,584 2683,581 2716,580 2749,578 2781,576 2814,576 2846,575 2879,574 2911,573 2944,572 2976,572 3009,572 3042,572"/>
                <TextEquiv>
                    <Unicode>aller ehelichen pflicht und ansprachen</Unicode>
                </TextEquiv>
            </TextLine>
            <TextLine id="r2l4" custom="readingOrder {index:3;}">
                <Coords points="2386,662 2454,676 2517,642 2551,665 2611,642 2777,650 2857,630 3016,650 3055,632 3053,573 2981,605 2894,589 2682,615 2642,591 2565,592 2384,623"/>
                <Baseline points="2394,656 2426,651 2459,648 2491,645 2524,642 2556,641 2589,639 2621,638 2654,636 2686,635 2719,634 2752,633 2784,632 2817,632 2849,630 2882,630 2914,629 2947,628 2979,627 3012,626 3045,624"/>
                <TextEquiv>
                    <Unicode>uffgelöst und mitthin ira erloupt</Unicode>
                </TextEquiv>
            </TextLine>
            <TextLine id="r2l5" custom="readingOrder {index:4;}">
                <Coords points="2392,710 2571,721 2781,683 2800,701 2982,706 3054,681 3053,635 2903,648 2858,629 2697,661 2612,642 2564,675 2516,642 2450,681 2390,663"/>
                <Baseline points="2402,707 2434,705 2466,702 2498,701 2530,699 2562,696 2594,695 2627,693 2659,692 2691,691 2723,690 2755,689 2787,689 2819,688 2852,687 2884,686 2916,686 2948,684 2980,683 3012,683 3045,681"/>
                <TextEquiv>
                    <Unicode>sin sölle sich anderfart zeverehelich</Unicode>
                </TextEquiv>
            </TextLine>
            <TextLine id="r2l6" custom="readingOrder {index:5;}">
                <Coords points="2376,778 2434,798 2486,757 2666,769 2744,749 2769,769 2849,740 2949,771 3062,741 3060,699 3016,687 2969,719 2839,689 2687,693 2613,732 2554,707 2374,721"/>
                <Baseline points="2385,767 2418,763 2451,759 2485,756 2518,754 2552,752 2585,750 2618,749 2652,747 2685,746 2719,745 2752,744 2785,743 2819,743 2852,741 2886,741 2919,740 2952,740 2986,738 3019,738 3053,737"/>
                <TextEquiv>
                    <Unicode>er stelle dan alhie für chorgricht</Unicode>
                </TextEquiv>
            </TextLine>
            <TextLine id="r2l7" custom="readingOrder {index:6;}">
                <Coords points="2387,827 2454,846 2530,814 2665,832 2855,801 2917,825 2995,803 3060,828 3057,746 2951,768 2914,746 2889,769 2840,741 2648,782 2587,760 2441,795 2386,784"/>
                <Baseline points="2396,821 2428,818 2461,816 2494,813 2526,810 2559,809 2592,807 2624,806 2657,804 2690,803 2723,803 2755,801 2788,800 2821,800 2853,798 2886,798 2919,797 2951,796 2984,795 3017,794 3050,792"/>
                <TextEquiv>
                    <Unicode>die jhenige person, so er zeehelich</Unicode>
                </TextEquiv>
            </TextLine>
            <TextLine id="r2l8" custom="readingOrder {index:7;}">
                <Coords points="2391,896 2575,871 2650,902 2841,855 3051,858 3049,823 2995,804 2868,834 2775,816 2754,834 2608,838 2530,814 2453,846 2388,838"/>
                <Baseline points="2400,882 2432,878 2464,875 2496,872 2528,870 2560,867 2592,865 2624,864 2656,863 2688,861 2720,860 2752,858 2784,857 2816,857 2848,855 2880,854 2912,852 2944,851 2976,849 3008,846 3041,845"/>
                <TextEquiv>
                    <Unicode>vorhabens ware, und warde im</Unicode>
                </TextEquiv>
            </TextLine>
            <TextLine id="r2l9" custom="readingOrder {index:8;}">
                <Coords points="2383,961 2484,935 2600,961 2651,929 2834,954 2864,926 3033,926 3052,921 3049,859 2828,890 2746,868 2650,902 2540,872 2380,906"/>
                <Baseline points="2391,941 2423,938 2456,934 2488,932 2521,929 2553,927 2586,925 2618,923 2651,922 2683,920 2716,918 2749,917 2781,917 2814,915 2846,914 2879,912 2911,912 2944,911 2976,909 3009,908 3042,906"/>
                <TextEquiv>
                    <Unicode>erloupt, denne solle er ira allen</Unicode>
                </TextEquiv>
            </TextLine>
            <TextLine id="r2l10" custom="readingOrder {index:9;}">
                <Coords points="2373,1024 2506,995 2571,1016 2643,989 2735,990 2762,1013 2834,982 2916,1011 2963,981 3030,999 3026,918 2865,927 2824,955 2640,928 2600,962 2545,935 2510,960 2370,974"/>
                <Baseline points="2381,1004 2414,999 2448,996 2481,993 2515,990 2549,989 2582,986 2616,984 2650,983 2683,982 2717,980 2750,980 2784,978 2818,977 2851,976 2885,975 2919,974 2952,972 2986,971 3020,969"/>
                <TextEquiv>
                    <Unicode>zimlichen billichen costen, dis</Unicode>
                </TextEquiv>
            </TextLine>
            <TextLine id="r2l11" custom="readingOrder {index:10;}">
                <Coords points="2384,1083 2470,1062 2596,1063 2617,1082 2690,1065 2726,1086 2760,1061 2863,1081 2895,1052 3052,1060 3049,986 2927,1015 2858,986 2762,1019 2675,994 2648,1013 2618,996 2515,1007 2489,1030 2451,1007 2382,1024"/>
                <Baseline points="2393,1058 2425,1056 2457,1054 2490,1053 2522,1052 2555,1051 2587,1050 2619,1049 2652,1047 2684,1046 2717,1046 2749,1044 2781,1043 2814,1041 2846,1041 2879,1040 2911,1038 2943,1038 2976,1037 3008,1035 3041,1034"/>
                <TextEquiv>
                    <Unicode>handels halb uff gelieffen, abthrag</Unicode>
                </TextEquiv>
            </TextLine>
            <TextLine id="r2l12" custom="readingOrder {index:11;}">
                <Coords points="2469,1240 2509,1217 2622,1238 2684,1224 2723,1245 2783,1207 2860,1228 2924,1202 3024,1233 3022,1149 2979,1139 2906,1153 2849,1134 2827,1157 2778,1143 2712,1157 2636,1124 2536,1163 2513,1145 2467,1153"/>
                <Baseline points="2478,1209 2504,1208 2531,1208 2558,1205 2585,1205 2612,1203 2638,1202 2665,1202 2692,1200 2719,1200 2746,1199 2772,1198 2799,1197 2826,1197 2853,1197 2880,1197 2906,1197 2933,1197 2960,1198 2987,1199 3014,1199"/>
                <TextEquiv>
                    <Unicode>Frytag den 19. octobris 1693.</Unicode>
                </TextEquiv>
            </TextLine>
            <TextLine id="r2l13" custom="readingOrder {index:12;}">
                <Coords points="2379,1313 2494,1288 2541,1302 2573,1283 2666,1318 2807,1291 2842,1321 2887,1285 2913,1287 2912,1237 2868,1244 2772,1214 2716,1251 2691,1227 2622,1238 2581,1224 2519,1259 2471,1230 2377,1223"/>
                <Baseline points="2387,1289 2412,1288 2438,1287 2464,1287 2490,1286 2516,1286 2541,1284 2567,1284 2593,1284 2619,1284 2645,1283 2670,1283 2696,1283 2722,1283 2748,1281 2774,1281 2799,1280 2825,1280 2851,1278 2877,1277 2903,1274"/>
                <TextEquiv>
                    <Unicode>vice tenens Praesidis h. Rüsch</Unicode>
                </TextEquiv>
            </TextLine>
            <TextLine id="r2l14" custom="readingOrder {index:13;}">
                <Coords points="2380,1361 2420,1352 2448,1370 2466,1354 2479,1358 2503,1346 2527,1363 2582,1343 2633,1347 2651,1341 2650,1304 2626,1290 2597,1299 2576,1288 2526,1319 2492,1293 2468,1288 2434,1311 2378,1313"/>
                <Baseline points="2388,1347 2413,1345 2438,1342 2464,1341 2489,1340 2515,1340 2540,1340 2565,1339 2591,1338 2616,1338 2642,1337"/>
                <TextEquiv>
                    <Unicode>minist. Ambo</Unicode>
                </TextEquiv>
            </TextLine>
            <TextLine id="r2l15" custom="readingOrder {index:14;}">
                <Coords points="2390,1414 2500,1402 2654,1437 2792,1391 2893,1411 3051,1400 3049,1326 3029,1321 2948,1319 2881,1347 2808,1306 2531,1363 2389,1353"/>
                <Baseline points="2399,1397 2431,1397 2463,1395 2495,1395 2527,1394 2559,1392 2591,1392 2624,1391 2656,1389 2688,1388 2720,1387 2752,1386 2784,1385 2816,1385 2849,1383 2881,1383 2913,1383 2945,1383 2977,1383 3009,1385 3042,1386"/>
                <TextEquiv>
                    <Unicode>Linie. Dachselhofer. Rantz Hoff¬</Unicode>
                </TextEquiv>
            </TextLine>
            <TextLine id="r2l16" custom="readingOrder {index:15;}">
                <Coords points="2382,1498 2396,1495 2439,1459 2475,1472 2505,1455 2515,1458 2534,1449 2553,1453 2550,1408 2510,1424 2497,1417 2483,1422 2471,1412 2447,1416 2420,1403 2400,1419 2375,1416"/>
                <Baseline points="2388,1458 2413,1453 2439,1451 2465,1448 2491,1446 2517,1446 2543,1445"/>
                <TextEquiv>
                    <Unicode>stetter.</Unicode>
                </TextEquiv>
            </TextLine>
            <TextLine id="r2l17" custom="readingOrder {index:16;}">
                <Coords points="2517,1597 2574,1604 2588,1594 2605,1600 2618,1591 2646,1606 2665,1587 2702,1595 2700,1527 2677,1522 2629,1554 2596,1548 2533,1497 2513,1501"/>
                <Baseline points="2526,1581 2553,1581 2581,1581 2609,1580 2637,1579 2665,1577 2693,1574"/>
                <TextEquiv>
                    <Unicode>Lotzwyl.</Unicode>
                </TextEquiv>
            </TextLine>
            <TextLine id="r2l18" custom="readingOrder {index:17;}">
                <Coords points="2292,1666 2328,1650 2454,1686 2699,1645 2735,1668 2783,1642 2895,1665 2969,1631 3043,1643 3040,1572 2991,1584 2833,1544 2735,1565 2674,1609 2590,1592 2450,1620 2368,1597 2290,1627"/>
                <Baseline points="2301,1662 2337,1658 2374,1655 2410,1652 2447,1649 2483,1647 2520,1646 2556,1644 2593,1643 2629,1642 2666,1641 2703,1640 2739,1640 2776,1638 2812,1637 2849,1637 2885,1635 2922,1634 2958,1632 2995,1630 3032,1628"/>
                <TextEquiv>
                    <Unicode>4. Margredt heyller, klagt ab Joß Negeli</Unicode>
                </TextEquiv>
            </TextLine>
            <TextLine id="r2l19" custom="readingOrder {index:18;}">
                <Coords points="2370,1724 2478,1706 2504,1731 2540,1698 2591,1697 2658,1719 2691,1695 2767,1721 2940,1687 3055,1708 3053,1647 2968,1633 2895,1665 2794,1643 2736,1668 2698,1651 2569,1676 2498,1645 2418,1682 2368,1664"/>
                <Baseline points="2378,1709 2411,1706 2444,1702 2477,1699 2511,1696 2544,1694 2577,1694 2611,1692 2644,1691 2677,1691 2711,1690 2744,1689 2777,1689 2810,1689 2844,1688 2877,1688 2910,1686 2944,1686 2977,1685 3010,1682 3044,1680"/>
                <TextEquiv>
                    <Unicode>irem eheman, wie er sich mitt zu gryffen</Unicode>
                </TextEquiv>
            </TextLine>
            <TextLine id="r2l20" custom="readingOrder {index:19;}">
                <Coords points="2380,1785 2520,1781 2579,1749 2861,1761 2996,1732 3035,1748 3040,1692 2844,1689 2666,1723 2537,1698 2505,1730 2479,1707 2378,1727"/>
                <Baseline points="2388,1752 2420,1751 2452,1748 2484,1747 2516,1746 2549,1745 2581,1743 2613,1743 2645,1742 2677,1741 2710,1740 2742,1740 2774,1739 2806,1737 2838,1737 2871,1736 2903,1734 2935,1733 2967,1732 2999,1730 3032,1728"/>
                <TextEquiv>
                    <Unicode>und diebställen vergriffen, sonders</Unicode>
                </TextEquiv>
            </TextLine>
            <TextLine id="r2l21" custom="readingOrder {index:20;}">
                <Coords points="2393,1823 2714,1796 2794,1823 2928,1788 2949,1805 3031,1789 3057,1782 3056,1755 2996,1731 2929,1760 2658,1747 2570,1779 2391,1784"/>
                <Baseline points="2402,1803 2434,1803 2466,1802 2498,1800 2531,1799 2563,1797 2595,1796 2627,1796 2660,1794 2692,1793 2724,1791 2756,1791 2789,1790 2821,1788 2853,1786 2885,1785 2918,1784 2950,1781 2982,1780 3014,1778 3047,1775"/>
                <TextEquiv>
                    <Unicode>einem wirtt die legysen und schinen</Unicode>
                </TextEquiv>
            </TextLine>
            <TextLine id="r2l22" custom="readingOrder {index:21;}">
                <Coords points="2389,1891 2473,1867 2580,1890 2630,1854 3047,1855 3044,1786 3013,1782 2842,1819 2758,1802 2682,1824 2633,1801 2559,1834 2448,1807 2386,1821"/>
                <Baseline points="2397,1866 2429,1863 2461,1860 2493,1859 2525,1857 2557,1855 2589,1854 2621,1852 2653,1851 2685,1850 2717,1848 2749,1847 2781,1846 2813,1845 2845,1844 2877,1842 2909,1841 2941,1839 2973,1837 3005,1835 3038,1833"/>
                <TextEquiv>
                    <Unicode>ab einem hinderen wägen beraubt,</Unicode>
                </TextEquiv>
            </TextLine>
            <TextLine id="r2l23" custom="readingOrder {index:22;}">
                <Coords points="2389,1937 2810,1902 2879,1929 2922,1896 3038,1900 3036,1856 2993,1840 2928,1865 2869,1850 2793,1881 2742,1850 2580,1888 2472,1867 2387,1891"/>
                <Baseline points="2397,1919 2428,1917 2460,1915 2491,1913 2523,1911 2555,1910 2586,1908 2618,1907 2649,1905 2681,1904 2713,1902 2744,1902 2776,1901 2807,1899 2839,1898 2871,1897 2902,1896 2934,1895 2965,1893 2997,1893 3029,1892"/>
                <TextEquiv>
                    <Unicode>und die wyl er nun ein sollicher</Unicode>
                </TextEquiv>
            </TextLine>
            <TextLine id="r2l24" custom="readingOrder {index:23;}">
                <Coords points="2391,1981 2454,1981 2486,2007 2540,1975 2726,1992 2879,1959 2922,1977 3044,1957 3042,1900 2709,1940 2582,1907 2554,1934 2520,1916 2471,1953 2390,1959"/>
                <Baseline points="2400,1976 2431,1973 2463,1971 2495,1970 2527,1968 2558,1967 2590,1966 2622,1965 2654,1964 2685,1962 2717,1961 2749,1960 2781,1959 2812,1957 2844,1956 2876,1955 2908,1952 2939,1949 2971,1947 3003,1943 3035,1940"/>
                <TextEquiv>
                    <Unicode>man sye, vermeinen sy der halbenn</Unicode>
                </TextEquiv>
            </TextLine>
            <TextLine id="r2l25" custom="readingOrder {index:24;}">
                <Coords points="2398,2076 2444,2042 2524,2062 2726,2023 2834,2042 2860,2019 2938,2034 3035,2014 3069,2037 3067,1959 2970,1981 2876,1959 2719,1998 2676,1974 2619,2005 2557,1978 2485,2007 2393,1982"/>
                <Baseline points="2405,2036 2437,2034 2470,2034 2503,2033 2535,2031 2568,2030 2601,2028 2633,2027 2666,2025 2699,2024 2732,2022 2764,2020 2797,2019 2830,2017 2862,2015 2895,2013 2928,2012 2960,2011 2993,2010 3026,2007 3059,2006"/>
                <TextEquiv>
                    <Unicode>hiedurch von imme gescheiden ze werden.</Unicode>
                </TextEquiv>
            </TextLine>
            <TextLine id="r2l26" custom="readingOrder {index:25;}">
                <Coords points="2349,2121 2405,2126 2444,2093 2481,2114 2541,2087 2582,2102 2664,2082 2845,2102 3047,2067 3045,2028 3010,2021 2886,2041 2858,2020 2806,2050 2724,2020 2692,2048 2647,2033 2521,2062 2475,2044 2347,2074"/>
                <Baseline points="2358,2103 2392,2099 2426,2095 2460,2091 2494,2089 2528,2086 2562,2084 2596,2083 2630,2082 2664,2081 2698,2081 2732,2079 2766,2079 2800,2078 2834,2077 2868,2075 2902,2074 2936,2072 2970,2070 3004,2068 3038,2066"/>
                <TextEquiv>
                    <Unicode>Entgegen er des klagten fällers nitt</Unicode>
                </TextEquiv>
            </TextLine>
            <TextLine id="r2l27" custom="readingOrder {index:26;}">
                <Coords points="2391,2168 2451,2186 2497,2147 2793,2154 2814,2133 2885,2158 2970,2125 3052,2138 3049,2080 3016,2072 2929,2103 2879,2088 2760,2106 2685,2081 2595,2109 2544,2087 2481,2117 2445,2092 2390,2126"/>
                <Baseline points="2400,2154 2432,2150 2464,2147 2496,2145 2528,2143 2560,2142 2592,2141 2624,2139 2656,2139 2688,2138 2720,2138 2752,2138 2784,2136 2816,2136 2848,2134 2880,2133 2912,2132 2944,2129 2976,2127 3008,2124 3041,2118"/>
                <TextEquiv>
                    <Unicode>absein können, doch anzeigt, wie dem</Unicode>
                </TextEquiv>
            </TextLine>
            <TextLine id="r2l28" custom="readingOrder {index:27;}">
                <Coords points="2386,2222 2575,2201 2619,2222 2731,2199 2821,2218 2998,2189 3047,2203 3047,2140 2840,2170 2773,2142 2726,2159 2705,2144 2669,2171 2578,2144 2447,2189 2385,2185"/>
                <Baseline points="2394,2211 2426,2207 2458,2204 2490,2201 2522,2199 2555,2197 2587,2196 2619,2196 2651,2196 2683,2196 2716,2196 2748,2196 2780,2196 2812,2196 2844,2196 2877,2195 2909,2192 2941,2191 2973,2188 3005,2184 3038,2178"/>
                <TextEquiv>
                    <Unicode>wirtt alles widerbekert wordenn</Unicode>
                </TextEquiv>
            </TextLine>
            <TextLine id="r2l29" custom="readingOrder {index:28;}">
                <Coords points="2401,2290 2481,2261 2583,2286 2611,2257 2727,2275 2798,2255 2836,2285 2897,2282 2929,2252 3063,2250 3061,2199 2921,2195 2822,2219 2754,2200 2707,2226 2576,2202 2398,2216"/>
                <Baseline points="2409,2267 2441,2264 2473,2259 2505,2258 2537,2255 2570,2253 2602,2253 2634,2252 2666,2250 2698,2250 2731,2250 2763,2250 2795,2249 2827,2249 2859,2247 2892,2246 2924,2244 2956,2241 2988,2238 3020,2235 3053,2229"/>
                <TextEquiv>
                    <Unicode>sye, und sye ime solcher sin fällen von</Unicode>
                </TextEquiv>
            </TextLine>
            <TextLine id="r2l30" custom="readingOrder {index:29;}">
                <Coords points="2379,2350 2450,2322 2542,2323 2570,2348 2647,2327 2692,2346 2788,2313 3019,2317 3068,2299 3067,2247 2844,2286 2801,2256 2436,2295 2377,2280"/>
                <Baseline points="2388,2319 2421,2317 2455,2316 2488,2315 2522,2314 2555,2313 2589,2313 2622,2312 2656,2312 2689,2312 2723,2312 2757,2310 2790,2310 2824,2309 2857,2307 2891,2306 2924,2304 2958,2301 2991,2299 3025,2295 3059,2291"/>
                <TextEquiv>
                    <Unicode>hertzen leyd, anders und höchers werde</Unicode>
                </TextEquiv>
            </TextLine>
            <TextLine id="r2l31" custom="readingOrder {index:30;}">
                <Coords points="2398,2398 2498,2369 2712,2397 2923,2389 3072,2344 3070,2302 3010,2325 2969,2304 2921,2331 2780,2317 2693,2347 2568,2347 2514,2320 2457,2353 2395,2339"/>
                <Baseline points="2406,2376 2438,2375 2471,2375 2504,2373 2537,2372 2570,2372 2603,2370 2635,2370 2668,2369 2701,2369 2734,2367 2767,2366 2800,2364 2833,2362 2865,2361 2898,2359 2931,2355 2964,2353 2997,2349 3030,2345 3063,2340"/>
                <TextEquiv>
                    <Unicode>man von ime nitt vernemmen, cognitum</Unicode>
                </TextEquiv>
            </TextLine>
            <TextLine id="r2l32" custom="readingOrder {index:31;}">
                <Coords points="2391,2444 2497,2474 2687,2440 2757,2461 2789,2436 2912,2425 3010,2442 3050,2418 3081,2430 3079,2353 3014,2390 2978,2364 2812,2402 2659,2378 2597,2399 2502,2369 2389,2395"/>
                <Baseline points="2399,2435 2432,2435 2466,2433 2499,2433 2533,2433 2567,2433 2600,2433 2634,2433 2667,2433 2701,2432 2735,2432 2768,2431 2802,2430 2835,2429 2869,2427 2903,2424 2936,2421 2970,2419 3003,2415 3037,2411 3071,2405"/>
                <TextEquiv>
                    <Unicode>obgeklagter fäller sye nitt wichtigung</Unicode>
                </TextEquiv>
            </TextLine>
            <TextLine id="r2l33" custom="readingOrder {index:32;}">
                <Coords points="2390,2507 2484,2497 2519,2525 2550,2497 2601,2500 2663,2528 2878,2492 2912,2520 3005,2486 3071,2494 3070,2437 3024,2455 2965,2427 2881,2453 2829,2433 2760,2459 2706,2440 2577,2476 2389,2454"/>
                <Baseline points="2399,2499 2432,2498 2465,2498 2498,2496 2531,2496 2564,2496 2597,2496 2631,2495 2664,2495 2697,2495 2730,2495 2763,2494 2796,2493 2829,2492 2863,2490 2896,2489 2929,2486 2962,2484 2995,2481 3028,2478 3062,2472"/>
                <TextEquiv>
                    <Unicode>das man ein schidigung daruff grunden</Unicode>
                </TextEquiv>
            </TextLine>
            <TextLine id="r2l34" custom="readingOrder {index:33;}">
                <Coords points="2400,2578 2443,2556 2632,2593 2860,2552 3039,2569 3082,2562 3080,2497 3027,2511 2995,2490 2912,2521 2878,2493 2675,2529 2600,2500 2517,2528 2477,2505 2397,2523"/>
                <Baseline points="2408,2555 2441,2555 2474,2555 2507,2554 2540,2553 2573,2553 2606,2553 2640,2553 2673,2553 2706,2552 2739,2551 2772,2550 2805,2549 2838,2547 2872,2546 2905,2543 2938,2540 2971,2536 3004,2532 3037,2528 3071,2523"/>
                <TextEquiv>
                    <Unicode>und möge erganlassen, derhalbenn</Unicode>
                </TextEquiv>
            </TextLine>
            <TextEquiv>
                <Unicode>gesagte Cathrina Trummer uf krafft
Jacob gemachter satzung von ime
aller ehelichen pflicht und ansprachen
uffgelöst und mitthin ira erloupt
sin sölle sich anderfart zeverehelich
er stelle dan alhie für chorgricht
die jhenige person, so er zeehelich
vorhabens ware, und warde im
erloupt, denne solle er ira allen
zimlichen billichen costen, dis
handels halb uff gelieffen, abthrag
Frytag den 19. octobris 1693.
vice tenens Praesidis h. Rüsch
minist. Ambo
Linie. Dachselhofer. Rantz Hoff¬
stetter.
Lotzwyl.
4. Margredt heyller, klagt ab Joß Negeli
irem eheman, wie er sich mitt zu gryffen
und diebställen vergriffen, sonders
einem wirtt die legysen und schinen
ab einem hinderen wägen beraubt,
und die wyl er nun ein sollicher
man sye, vermeinen sy der halbenn
hiedurch von imme gescheiden ze werden.
Entgegen er des klagten fällers nitt
absein können, doch anzeigt, wie dem
wirtt alles widerbekert wordenn
sye, und sye ime solcher sin fällen von
hertzen leyd, anders und höchers werde
man von ime nitt vernemmen, cognitum
obgeklagter fäller sye nitt wichtigung
das man ein schidigung daruff grunden
und möge erganlassen, derhalbenn</Unicode>
            </TextEquiv>
        </TextRegion>
    </Page>
</PcGts>
