4032 3024
1275 353 1409 474 248.
1520 407 1825 537 zweyferen.
1370 469 1995 633 min herren habend den bericht, wie
1417 570 1995 707 vill mal sich Steffen Cristen kant
1407 616 1981 757 in hur vergangen, den er fürgelt
1409 681 1983 815 Im 1693. jar abhin geschikt haben
1404 761 1988 884 nitt empfangen, sonst wurdige
1407 811 1993 957 sy gwüstlich hierzu than haben.
1430 889 1966 1012 was darzu gehört hätte,
1460 1043 1967 1168 Mittwuchen den 22. Maii
1417 1075 1600 1190 Tiege
1397 1150 1941 1297 Praeses fr Walthart, herr Galdi
1376 1227 1909 1321 minist. ambo. Civium Rüsch
1356 1276 1972 1389 Dachselhofer Zeihender, wiechselmans
1362 1460 1926 1589 Hans Weybel der unschuldigenn
1380 1544 1929 1649 person, so sich uff er septemb.
1384 1598 1926 1701 1594 von Verena Schurrer
1387 1654 1955 1753 einer ehefrouwen, von wegen ires
1378 1712 1904 1803 begangnen Ehebruchs, darzu
1387 1769 1941 1862 Hans Ryeder sy genottet, schidigen
1375 1813 1948 1921 laßen. Ist erloupt, das fer sich
1386 1874 1942 1985 anderfart verlehrlichen mögen
1477 1987 1952 2122 rytag den 24. maii 1594
1399 2096 1761 2181 rases gwalthart.
1357 2124 1968 2238 Minist. ambo. Ein Rüsch dach
1392 2193 1737 2295 selhofer zechender
1524 2253 1671 2376 Bientz
1342 2310 1921 2427 Elsbete Acherman spricht der
1356 2391 1914 2486 ehr an. Melcher stähli, mitt
1365 2448 1937 2547 anzeigen, wie er vor einem jar
2588 347 2709 444 249
2086 395 2758 559 ira die ehe verheisen und ein vierer
2096 489 2738 617 daruf geben, demnach letst verschie¬
2104 553 2715 660 nen her Verena Tag, wie sy er ab
2089 604 2733 714 dem bergkhommen, sye er in petten
2091 651 2740 761 Blumen ires meisters huss zu Bra
2083 700 2725 808 khommen, da sy ime ehelicher werken
2090 761 2744 858 bewilliget, und syn geschwengeret
2087 802 2734 905 begärt derhalben, er solle sein
2090 862 2737 964 zusagen gegen ira haltte und den
2092 913 2722 1028 kilchgang mitt ira voln bringen.
2082 974 2717 1089 entgegen gesagter stähli ira
2070 1032 2743 1148 keiter ehe zusagung bekendtlich
2089 1080 2738 1187 in wellen, des byschlaffen aber
2086 1151 2736 1246 mitt lougnende, cognitu, die wie
2070 1217 2743 1306 der verantwortter, der Cleger
2081 1270 2728 1375 dheiner ehezusagung bekhandt,
2086 1332 2734 1438 lich sin wellen, und sy inne dero
2083 1401 2726 1489 mitt keiner kundtschafft, vn¬
2073 1459 2737 1554 derrichten mögen, so solle des
2063 1521 2731 1619 alb, dise ehe austrach uffgehept,
2066 1577 2735 1679 und jedem erloupt sin, sich ander
2066 1647 2730 1740 fart zeverehelichen, er soll ira
2060 1711 2704 1797 allen zimlichen billichen costen
2070 1743 2718 1857 diß ehehandels halb uffgelüffen
2070 1815 2733 1927 abthragen, denne das kind, wan
2057 1886 2688 1978 sy des genißt, vnd zur wie
2070 1934 2718 2032 brüchlich übergibt, abnemmen
2080 2002 2703 2099 und für das ein erzüchenn,
2094 2058 2698 2152 und alls dan soll er ira dry
2084 2124 2686 2212 cronen für die khindtbett
2091 2183 2696 2282 abricht, denne soll er ira
2074 2245 2671 2351 pü kronen, für den blumen
2065 2300 2727 2403 bezallen, in monats frist, er möge
2061 2362 2739 2456 dan in selbiger zytt erzeigen, das
2089 2420 2745 2506 sy ein anderer vor im verstelt, dessen
2091 2475 2737 2576 er alls dan so vill recht ist gemeß
2086 2543 2187 2625 solle.
