4032 3024
1477 380 1692 508 Gignouw.
1302 437 1942 621 Der landtvogt zu Signouw, solle zur
1329 534 1912 664 kramer, von wegen er nun zum
1328 591 1933 717 anderen mal ehebrüchig worden, solle
1340 649 1931 778 namlich mitt Elsi marmutt und
1331 706 1929 834 nechst hievor genampter Barbare
1332 780 1909 888 jenni, mitt ppstägiger gefan¬
1340 835 1758 953 gen schafft straffenn.
1484 940 1625 1059 Dron.
1304 1017 1897 1137 an landtvogt solle fürhin, die chor
1308 1089 1907 1214 grichtlichen Proces, verschlossen,
1309 1137 1893 1261 vnd nitt offen, wie dissmals be¬
1309 1203 1889 1332 strechen, alhar für min herren
1316 1264 1474 1351 schiken.
1430 1395 1686 1504 Aelbodenn.
1260 1436 1909 1577 Cathrina Allenbach klagt ab Steffen
1285 1528 1885 1630 Glyger irem eheman, den Ehebruch
1289 1576 1884 1683 und wie er sonst gantz liederlich in
1301 1628 1890 1741 iner husshalttung sye, begärt der
1278 1686 1886 1796 halben aller ehelichen handen, vonn
1288 1750 1866 1852 imme uffgelofft zu werdenn set
1291 1807 1892 1917 gegen es des geklagten fallens nitt
1291 1856 1871 1978 absin konnen, sy umb fründtliche
1272 1933 1848 2041 ungzychung pittennde, sind sy
1579 1996 1644 2037 beide
1264 1995 1859 2097 demnach, wyl sy noch gar jung
1271 2051 1856 2138 vnd noch nitt gar lang mitt ein anderen
1269 2093 1866 2200 huch gehaltten, und die khundtschafft
1265 2147 1869 2249 nitt gnugsam gsin, widerumb alls
1267 2206 1869 2332 ehelytt zusamen bekent, vnd Ime vff¬
1254 2255 1844 2374 bunden worden, das er nitt mel
1262 2313 1831 2450 so liederlich sye, und sich frömbder
1260 2372 1852 2495 wyberen mutige, dan wo das mer
1237 2432 1870 2565 von ime solche klagt werden, wurde imme
1244 2489 1676 2645 dler gestamen geworden,
2558 331 2656 427 159.
2125 385 2376 530 Pruttingen.
1991 458 2647 598 An Castlan solle, gemeltten Gyger
2017 526 2636 653 von sines liederlichen wäsens und
2025 577 2687 703 habens wegen, mitt 1 tagiger gfangen.
2028 646 2665 774 hafft straffen. Denne sollind der
1996 702 2657 834 Landts penner, vnd die Eherichter
2006 761 2670 890 der obgemeltten Cathrina Allenbach
2010 829 2659 969 verholffen sin, das ira ir gutt von
1983 903 2646 1031 ihrem man gefristet werde, das er
1980 968 2610 1104 dasselb nitt angriffen möge
2163 1092 2278 1200 Belpp.
1984 1135 2646 1257 Demnach Barbli Schüner und Vren
1985 1211 2661 1320 Zimmerman, abermals uff hütt vor
1991 1272 2656 1370 minen herren den eherichterenn
2004 1330 2661 1432 erschinnen, sampt der khundtschafft sey
2001 1397 2674 1503 so sy am folgericht zu Belp wider
1993 1458 2646 1550 Hanns Broniman iren eheman
1996 1519 2668 1623 uffnemmen lassen, wie das gesagter
1983 1582 2677 1687 Ir Eheman vor ettwas zytts alle
2006 1654 2684 1759 er in Hans Brönnimans zu Englisperg
2004 1717 2640 1812 hus gearbeittet, von dem knecht
1991 1780 2662 1883 by dem er ligen sollen, uffgstanden
2000 1848 2661 1959 zu zweyen jungfrouwen, die ouch
1983 1922 2682 2029 imselben gemach gelegen, sich geschleibe
1995 1976 2628 2089 vnd daselbst ettwan ein stund
1990 2043 2674 2143 vbliben, dem nach widerumb zum
2003 2107 2665 2208 knecht gelegen, und den hat gesucht,
2323 2170 2365 2208 die
1997 2172 2669 2269 ob sy Barbli nitteschidigung vonn
1985 2221 2645 2326 ime erlangen möchte, ist immen
1981 2282 2645 2378 zu bscheid geben worden, wie das
1988 2343 2672 2444 die khundtschafft dhein heyttere meldung
1994 2402 2672 2504 thüge, das er by den jungfrauwen
1991 2466 2683 2565 ettwas hur verbracht habe, deshalb sollen
1984 2518 2676 2612 sy widerumb zu ime kheren, und mitt
1979 2571 2236 2660 ime zu gehalten
