4032 3024
1281 391 1388 491 334
1274 465 1326 554 t
1395 422 1979 568 wan sy umb einen schon hievor
1416 495 1977 618 begangnen fäller, nitt ab¬
1394 544 1694 652 büsst hätte
1422 647 1992 808 Mittwuchen den 14. augusti
1433 722 1947 855 254t. Praeses herr Galldi
1418 769 2011 905 Cons. herr Walthartt minicht her
1425 829 2015 949 Bammel Schneüwli, Herr Hallen
1421 867 2019 1022 Civium Rinsch zechender, wiechsel
1520 981 1760 1103 Lourrenn.
1386 1032 1994 1163 Solle vetter Brüwyller, Barbli
1388 1121 1997 1233 Bloüwler eheman, uff 26. huius
1389 1169 1988 1294 alhar tagen vor thorgricht zu
1406 1240 2012 1361 erschynen, derselben seiner ehefrauwen
1398 1303 1997 1423 im recht geantwortten, und
1398 1359 1992 1480 soll sy Barbli, alles dan auch
1407 1419 1670 1528 erschynnen.
1503 1522 1751 1622 Stäuisburg.
1383 1602 1980 1728 Fronegk Heini Bartli Joders
1403 1679 1961 1777 des Müllers zu Stäfisburg
1381 1734 1982 1836 husfrouw, Ist von demselbenn,
1387 1799 2000 1891 von wegen bluttschand, so er mitt
1394 1857 1986 1951 irer schwester begangen, vnnd
1382 1917 1990 2007 deßhalb abtretten und landtri
1386 1976 2013 2065 mig worden, aller ehelichen bauh
1392 2033 1986 2126 und pflicht uffgelögt unnd
1393 2097 2002 2193 gescheiden worden, und ira erlaupt,
1375 2156 2003 2261 das sy sich anderfart verseheliche
1399 2211 1560 2305 möge.
1539 2283 1747 2392 zignouw.
1373 2357 2011 2459 sölle uff nechst khünfftigen sontag mitt
1377 2425 2009 2518 herren gebastian Herli sich gan Rotte
1387 2473 2023 2567 bach verfügen, und by den nachburg
1999 755 2035 801 e
2671 418 2752 506 335
2137 473 2793 587 sich zuformieren, wie sich margrett
2139 558 2754 641 Schöne by den nachpuren, vnd mitt
2142 600 2788 685 jungen gsellen verhaltten haben, und
2149 666 2785 753 was sy ettwan für ein läben mitt
2142 714 2740 799 anderen manen gefürt habe, und
2140 771 2787 853 demnach disen bericht verschlossen, sagt
2155 818 2777 908 dem parthyen, uff einen bestimpten tag
2174 871 2457 962 alhar schicken.
2265 961 2427 1065 Worb.
2148 1058 2714 1166 Cristina Zenderi, spricht der ehr an
2173 1133 2748 1209 Werli Brömman, mitt anzeig wie
2161 1184 2752 1262 er in verschinenn meytag ira unnd
2154 1231 2779 1319 irer mutter angehaltten, das sy mitt
2154 1281 2745 1368 ime zum Bären zu thun getrungkenn
2157 1336 2766 1429 ouch alda ein halben franken, uff die
2144 1401 2766 1477 ehe geben, dem nach sye er mitt ira gan
2155 1443 2765 1529 herblingen gangen der sy dienne, da er
2162 1497 2771 1578 aber woll ein andere strass gan vilbring
2161 1546 2784 1633 alda er wonne hätten zien mögen, darzu
2151 1599 2780 1687 habe er sy wyl es nacht gsin beredt
2155 1649 2767 1741 das sy mitt imme in ein schweren gangen
2166 1707 2770 1778 und wil er ira fürgeben es wäre zu
2170 1738 2756 1831 eheren, den byschlaff, bewilligett,
2167 1791 2764 1887 darnach sy ouch gan Engistein taget
2169 1849 2755 1929 allda er ouch uff einem spycher
2185 1899 2756 1986 hof, die gantze nacht by ira gelegen,
2167 1946 2747 2032 vnd schnitt anderest vermant, dan
2180 2006 2748 2087 sen wäre zu eheren, derhalben
2176 2053 2693 2139 begäre sy nun, das er ira sin
2173 2106 2766 2197 zusagen haltte, und der kilchgangen
2139 2163 2768 2252 gdolnbringe, entgegen der versprechen
2180 2219 2756 2297 Bramman ira keiner ehezusa
2160 2269 2746 2354 gung bekhandtlich sin wellen, us
2172 2323 2755 2416 Gyschlaffs aber nitt laugnennden
2164 2381 2757 2461 So vill den halben franken antreffen
2167 2428 2759 2507 habe sy ime denselben und dem hosen hab
2179 2468 2743 2560 gezogen, vnd habe Ir mutter denseli
