4032 3024
1311 362 1394 455 5
1536 387 1832 497 Signouw
1429 462 2036 589 an vogt zu schryben, die wyl
1424 557 2026 650 Daniel figis, sich ab ducia
1458 616 2041 714 Töllenbach, so im kirchenhus
1454 675 2037 777 zu Signouw diener, daß ehe¬
1462 741 2046 835 bruchs erclagt, und das sy ime
1472 796 2034 892 mit guts thue sy begert von
1463 858 2029 964 tra gescheidt zwerden, das er
1453 918 2023 1020 zemaltte Lucia fällenbach
1460 983 2041 1078 in acht tagen, mit einer bericht
1455 1040 2042 1126 Ie thun vnd laßes alhar vor
1481 1099 1960 1195 uns zuerschyne schicken
1542 1173 1889 1292 Ober diesbach.
1451 1247 2052 1377 Andres Schindler clagt aber¬
1465 1347 2025 1429 mallen wie Anna Henrich
1466 1406 2045 1504 ime mit dem kind so sy ihme
1469 1474 2041 1556 gaben unracht thue, dans
1471 1521 2040 1609 nit sin, sonder eins frömde
1477 1583 2069 1670 gsellen sye, hat nach volgende
1467 1645 1847 1730 kundtschafft gleit,
1466 1693 1846 1797 Hans Schwager
1468 1766 1806 1859 Hans Aber sold.
1478 1825 1742 1918 Hans Häber 1.
1484 1895 1805 1995 Ulli würcki
1466 1957 2082 2056 Als inne im reidet zyt anzeigt
1484 2027 2063 2127 deis Galli deck ein kracht, aber
1475 2084 2048 2183 by ir genrich sye, da sy
1460 2131 2070 2232 Zerodt Inne gesuchen vnd als
1462 2192 2069 2284 so zum huß khommen, habe die
1520 2253 2076 2344 einrich den bougnen als
1471 2300 2079 2403 so aber nit nach gelaßenschein
1490 2340 2054 2443 sy den alleinig inhun und
1475 2410 2048 2510 in der stuben bin füster stan
1466 2454 1797 2550 funden und sy a
1472 2522 2053 2640 Dem J. zu diesbach abermal
1482 2585 2039 2697 geschrybe gemeltte Henrichen
1493 2637 2086 2759 uff künfftig mitwuchen alher
1478 2675 1810 2795 zeuer machen.
2758 326 2854 417 55.
2266 411 2494 533 Bern.
2131 451 2845 669 Arbeit der der ist genen
2183 533 2817 685 net worden, sich fürohin ze
2174 583 2816 747 müßigk am morgen so heye
2153 641 2840 829 S. Sammel des predicantten
2156 709 2791 873 junsfrouw heimzesuche im
2174 768 2832 935 stal, vnd sich ira zeentzien, sonst
2186 861 2683 978 werde und in straffen.
2276 969 2883 1099 Mitwuchen den 21. Novemb.
2285 1034 2804 1191 Johes Ehe hische Minist
2300 1124 2814 1244 ha dieb Haller seines
2318 1172 2740 1310 Dachselhoffer Bantz
2403 1241 2666 1357 hofstetter
2295 1361 2497 1499 Bern.
2145 1463 2883 1607 Hans Gutt ist von siner funfzuw
2181 1553 2857 1670 befragt worden, der anzeigt, wie
2197 1612 2804 1707 er uff Samstag darvor da uss
2180 1682 2871 1783 gnäste spittal zug ghan, so ime
2191 1746 2873 1841 miß gfürt, den es allen allen in
2177 1800 2870 1898 die bünden tragen, und als es heim
2203 1861 2862 1963 khommen sich übel clagt, also biß
2204 1911 2840 2021 am zinstag znacht sie es gnäßt
2194 1981 2872 2075 gabe für, das es zu unzytts gnäßte
2202 2025 2893 2125 khomme von disers tragen, das Kindli
2207 2088 2869 2191 sye sins alter knächts Marti vogts
2213 2144 2853 2241 von Wyntter thue, so ime die ehe
2210 2200 2862 2297 Seheiße, vnd er wüße nit das es
2224 2257 2865 2371 träncker ingenommes, es sye sonst
2220 2314 2588 2403 ein redlicher dienst¬
2212 2362 2892 2495 Sin Hans Gutts frouw zuget auch
2221 2438 2881 2567 das die jungfrauw am samstag dar
2216 2492 2858 2611 vor 2 fuder mist trag allein in
2209 2536 2911 2679 die bünden, als es durch den Karb
2208 2597 2823 2741 grunnd, hab es den an buch
2213 2646 2844 2785 genommen, wie es heim khomen
2228 2688 2847 2862 sich übel im buch clagt, da s
