4032 3024
1228 1118 1314 1244 .
1503 390 1647 497 Bern.
1317 422 1891 586 Rudolff Seyller ist fürgehalten
1325 518 1927 653 worden, wie er mitt willen und
1325 557 1935 718 zächen, das sie liederlich verthüyen,
1336 615 1921 772 und nütt zu seiner hushaltung
1332 689 1906 834 luge, ist er vermandt wordenn
1332 742 1920 891 fürhin beser zu siner hußhaltung
1327 806 1907 940 gelugen, und huslicher zeigen
1341 864 1906 971 und hiemitt zu einer straff
1338 918 1907 1039 bis frystag in gfangenschafft
1331 973 1644 1080 gelegt worden.
1452 1044 1610 1156 Bern.
1309 1110 1891 1259 Elias Schoff ist ouch fürgehalten
1330 1206 1891 1314 worden, was was vrsachen er
1306 1264 1875 1383 by nechtlicher wyl, vill uß
1310 1328 1886 1432 und yngangs, in jungkher
1300 1393 1879 1502 Hans Rudolff Nägelis hus
1312 1442 1859 1560 habe, und vill zu wandlens
1287 1510 1852 1615 zu der grösseren jungfrouw
1299 1564 1872 1667 gebruche, vnd nach dem er sich
1306 1625 1864 1715 mitt zum besten versprechenn
1298 1677 1872 1798 können, ist er ouch bis frytag
1281 1729 1644 1833 yngelegt worden.
1429 1806 1577 1909 Bern.
1267 1852 1837 1997 Bendicht uster von wegen er
1284 1939 1894 2061 by nechtlicher wyl. in jungkhei
1281 1999 1859 2124 Hans Rudolff Neglis husgang
1279 2057 1843 2173 by der grösteren jungfrouwen
1273 2120 1842 2234 funden worden, vnd sich mitt
1293 2181 1859 2321 wellen zu erkennen, geben, bis
1273 2241 1848 2370 man inne darzu zwungene
1284 2293 1844 2449 So solle er bis fritag in gfen
1269 2361 1748 2516 genschafft gelegt worden.
2573 329 2674 434 157
2168 418 2352 513 hignouw,
2020 461 2617 607 Uli Jost der Müller zu Äschlouw,
2002 536 2636 677 klagt den Ehebruch, ab Barbara Hanni
2037 574 2655 723 siner husfrouwen, mitt anzeig, wie sie
2016 643 2637 777 furzuerruckter zytt in Horbergers
2040 720 2642 830 thür mitt iren gspillen, und ettlichen
2028 765 2693 881 unnützen buben, ein schlaff trungk gethan,
2022 824 2656 922 und nitt nit domalen ehebrüchig an
2014 875 2650 997 ime worden, sonders ouch vill andere
2028 924 2642 1031 mal mer, und noch darzu wider
2021 992 2654 1092 aller huren sidt) sine kleyder freun
2018 1042 2694 1170 hurigen geben, neben dem das sy sonnst
2013 1110 2657 1218 gar liederlich in der hußhaltung
1985 1168 2668 1304 sye, das zubesorgen, wo er lenger by
2010 1235 2661 1341 ira hußhaltten müsste, er mitt ira
2014 1291 2641 1398 an bettelstab khommen wurde, dem
2003 1363 2650 1464 vorzesind, und die wyl sy ir trüw
2006 1423 2685 1530 vnd eher an ime mich haltten, so begä¬
2008 1489 2672 1588 re er von ira aller ehelichen bander
1998 1551 2638 1664 vnd pflicht von ime lidig erkendt
1994 1626 2666 1737 ze werdenn, entgegen, sy des geklagte,
1968 1692 2659 1799 Ehebruchs, weder bekandtlich, noch
2003 1761 2681 1874 abgsin, habend wir demnach erkendt
1969 1827 2658 1939 Diewyl gesagter Jost, den ehebruch
1993 1895 2661 1999 mer dan gnug, vnd das sy gesagte
1990 1964 2677 2067 Hanns mitt villen vnderschidenlichen
1998 2035 2692 2137 personnen, huri verbracht) mitt khundt
1998 2105 2674 2214 schafft uff syn erwisen, das deshalb er
1990 2179 2656 2275 von ira aller ehrlichen banden, vnnd
1997 2237 2670 2341 pflicht uffgelösst, und gescheiden inen ouch
2003 2299 2658 2399 sich widerumb zeuerehelichen verpotten hin
2007 2352 2648 2454 solle. Ime 1. ira aber 1 jar lang er soll
2007 2412 2656 2505 wan er vorhabens wäre sich widerumb
1983 2465 2689 2564 zeuerehelichen die person stellen, so er zucht.
1981 2524 2637 2613 lichen willens, sy aber ein schyn irer
1992 2585 2693 2678 besserung von der kilcher, da sy hie zwüschen worden
2024 2638 2637 2735 wirt wittbringen, und sol sy ime den cost
2017 2698 2184 2751 bschragen
