4032 3024
1292 339 1392 439 302.
1502 396 1707 540 Arburg.
1367 466 1997 634 Barbara Meyer von Arburg, ist von
1377 550 1992 686 Reichartt, wie nacht, mitt den sy zu
1361 600 1998 749 Nüwen egg kilchenrechte gethan, wyl
1372 646 2005 794 sy, von Laurentio im Mertz Meyer,
1379 700 2003 847 vnd underamptman, der herschafft
1360 751 1988 901 Mörsperg, ein glaubwürdigen schyn
1392 827 2003 966 uffbracht, das vermeltter Reicharten
1377 883 1999 1032 diser zytt, mitt einer anderen läbend
1376 946 1997 1081 frouwen behafft, die er vor vnd ehe¬
1378 1019 1991 1144 er sy gehelichet, schon gehapt, der
1375 1087 1986 1206 ehelichen banden uffgelegt, mitt
1382 1140 1990 1272 erlouptnus das sy sich wol andern
1363 1209 1975 1345 fart verehelichen möge und möge,
1369 1293 1967 1400 sy ires erlittnen erstens, vff
1381 1352 1939 1453 sinem gutt woll zukhomen,
1352 1490 1977 1608 an landtvogt zu Arburg, solle uff
1372 1565 1958 1653 gedachten Reichartt, wienacht
1366 1621 1976 1719 ein flysige uffachtung haben, wo
1377 1688 1975 1787 er sich in das land lassen wurden
1391 1755 1953 1847 soll er vff inne gryffen, vnd
1364 1832 1996 1940 mine gnädige herren, siner gethanen
1364 1897 1515 1980 berichten
1557 1944 1708 2060 Bin
1351 2021 1965 2132 Baschlome surer dem stattleüffer
1361 2112 1930 2188 von schun, der schuldigen person¬
1366 2148 1950 2245 welcher hievor den L. augusti.
1360 2192 1946 2297 Im 1592 jar von Appelloma
1364 2257 1957 2350 Müllerin siner ehefrauwen
1350 2312 1952 2417 von Ehebruchs wegen gescheiden
1389 2371 1946 2472 worden, Ist erloupt daher
1336 2423 1926 2538 sich anderfartt verehelich möge
2629 373 2740 461 305.
2126 434 2746 554 wyl sin wartt zill für über, und er
2125 510 2721 612 sich hiezwüschen woll vnd eherlich
2127 560 2759 649 gehaltt, doch mitt dheiner, mitt
2116 611 2768 702 dero er sich in hur, machte vergangen
2118 654 2751 774 haben, und das er sich der kilch
2111 718 2766 824 spalg, so er mitt sinem begangnen
2100 765 2750 876 Ehebruch verergerett, mitt huss
2102 835 2545 937 häblichen sey, entsezet.
2246 917 2407 1005 Berer.
2076 982 2772 1097 Dauid Simon und sein frouw, sind vermant
2112 1069 2715 1151 ich gemüssigen frembds volck, so kein
2100 1112 2774 1201 dienst hatt, ynzezüchen, besonders ehelicht
2098 1170 2755 1252 im übrigen sind die wortt zwüschen
2094 1221 2698 1305 Eiggisina, so Simons frouw ein
2101 1271 2733 1351 Kupleri, vnd sy die Simona, die
2085 1319 2758 1414 figgistitua, ein huren gscholtten uffge¬
2091 1375 2740 1478 hept, das sy dheiner an iren eheren
2081 1430 2419 1525 müttschaden solle,
2227 1528 2442 1618 Stettlen.
2071 1584 2722 1711 Alls dan Hans Göttiger und Cristina
2101 1653 2694 1759 in schwester verklagt, das man sy
2090 1707 2754 1799 by einanderen, in einem bett, under einer
2073 1756 2727 1853 deki funden habe, und nach sy sich ver¬
2080 1809 2744 1919 gsprochen, und hochbezüget, das sy nitt
2097 1869 2755 1978 hättlichs mitt ein anderen verbracht
2094 1928 2732 2028 habe, habend mine herren die Chor
2085 1979 2742 2081 richter Grothalben, wie glych auch eine
2068 2029 2736 2133 Herren die Rhatt, für welche die sach
2081 2086 2741 2181 einmal geschlagen worden, das bes
2090 2139 2759 2243 er glauben wellen, und für dismal
2095 2202 2735 2301 ungestrafft hingan lassen, wo aber
2089 2267 2731 2357 solthes mer von innen soltte klagt
2100 2319 2726 2431 werden, wurde man sy alls den
2087 2382 2593 2490 der gepür nach straffenn.
