4032 3024
1278 322 1363 425 360
1380 375 1991 530 nach irer eheversprechung worden.
1372 433 1994 575 kgeschynt, das sy kein magt zu der
1384 487 1990 611 khommen, vnd hiemitt dargestatt
1384 547 1981 659 vnd bethragen, vnd er solchen
1377 593 1993 725 fällen ina nitt verzychen wollen,
1384 656 1991 780 So solle deshalb er aller ehelichen
1362 714 1995 847 banden, vnd pflicht von ira ledig
1383 779 1980 890 abgescheiden, und ime erlauft sin
1380 836 1996 952 das sy sich angentz behelichen möge.
1366 900 1986 1015 Ina aber soll die ehe ein gantz
1378 962 1989 1064 jar lang verpotten hin, und wan
1395 1015 1983 1113 sy sich nach verlüffnen zill
1381 1083 1979 1174 verehrlichen weltte, soll sy das
1390 1135 1986 1228 zu vor ordenlich erlouptnu
1393 1194 1997 1289 erlangen, denne soll jede par
1378 1256 1965 1349 th Iren erlittnen costen
1385 1319 1843 1416 an ira selbs haben,
1371 1411 1995 1520 Der landtvogt zu vinis, soll sy
1389 1478 1985 1561 mitt etc. und den von Blonan
1371 1527 2002 1610 welchem sy das khind geben ist
1382 1576 1981 1665 es ein ledige person mitt 5.
1368 1629 1986 1732 wo es aber ein verscheld gotte
1426 1678 2007 1766 weere, mitt p. tagiger gfange
1388 1712 1434 1783 .
1388 1750 1653 1852 schafft straffen
1498 1843 1957 1965 Frienisperg Seedorff.
1353 1950 1987 2059 Der vogt zu Frienisperg und be¬
1377 2019 1989 2112 gricht zu gedorff sollind, sich
1384 2063 1984 2157 uff nechsten Chorgrichts tag sambt
1374 2121 1978 2212 und die jhenig, so by dem thuch
1380 2175 1984 2263 welchen Ruff Rodt, vnd einer
1389 2233 1986 2326 genampt Körnli von Lysmen
1383 2285 1976 2374 sein anderen im wirtshuss zu
1369 2330 1985 2432 Sedorff, Irer wyberen halben gesche
1380 2398 1981 2473 und einer dem anderen thusen
1389 2449 1985 2533 pfundt nachgeben söllen, beschiken
1387 2494 1995 2592 und sy befragen, wie die sach sich erlich
2666 395 2743 472 361.
2116 420 2735 537 und wie sy dan die sach beschaffen
2121 512 2756 587 find, mine herren berichten und
2126 553 2766 654 die zwen thüscher alhar schiken.
2125 637 2710 751 frytag den 1. septembr. 1594.
2094 721 2746 822 Graeses herr Walthart minist. ambo.
2106 796 2764 886 cinium Rüsch Dachselhoffer Wiech.
2116 848 2289 933 selman,
2241 930 2481 1024 Signouw.
2107 999 2757 1110 Anna Nüwen schwander klagt ab
2114 1077 2741 1168 vetter loupper von Ösch, irem ehe
2108 1130 2756 1204 man, wie das er sich im landt
2115 1191 2753 1282 Endtlibuch, mitt diebställen ver¬
2108 1248 2748 1356 gangen, darumb er gfengklich ynzogen
2119 1312 2713 1406 volgendts ouch mitt dem eyd un
2113 1375 2724 1464 dem landt verwisen worden, vnnd
2104 1444 2742 1530 deshalb die schidigung von ime begä¬
2105 1500 2730 1596 sende, dargegen aber er loupper
2113 1563 2690 1658 des geklagten fällers nitt absin
2122 1630 2728 1725 khönnen, doch anzeigt, wie sie fallen
2113 1695 2725 1795 gering, vnd denen so das mult
2106 1758 2747 1864 gehört, jedem wider zu gauch gstelt
2112 1842 2709 1922 worden, vnd hatt sye hiemitt vmb
2101 1891 2725 1982 verzychung synes fällers gepätten, sy
2100 1958 2665 2036 aber hatt Ime nitt verzychen wollen,
2092 2011 2728 2088 Cognitum, die wyler sich mitt diebstallen
2102 2071 2719 2147 vergriffen, und malefirisch gehandlet,
2090 2112 2720 2197 So solle sy aller ehelichen bauch von imme
2084 2168 2718 2252 ledig erkent, und ira erloupt sin, das
2087 2209 2700 2291 sy sich anderhart verehelich möge, imme
2098 2259 2695 2341 aber soll die ehe von seines füllers
2085 2312 2718 2400 wegen verpotten sin, ein jar lang und
2103 2351 2716 2443 wan er sich nach verlüffnen zill, will
2082 2402 2718 2498 eehelich, soll er erlouptnus nemmen,
2091 2459 2714 2545 und ein schyn siner beßerung mitt
2101 2509 2717 2592 bringen, der bosten ist theilt, wie
2096 2562 2719 2639 soll sy ime seine kleyder, so sy hinder
2104 2612 2697 2694 der hatte Ime vffhin gebenn
