4032 3024
1309 357 2000 534 id ime darvor geben, gehapt, das er
1416 455 2013 579 wyn, oder in von bezaltte und
1423 492 1999 627 begärt hiemitt irer ansprach
1417 540 2015 661 ledig erkent gewerden. Cognitum
1433 610 2022 725 die wyl der versprecher, der legen
1441 647 2023 778 dheiner ehezusagung bekandtlichst
1443 707 2008 825 wollen, vnd sy inne dero mitt
1420 749 2026 884 dheiner kundtschafft underrichten
1435 815 2017 922 mögen, so solle deshalb dise g
1421 855 2014 965 ehe ansprach uffgehept, und jede
1428 910 2016 1022 erloupt sin, das es sich anderen
1421 970 2020 1075 verehelichen möge, Denne solle
1433 1024 2009 1123 er ira allen zimlichen billichen
1418 1064 2010 1185 rosten mitt diser schidigung uffgen
1428 1116 2014 1229 abthragen, dannothin, wan sy von de
1431 1188 2018 1283 geschwengeret worden, und sy t
1426 1229 2005 1315 das khind nach der gepurt, wie
1418 1282 1998 1364 brüchlich übergibt, soll es iro
1418 1328 2008 1422 dasselbige abnemmen, und für das
1437 1386 2012 1473 zen erzüchen, vnd dentzmal dry
1432 1435 2014 1540 kronen, für die khindtbetten abrich
1415 1491 1987 1571 Dano thin ira für den den
1424 1533 1997 1623 Frantz E. E. bezallen, vnd das
1427 1596 2000 1672 in monatsferist, er möge dan
1407 1641 2012 1728 innerthalb derselben zytt erzeigenn
1417 1700 2011 1792 das sy einanderer vor imme verfelt
1415 1743 2017 1856 habe, deßen er alls dan so vill
1417 1801 1904 1894 recht ist genießen sölle.
1418 1870 1998 1980 sy sind angentz beide yngelegt
1399 1942 2019 2040 worden, fünff tag in gfangenschafft
1405 1993 1661 2084 abzebüsen.
1364 2124 2014 2232 thun. Solle uff Petter heimis
1417 2200 2002 2275 des schrybers zu vbersche dochtes
1403 2242 1983 2323 welche sich mitt pauli Joder
1423 2284 2007 2378 Irem schwager in bluttschannd
1417 2342 1990 2433 vergangen, ein flyßigs uffsehen
1419 2392 2006 2464 haben, und wo sy gebettrett
1425 2437 2011 2534 pfengklich ynzeichen, und ir gnaden
1423 2488 1585 2576 berichten
2668 376 2767 475 337
2100 417 2675 561 Frytag den 16. augusti 1594
2098 483 2788 608 Croeses herr Galdi Cons. herwalthartt
2110 556 2789 660 miecht herr Haller linin Rüsch zechen
2109 624 2390 715 wiechselman.
2259 704 2436 803 Biglen.
2137 762 2789 874 Hans Kilchhoffer von Langischwyl de junger
2137 846 2755 920 welcher vor anderthalb iaren vonn
2144 897 2796 979 Cathrina Walthart, seiner husfrouwen
2141 948 2779 1034 von wegen sines begangnen fällers
2130 997 2740 1085 der Egehalb abgescheiden wordenn
2131 1055 2769 1139 Ist erloupt, das er sich anderfartt
2134 1110 2786 1193 verehelichen möge, doch mitt keiner
2129 1170 2765 1264 mitt dero er sich in hur möchte be¬
2137 1227 2731 1322 gangen haben, demne das er sich
2119 1287 2769 1385 ouch des kilchspäls, darin sich abge
2136 1345 2770 1451 scheidne geschehen mitt hushäblichem
2146 1407 2399 1500 satz entsetzet.
2119 1551 2743 1674 zedel an predicanten zu Bremgarten
2127 1632 2725 1725 solle Hans Hügli von wollen, sin
2137 1691 2328 1754 mitt mo
2578 1694 2732 1771 bezogne
2119 1733 2755 1843 Ehe, mitt der ynsegnung bestättigen
2311 1842 2511 1942 Bimplitz.
2124 1908 2745 2017 Margrett zimmerman, hatt
2158 1975 2744 2083 von wegen einen erzügetten
2168 2040 2739 2136 unehrlichen khindts fünff tag
2139 2087 2666 2208 in gfangenschafft abbügt,
