4032 3024
1291 339 1399 421 310.
1379 373 1932 544 Mantag den 25. July 1651.
1404 458 2004 612 Proeses herr Walthartt, Cons. S. Gall
1405 524 2023 664 minist, ambo. Civium Rüsch, doch selb
1385 559 1975 728 fer zechender, wiechselmann
1541 658 1777 783 Thueren
1416 710 1992 882 Cristinae sur les der ander einen
1432 797 1987 931 zustand dienerich stär ires
1426 855 2016 980 vatters Cleger spricht der er an
1417 903 2015 1053 Hans darvo, mitt zustand hann
1410 961 2008 1114 dappo sines vatters, mitt anzeig
1430 1039 2002 1148 wie er by ira bywonung unnd
1409 1077 2010 1210 by schlaff begärt zu haben, desem
1428 1153 2006 1266 sy ime nitt willfharen wellen,
1408 1216 1999 1330 oder es möchte dan zu eheren hin
1411 1271 1980 1376 Sonst hätte sy ime nitt folgenn
1420 1338 2019 1453 wellen, vnd begartt derhalben er
1362 1387 1983 1504 sole sy zu kilchen thuren, dargägen
1408 1458 2000 1551 er ira weder des byschlaffs, noch
1408 1513 1992 1611 ehelicher zusagung, bekhandtlich
1409 1569 1984 1662 sin wellen, vnd vermeint nitt
1402 1634 1998 1735 das er ira sölle zu bekhent werden.
1400 1697 1980 1791 Cognitum, diewyl der versprecher
1401 1760 1959 1849 der Clegeri dheiner Ehezusagung
1393 1815 1995 1925 bekhandtlich sin wellen, und sy ime
1393 1885 1965 1992 dero mitt dheiner khundtschafft
1400 1953 2003 2068 underrichten mögen, so solle sy deshalb
1397 2020 2003 2130 Aller ehe ansprach von einanderen
1385 2090 1985 2187 lidig sin, vnd jedem erloupt, sich
1381 2160 1984 2265 anderhart zeuerehelichen, donne soll
1381 2223 1968 2326 jede parthin iren erlittnen ersten
1368 2294 1742 2396 an ime selbs haben.
2639 373 2723 464 37.
2215 442 2366 526 thun.
2118 476 2714 594 Alls den Madlena Boumgartter
2126 537 2727 625 gegen Hans Schmid irem eheman i
2104 590 2718 690 klagt, wie in der tractierung des
2105 633 2753 740 Ehetags er ira fürgeben, wie er mitt
2122 683 2750 777 keinem khind behafft, noch einichen in
2129 727 2730 829 werttig sye, Nun aber sye ime
2112 777 2704 891 eines von affra verwolandt
2106 826 2728 958 zuzeignet worden, zu dem er vor
2116 886 2728 998 jaren ein leidig thodschlag begangen
2108 921 2751 1043 das er das recht nitt vertretten dorff.
2108 988 2719 1104 welches er ira auch verhaltenn,
2102 1052 2734 1142 neben dem das er gantz liederlich
2105 1110 2718 1208 und verthüyg sye und ira grossen
2107 1153 2701 1248 mangel in der husshaltung lasse,
2104 1214 2706 1304 und deshalb die schidigung begärtt
2093 1238 2739 1353 dargegen er vermeint, das vnehelich
2102 1315 2745 1396 khind, so imme zugeignet worden, habe
2104 1362 2737 1441 er uss erkhandtnus eines ersamen
2116 1407 2752 1487 thorgrichts alhie ira abnemen mussen
2104 1460 2750 1544 vnd sye vor und ehe er sye geschliche
2100 1515 2749 1589 erboren worden, vnd vermeint
2107 1558 2731 1641 nitt, das es Ime gegen ira zum
2098 1609 2727 1707 Ehebruch solle gerechnet werden, so
2107 1664 2729 1755 vill den tod schlag anbelange, habe
2119 1709 2734 1814 r sich mitt des umbkhomenden fründt,
2107 1775 2719 1858 schafft geschlicht und verthragenn
2089 1830 2692 1910 habend hieruff mine Herren die
2104 1873 2739 1971 Gerichter dise der frouwen klegt nitt
2104 1924 2689 2020 gnug wichtig finden khömen, das
2094 1982 2742 2068 man die schidigung, hatte mit ergan¬
2104 2031 2743 2124 lassen, und deßhalb sy widerumb alls
2103 2090 2711 2177 ehelütt zusammen bekent, hatt er
2109 2133 2754 2232 angentz gelopt, mitt ira huch gehalten
2122 2193 2779 2274 sy aber hatt sich nitt ergänwellen,
2098 2242 2774 2321 dermagen, das man verursachet worden, s
2120 2294 2709 2378 y zugefengknus zelegen, darin
2093 2348 2725 2438 sy ungevarlich ein halb tag sein
2081 2398 2724 2489 und hatt, darnach ouch gelopt
