4032 3024
1266 337 1380 429 330.
1398 379 2020 580 lch seiner ein meinet werdend einen
1411 471 2009 621 es sy nütt gedacht, da er ira den guten
1406 546 1987 677 geben, das wen sy den brauneme
1401 593 1983 732 das sy den hier auch halteringen
1403 648 2001 789 sonders er habe inne den selben alle
1382 693 2004 847 für iren kan, das sy ime die factiertli
1402 761 2013 916 gweschen geben, vnd begertt hiemitt
1399 833 1992 967 von ime ledig erkent ze werdenn
1394 875 2002 1006 Cognitum, die wyl die versprecher dem
1402 951 2008 1093 Cleger dheimersche verheißung bekendtlich
1390 1007 1985 1131 sin wellen, und sy in dheinen wegen
1400 1078 2006 1189 dero underrichten mögen, so solle deshalb
1402 1123 2014 1260 Dißer des Clegeren ehe ansprach uffgehept,
1404 1186 1998 1311 und jedem erloupt sin, das es sich
1393 1248 1985 1347 anderfart versehelich möge, denne
1411 1299 1985 1415 soll jede parthin iren costen an Ja
1399 1368 1625 1455 selbs haben.
1390 1456 2002 1564 Mittwuchen den 7. augusti 194.
1397 1530 2001 1613 Praeses herr Walthart, ministe herr
1391 1575 1977 1658 dit. Civium Rüsch, Dachselhofer
1375 1626 1915 1717 Zeihender, Wiechselman
1546 1700 1722 1806 Bern.
1345 1785 1990 1876 Alls dan Abraham louw der schnyder, vnnd
1369 1840 1990 1915 sin husfrouw nun vilzytts dahar mitt
1358 1893 1965 1965 einanderen übel gelägt, von wegen das
1363 1931 1980 1999 löüw ira ettwan ir vättli, in die wirts
1368 1967 1991 2045 hüser vertreyt versetzt und vertringkt,
1377 2015 1955 2088 und entgehen, das sy ime ettwan ich
1378 2053 1990 2129 bart pfallen, und die Krugken us den
1372 2099 1980 2175 henden treytt, vnd villicht über den
1372 2140 1995 2227 rugkhen zu hingen, das er verursachet
1362 2192 1985 2286 worden nach dem rappier gegryffen.
1369 2239 1981 2326 sich darmit zereinn, daruff sy den
1371 2283 1972 2366 von imme geliffen, sind sy hauff und
1377 2324 1983 2404 derumb alls ehelütt zusamen thädiget
1366 2376 1975 2442 vnd inen uffgeleytt worden ime, das er
1360 2405 1974 2508 fürhin der frauwen iren gweibenn
1384 2458 1965 2556 bsschragen und sich müsige wer gegen
1379 2503 1983 2594 dia gezuken, ira, das sy nitt allemeister
1359 2550 1984 2654 sschafft an sich mache, und ir mulmeister
2654 351 2735 438 331.
2115 411 2760 518 vnd zur gehorsam sye, vnd wan er ettwan
2119 480 2771 564 ein trungk überkhomme in abtretten und
2113 525 2761 614 schwige, denne soll sy auch iren eheliche
2109 570 2738 658 son in das huc lögken, sonders ettwan
2100 619 2769 720 zu einem handtwerk verdingen, damit
2109 661 2761 743 er louw, nitt mitt Ime muße belachtung
2099 700 2741 805 sy hand gelopt, wan sy inen dise warnung
2109 745 2752 838 nitt wurden zur lerfin laßen, sondern
2103 794 2767 873 verners mitt einanderen zurnen wurden
2101 845 2757 914 vnd von einanderen louffen, wurde man
2101 898 2461 981 es an Inen straffens.
2263 984 2464 1100 Bürren
2086 1094 2726 1206 Hanns Urich kündig, der predicant
2101 1159 2771 1253 zu Bürren, soll, innerthalb 14 tag
2100 1216 2727 1298 sin tantzbuss erleggen, oder zuhalhie
2737 1233 2781 1287 h
2107 1271 2739 1361 vor minen herren den eherichteren
2112 1321 2359 1398 versprechen
2239 1439 2439 1547 senen
2083 1518 2706 1618 Ittem ouch glychsfalls an Steffen
2098 1588 2736 1685 schund den predicanten zu Sannen, solle
2097 1643 2729 1750 ouch zuverthalb 14 tagen sin tantz
2086 1705 2708 1816 buch schicken, oder sich alhie vor
2089 1775 2582 1888 Chorgricht versprechen,
2154 1886 2607 1999 den Mentag 12. Augusti
2080 1942 2701 2048 Frases Herr Baldi in hr. Rüsch
2101 2015 2732 2105 dachschlofer zechend, wiechselmann
2101 2067 2746 2148 Anh g. wolthart riechts halben
2275 2124 2421 2227 Ghein
2101 2181 2761 2280 Syon des thodtten grebers und meister
2101 2249 2701 2322 Jacob Kurtzen des thischmachers
2119 2293 2700 2364 husfrouwen nachburiken, sind ver
2112 2337 2749 2412 mant, sy sollind von irem hederischen
2113 2373 2728 2454 vnd Zeugkischen läben abstein vnd
2089 2416 2729 2481 nachburlicher sich mitt einandernn
2106 2463 2720 2536 veschlagen vnd das gottswort, vnd das
2113 2504 2651 2581 herren nachtmal flyßiger, dan
2645 2512 2696 2585 sy
2114 2549 2756 2638 aber bisshar gethan besuchen, sonst
