4032 3024
1287 344 1376 436 318.
1384 417 1980 556 Dannothin die wyl nun inne die
1390 496 1971 595 viertte wybe person der ehe ange
1389 536 1981 660 gsprochen, vnd er sich siner lichtfer¬
1390 582 1963 718 tigkeitt, über gethane Emanung
1386 650 1987 752 nitt abthan, solle er funff pfendt
1374 701 1976 799 In die Büchsen geben, oder aber die ge¬
1374 741 1995 853 fengknus an die hand nemen, hatt
1376 817 1988 918 er hierüber die Welli der fünff pfung
1384 874 1920 976 erweltt, vnd auch angentz er
1910 904 1987 985 legt,
1523 966 1810 1059 Mertzlingen.
1358 1012 1969 1122 Hans Nussbrumb von Merling.
1370 1082 1963 1170 In der kilcher Muri, hatt umb
1381 1134 1966 1236 sinen fäller, mitt gewonlicher
1363 1184 1892 1310 gefangenschafft abgebüßt.
1381 1294 1971 1443 Mittwuchen den 24. julii
1383 1388 1564 1481 354.
1559 1383 1597 1450 2
1362 1442 1830 1529 Praeses herr Walthartt
1363 1488 1972 1593 Cons. 8. Galdi Linium Rüsch
1369 1545 1972 1642 Dachselhoffer, Zeichende, Wiechsel
1381 1596 1558 1665 man.
1351 1682 1973 1782 Zedel an predicanten zu Bimplitz
1369 1743 1974 1839 sölle. Andres hex und erbett.
1388 1783 1962 1884 schock, welche ein anderen die
1368 1843 1949 1941 ihe zugesagt habend, nach gwon
1356 1907 1890 2010 lichem brich ynsegnen.
1504 1975 1729 2086 Lotzwyl.
1349 2046 1947 2161 Jacob voll der artzet, ist von
1357 2115 1959 2219 Kagatha Huber von Madiswyl
1352 2155 1953 2262 hiner hingeloffnen Ehefrouwen
1373 2222 1946 2317 weyl er sin Recht mitt citiren
1349 2295 1928 2377 gegen ira verfürt, der ehe
1356 2338 1954 2439 halb gescheiden, und zuverlauff
1342 2401 1941 2502 das er sich anderfart verehelich
1341 2469 1941 2575 möge, er mag sich sines erlittern
1350 2526 1950 2633 costens uff Irem gutt erhollen
2625 342 2736 439 319.
2110 411 2745 568 wangen, solle uff gedachte Agatha
2124 496 2662 630 flyssig achten, und wan sy sich
2116 511 2769 687 in ein verwaltung zu lassen wurde
2717 609 2770 691 s
2131 606 2723 747 sölle er sy mitt dem eyd us ir
2122 665 2731 813 gnad statt, vnd land verwysen
2211 745 2482 874 palle pienten.
2076 852 2683 990 Bost Rychard spricht der ehe ann
2098 926 2722 1040 diene Perrod. von Ballergdilp mitt
2105 984 2735 1099 anzeig, wie er ira die ehe uffrecht, und
2095 1057 2728 1168 redlich verheysen 1. silber Cronen
2103 1107 2727 1230 vnd ein diken pfennig uff die Ehe zum
2103 1184 2691 1289 worttzeichen geben habe, sye ime
2100 1260 2704 1342 ouch daruff ettliche mal zu willen
2102 1312 2691 1401 worden, das sy vermeine von ime
2087 1369 2696 1460 schwanger gange, begärt derhalben
2092 1428 2697 1526 er solle den kilchgang mitt ira voln
2075 1491 2717 1592 bringen, damitt sy vnd die frucht zu
2084 1549 2687 1655 eheren khommen mögind, entgegen
2079 1620 2705 1725 der versprecher in dheiner ehe
2088 1679 2721 1782 zusagung bekhandtlich sin willen.
2091 1734 2694 1843 des by schlaffs aber nitt lougnende
2093 1786 2696 1898 vnd verhoffet hiemitt er soltte
2082 1840 2717 1944 ira nitt zu bekendt worden, Cognitum
2081 1894 2715 2021 diewyl der versprecher der Cleger
2074 1968 2735 2112 dheiner ehezusagung bekhendtlich fer
2076 2031 2672 2135 wellen, vnd sy inne dero mitt
2075 2064 2688 2201 dheiner khundtschafft underricht
2082 2131 2735 2276 khönnen, so solle deshalb der Clegerin
2062 2196 2741 2343 ansprach nichtig und uffgehalt fur
2080 2263 2736 2436 und solle er ira allen zimlichen
2067 2303 2726 2485 billichen ersten, mitt diser schidigung
2054 2367 2701 2519 uffgangen abthrag, denne soll
2089 2431 2686 2573 r ira das khind, wan sy ime
2067 2468 2744 2649 daselb wie brüchlich nach der gepuret
2084 2520 2720 2685 zeuge zu eignet, abnemmen, und
2062 2580 2701 2764 sir dieser gestehen der nicht
