4032 3024
1639 348 1922 477 Ubligen
1530 463 2147 591 Als ha Baltasser huß der
1550 564 2156 661 predicant, sich ob Hans Ritte
1554 632 2171 733 der Lenge nach erclagt, wie er
1559 687 2142 788 mit ime in der kilchen als er
1546 766 2155 860 Kinderler gehaltten überforden
1571 823 2174 908 von wägen er sin Pitters zey
1579 874 2164 973 Weitel in den wyber stul
1574 947 2164 1036 gesetzt, dargängen er Pitter
1573 1002 2144 1100 anzeigt, wie sine Kindli sie
1564 1069 2137 1154 gewonet, vnd er he has sy
1567 1124 2176 1223 mit ruche überen in wyberstul
1558 1178 2161 1280 gesetzet, darnach mit Zorn an
1555 1242 2156 1337 jnne khonden, hab er aber
1576 1285 2171 1396 vnracht pitten umb verzuch¬
1591 1357 2167 1449 ung, ha thes anzeige wie¬
1590 1402 2143 1498 er jnne auch gescholtte etc.
1583 1465 2151 1552 cognitum, das alle wort so
1575 1522 2155 1616 zwüschen inne ergangen
1586 1564 2175 1672 dheine an sich ehers schaden
1595 1633 2176 1708 vnd dißer handel allerdingen
1597 1687 2174 1771 verricht syn solle. Diewyl der
1596 1736 2177 1827 bitter aber den hin in siner
1585 1800 2190 1899 genn in der kilchen beleidigt
1606 1852 2187 1950 solle er biß uff fryttag zu
1598 1902 2164 1999 gleit werde, vnd zu hess
1607 1960 2186 2069 ein guldig an sin gehaptem
1613 2009 2088 2114 gosten zustür gäben.
1746 2099 1973 2205 wyndisch
1617 2162 2173 2327 Margret diesbergerin, ist
1619 2253 2170 2369 ein Citation wider Mattus
1630 2300 2157 2440 räßen, irem hingeloffer
1632 2368 2148 2492 nhemen, zu vier zeihen
1627 2415 2182 2548 tagen, vergünstiget, und
1609 2462 1797 2570 Erkendt
2402 338 2653 495 Künitz
2255 442 2896 595 Heni Schönthal, so schwanger
2290 496 2910 658 gat, ist gemandt, das sy das kind des
2296 564 2920 713 fächten vatter habe, sy zinge
2296 633 2930 759 an es niemandts anders gehör
2294 693 2935 806 den Hans Willaneges dan er
2294 744 2932 864 Im mertzen by ire gsin, er
2302 813 2893 920 aber gemeindt nein, dan vmb
2291 852 2941 982 pfingsten sye er mit ira umb
2297 902 2954 1039 gange, aber deßhalb nüt, das sollich
2286 978 2960 1108 kind syn, sin möge beschächen.
2286 1030 2922 1162 so beharren wir vor. Es habe
2292 1080 2929 1201 wol der knächt Hans fast nacht
2297 1152 2920 1263 mit ira zuthun ghan, aber es
2284 1203 2904 1329 züche im das nit. Cognitum
2270 1257 2925 1372 das es in gestelt si vntzu sy
2285 1318 2935 1446 geniße, den sol sy es im bin eid
2292 1392 2756 1491 wie brüchlich gëben.
2439 1446 2642 1572 Künitz.
2248 1508 2932 1647 Dem heyweybel geschrybe, das er
2267 1572 2942 1711 gemutte Hans fussnacht us sey
2254 1623 2954 1765 burg piet, alhier haltte, abzebüst
2462 1724 2865 1855 Bünitz ober wenigen
2267 1814 2911 1952 Barbli wynteri zeigt an s
2309 1867 2947 2008 kind, das sy zu oberwangen gnäßten.
2324 1941 2939 2063 soe ehelich, dan es wolffgangen
2305 1979 2944 2105 Redts von Glaris sye, so by ir
2298 2048 2977 2190 Jost Gögeli zu Fryburg dienet
2303 2096 2997 2238 die ira die ehe vffrächt verheiße,
2324 2171 2967 2285 des tragindt zur wüsse Hans
2302 2226 2945 2334 Löuwenstein und syn frouw
2309 2283 2936 2395 by dens es domallen an der
2322 2329 2969 2449 senstendienet, er aber end sy
2334 2388 2967 2480 mit den und fryburg in Krieg
2921 2453 2956 2485 .
2320 2449 2926 2556 sye die Vrsach, das so nit den
2322 2484 2980 2599 kilchgang than. Sy ist daruff
2333 2567 2604 2656 esgelaßen.
2892 306 2974 403 37
