4032 3024
1276 327 1404 437 214.
1328 386 1975 599 Breitig in der Testalte
1411 509 1972 658 1594 Praeses herr Walthartt,
1392 577 1964 717 minist. aucho finium Rüsch
1394 627 1972 766 Dachselhoffer, zechender, wieh¬
1381 690 1598 795 selman.
1515 832 1834 930 veren Barin
1334 905 1948 1036 Demnach Hans Cristen unnd
1372 988 1962 1111 Anna Rundi, zwen dienst von
1594 1046 1712 1103 habend
1365 1047 1942 1154 verren Balm, sich vor minem
1369 1097 1927 1211 Herren den eherichteren, zu
1385 1172 1930 1284 recht gesteltt, da dan sy die
1371 1242 1948 1341 dochter zeuerstan geben, wie
1381 1303 1898 1410 sy von mitzeri, der Carochi
1370 1361 1954 1483 Curtion, fryburg pietts pürtig
1375 1426 1945 1542 sye, und er vermeltter Hanns
1351 1492 1952 1620 Cristen sye ouch in Fryburg pitt
1354 1569 1914 1680 daheimmen, dargegen er nitt
1353 1638 1918 1740 gestendig sin wollen, das er in
1349 1709 1933 1802 fryburg piett daheimen, haltte
1357 1753 1936 1882 sich ouch nitt für kein frybur
1334 1829 1929 1941 ger, sonders für ein Berner
1339 1916 1921 2020 mitt einer protestation, das
1333 1989 1911 2093 er min h. herren von Beren
1314 2036 1912 2172 für sin oberkeyt erkennen, sye
1317 2123 1913 2247 ouch gesinnet, in irem dienst
1296 2208 1923 2325 geläben und ze stärben, so vill
1314 2265 1907 2396 aber sin heimet belange, habe er
1306 2356 1890 2474 von siner mutter gehört, das
2570 328 2687 413 215.
2090 402 2713 539 er under dem vogt zu Milden erbenn
2075 465 2691 612 wo er aber getoufft worden, und
2083 536 2714 661 wär sin vatter sye, möge er nitt
2101 588 2706 746 richen, habe sich aber jeder zytt
2075 660 2706 796 dem Bern piett zu zogen, und darin
2080 712 2678 871 gedienet, Nach dem mann inne
2066 791 2693 919 verstanden, das er sich für einen
2055 855 2704 983 Berner erkhenne, hatt man in
2071 935 2697 1061 über in span recht gehalttenn
2043 1053 2679 1182 und hatt demnach, sy Anna Runde
2045 1124 2670 1246 gegen Ime klagt, wie er ira die
2040 1181 2688 1289 ihe verheyssen, und sy beschlaffen
2047 1250 2701 1355 an Inne hieruff begärende, das er
2044 1314 2661 1424 ira sin zusagen haltte, und den
2039 1372 2665 1485 Kilchgang, mitt ira volnbringe
2010 1440 2665 1547 Entgegen er ira dheiner Ehezu¬
2055 1503 2683 1611 sagung bekhandtlich sin wellenn,
2037 1562 2646 1656 dan uff vorbehaltt wan sy sich
2049 1615 2650 1710 sherlich, vnd wol haltte, Nun
2052 1654 2683 1775 aber haben sych hernach befundern
2044 1749 2688 1845 das sy von diebställen wegenn
2041 1807 2674 1900 zu Couppen in gfangenschafft ge¬
2035 1859 2706 1950 legt, des byschlaffe aber nitt long.
2055 1917 2679 2022 nende, den habe er mitt ira allen
2046 1971 2675 2068 einer anderen, verbracht, vnd
2051 2023 2715 2125 ouch darumb bezalt, vnd vermeine
2057 2081 2697 2179 nitt, das er ira zu bekhent werden
2040 2130 2681 2234 soltte, Cognitu, diewyl der
2052 2192 2674 2286 verantwortter, der Cleger
2041 2242 2637 2343 dheiner Ehezusagung, dan vff
2038 2297 2705 2397 vorbehalt bekhandtlich sin wellen, vnd
2037 2346 2721 2458 sy inne anderst nitt, mitt khundtschafft
2038 2399 2667 2512 wie brüchlich vnderrichten mögen
