4032 3024
1442 345 1500 447 .
1731 385 1888 506 vinis
1548 485 2139 619 Hanne Gradellat von Jenff
1572 566 2157 670 spricht der ehe an widere vn
1587 630 2154 734 Champel von vinis, das er frede
1585 688 2150 802 uffrächt und redlich verheißen,
1584 752 2154 867 ira daruff zwen ung, und es
1595 809 2147 922 einer schallen zu trincken geben
1575 864 2157 976 begärt er solle gewysen werden
1582 924 2155 1034 siner zusagung ira zuhalten.
1570 981 2142 1090 dargägen er ira dhinner ehe¬
1580 1049 2153 1147 erheißung bekantlich ist, noch
1586 1112 2141 1194 vil minder ira die eingest
1567 1162 2148 1250 die ehe hin gäben haben, und
1579 1213 2150 1292 nit daruff mit ira truncken,
1579 1273 2134 1364 gemeint er solle von ira vendig
1591 1325 2154 1428 erkendt werden, cognitum
1567 1389 2149 1490 diewyl er ira dheiner ehr zu seh
1556 1455 2137 1545 bekantlich und sy inne das
1586 1506 2133 1602 mit kundtschafft, nach der
1581 1562 2149 1653 satzung nit underrichts khan
1586 1621 2151 1722 er aber wol erzeigt, das sy gret
1583 1681 2132 1767 er habe ira die ung nit uff
1567 1734 2138 1836 die ehe haben, das sy das
1563 1786 2151 1896 halb aller ehelichen ansprech
1586 1858 2159 1956 von ein andere ledig erkendt
1586 1901 2172 1998 vnd inns beiden sich ander fort
1565 1955 2175 2053 zuverehelichen erloupt, die ver
1576 2018 2165 2121 aber er sya lang umb herzogen
1557 2054 2155 2165 Im von sya herlichen, der durch
1579 2105 2170 2238 sy eherliche parthyen ufgeschlegen
1578 2171 2155 2296 und zu grosse costes die hande
1553 2226 2163 2345 halb khommen, sol er ira darun
1581 2280 1723 2356 sybunde
1678 2297 2073 2395 sig Krom walt schul
1568 2341 1731 2426 wörung.
1747 2370 2107 2461 l. und fl ze stüe
1572 2381 1793 2489 gäben.
2859 418 2928 499 53.
2358 440 2851 553 Mondag. 19. Nouemb.
2363 507 2885 618 Consules her Galli, dorin
2394 582 2922 685 Ministi gar Schneüwli, h
2404 644 2918 738 Haller, eines Rüsch Rantz,
2494 709 2764 798 Hofsteins.
2434 828 2620 922 Bern.
2236 880 2930 1020 Die alte hußfrouw zu Metzgers,
2285 958 2926 1075 sampt wasers des vermeister s
2280 1017 2898 1134 frouw, sind gefragt, was Felix
2282 1062 2921 1192 Rütschin der Metzgen umb bad für
2294 1132 2885 1242 eind unzucht begange, zugen
2865 1204 2899 1248 .
2277 1189 2869 1303 beide alten sy uß der badstuben
2277 1249 2883 1366 khommen, haben sy inne Rütschi
2280 1294 2898 1416 In der stuben funden sy trunckes
2283 1361 2910 1464 gsin, vnd gesagt, wie er erst vo
2286 1429 2839 1516 der hefft heim khommen, und
2287 1477 2906 1588 sin hußfrouw geschlage habe.
2283 1539 2911 1654 Nachdem er sy gezügen zwingen
2286 1588 2913 1700 wellen Ime die hoffen abze¬
2269 1658 2838 1769 züchen, das sy ime abgeschlagen
2289 1715 2920 1822 vff das er gunt sin nider gwand
2302 1775 2901 1868 umb das antlit tryben, gesagt
2278 1832 2904 1947 sy söllind schmecken, wo die
2304 1876 2920 1987 man iren züg ghalttendt, da
2282 1931 2944 2051 sy inne gestrafft vnd das nider
2288 1987 2945 2108 gwandt zum fenster uss gworffe
2289 2050 2923 2161 hab er sy schlachs wöllen, und
2304 2109 2910 2219 heige sin scham in die hend
2304 2173 2934 2288 gnon, gegen inns glüffen, vnd
2307 2247 2926 2354 die zeigt, vndt derglichen
2297 2322 2776 2419 unzucht begangen e.
2382 2354 2862 2505 frouwen Cappelle
2256 2466 2893 2584 Dem amman ze schryben, das er
2291 2512 2959 2632 Bendicht hanen, so dem Chorgicht
2306 2564 2921 2679 daselbs gantz unghorsam ist,
2315 2635 2683 2749 alhar schicke
