4032 3024
1290 344 1396 455 324
1572 373 1766 492 Eiglen.
1392 450 1971 621 Liclaus Elenberg in der
1430 542 1980 678 günstiget, das er sich seiner
1392 620 1991 770 gelegenheyte nach verehelich
1381 678 1547 773 möge
1515 763 1714 884 Eiglen.
1386 826 1997 1005 Hans Gotel spricht der ehe an Cristi
1396 920 1988 1045 na Küpfer, mitt anzeige, wie sy zue
1386 979 1996 1106 ein lumieren gnon darin ettwas gelts
1393 1034 1974 1143 gsin, vnd behaltten habe, dazu er
1398 1101 1981 1212 ira gseitt, diewyl sy es genommen,
1405 1153 1987 1269 so müße sy inne ouch han, da habe sy
1404 1203 1983 1318 zu ime gseyt, ehe so müsse, dar
1392 1266 1995 1368 nach habe sy ime noch einandermal
1385 1336 1988 1442 geltt genommen, Item habe sy auch ge¬
1388 1378 1976 1485 redt, wan sy inne nitt gnon hatte
1393 1438 1988 1540 so wurde sie doch, Ir vatter anders
1386 1483 1995 1582 wo verstellen, das ira wirden wurden
1398 1538 1957 1628 vnd deshalb vermeine Er habe
1399 1585 1992 1680 gnugsame ursachen, sy der ehe an
1379 1643 1971 1724 zesprechen, und begärt hiemitt
1382 1691 1974 1781 das sy den kilchgang mitt ein
1362 1740 1962 1846 anderen volnbringen solle, entgegen
1388 1800 1974 1897 die vermeltte Cristina wol anred
1393 1858 1986 1952 gsin, das sy den angedütten kunfft
1399 1906 1969 1999 genommen, es sye aber darumb f
1400 1962 1954 2066 hechen, von deswegen das er
1390 2022 1954 2108 ira gsin, und er ira den vorhin
1374 2079 1977 2171 genommen gehept habe, das gelt
1378 2131 1944 2214 habe sy ime weider bekheren, er
1377 2190 1932 2269 habe aber ira dasselbig nitt
1385 2235 1951 2326 abnemmen welchen und habe ime
1387 2285 1964 2381 Im übrigen gar nütt verheissenn
1369 2335 1968 2424 wolle sinen ouch nitt cognitum
1378 2385 1951 2484 diewyl die versprechen, dem
1372 2428 1989 2548 Cleger dheiner Ehezusagung bei
2608 364 2709 437 325.
2083 411 2754 540 bhandtlich sin wellen, und er sy mitt keinen
2085 488 2757 594 khundtschafft dero underrichten mögenn
2092 537 2746 654 so solle deshalb sin ansprach uffgehegenen
2100 585 2746 702 und jedem erloupt sin, das er sich
2107 653 2724 745 woll ander fort verehelich möge,
2084 717 2738 820 Denne soll jederarchi iren erlitt.
2106 767 2712 874 nen costen an ime selbs habenn
2080 869 2672 983 montag den 29. julii 169
2081 916 2751 1030 Prases herr Walchart, sach herr Galli
2089 999 2717 1082 minist. ambo. Civiu Rüsch dachsel.
2092 1052 2722 1143 hofer Zeihender Wiechselmans,
2296 1113 2434 1191 Bern.
2079 1140 2691 1245 Anna Kessler, welche Salomon
2095 1211 2698 1284 pitten von Chanornen der Ehe¬
2092 1263 2716 1347 angesprochen, und denn byschlaff
2095 1325 2696 1414 ab imme klagt, und das er syn ge¬
2071 1384 2728 1481 schwengeret habe, die wyb sy inne
2097 1447 2743 1538 mitt dheiner khundtschafft ehelicher
2101 1505 2743 1600 zusagung unnderricht können, Irr
2087 1564 2724 1659 ansprach undergelegen, und erkent
2085 1625 2721 1730 worden, das jedes sich siner gelegen
2574 1714 2662 1761 Wen
2082 1705 2578 1784 Zeitt nach verehelichen möge,
2099 1750 2693 1842 soll er pitten Martin Glasen
2093 1808 2716 1905 vermeltter Kegleri Bystand, drey
2103 1876 2707 1960 kronen, für sinen costen erlegen
2102 1930 2710 2021 der krantz ist zugstelt, bis nich
2095 1987 2696 2074 des khindts gepuret, die will
2099 2039 2704 2129 zwifelhafft, wes das khind sye,
2110 2095 2695 2190 wan sy ime das khind bim eyd
2108 2153 2700 2232 gibt, soll er es ira abnemenn
2099 2212 2698 2282 vnd dentzmallen dry kronen fur
2087 2262 2503 2354 die Kindtbetten abricht
2735 1736 2771 1784 o
2735 2232 2778 2314 H
2742 1881 2775 1945 d
