4032 3024
2387 347 3149 522 Mittwuchen den 17. octobr. 1793.
2366 471 2647 622 Praesentibus.
2376 548 2851 714 Ministrorum Anto
2397 636 3144 780 Einium. Hr. Dachselhofer Rüsch
2395 745 2884 879 hoffsterer Kantz
2508 880 2910 1025 Schwartzenburg
2345 1009 3118 1131 Erschein Anna Knecht, mitt anzeig
2397 1063 3132 1168 wie sy ungevarlich von anderthalb
2388 1133 3115 1230 jaren von ires fällers wegen von
2413 1181 3098 1281 Jacob Pfander irem eheman, der
2395 1244 3131 1359 ehehalb gescheiden worden. Sye ira
2411 1312 3146 1406 domalen anderthalb Jar wartzytt
2407 1364 3136 1463 sich daruor mitt niemand zu verehen
2401 1429 3107 1519 lichen ufferleit worden, und wenn
2464 1487 3126 1592 sich anderhart verehelichen wölte
2386 1500 2454 1576 sy
2402 1549 3121 1653 solte sy zuvor alhie erlouptnus
2403 1608 3113 1704 erlangen, vnd ires wolhaltten
2386 1661 3135 1773 ein schyn mitt bringen, den sy byhande
2406 1752 3092 1857 und begärt man ira zu lassen
2391 1809 3115 1922 weltte, sich anderfart zeuerehelichen.
2385 1884 3108 2006 und ob sy wol den ira mittgetheil
2409 1936 3126 2051 scheid brieff nitt by handen, sye doch
2397 2013 3127 2115 dem also, dan sy inne verloren
2369 2074 3068 2186 Habend demnach mine H. die
2393 2151 3084 2272 Ehorachter, nach besichtung des
2396 2228 3086 2343 Manuals, so alles nach irem
2382 2295 3096 2414 fürgeben uff gewisen, erkent,
2384 2370 3096 2481 das sy sich wol anderhart sehelich
2400 2441 3110 2539 möge, doch vorbehalten, mitt demen
2389 2494 3095 2606 dero, so sy sich hievor im ehebruch
2405 2563 3083 2662 oder Hüri mocht vergangen haben, sy
2405 2625 3097 2720 soll sich auch deß kilchspäls, so sy mit
2408 2680 3112 2780 hrem ehebruch geergeret, zuschgeblich ert
2389 2743 2504 2824 setzen
