4032 3024
1313 353 1434 456 256.
1576 397 1743 513 Been¬
1423 474 1999 607 F. Beckelmeister vnd Graffenried zum
1444 544 2003 655 frouw zeigt an das Augestin gele
1428 606 1986 700 ira die ehe, in bysin viller eheren
1432 644 1957 753 lüthen redlich verheiße habe.
1578 747 1727 841 Bern
1423 798 1977 943 Jacob Kinder, vnd sin frouw si
1421 883 1976 977 vermandt worden, mit ein anderen
1424 931 1986 1031 redlich hußgehaltet, sonst werde ni
1409 977 1986 1090 sy zusammen in das Loch leggen son
1431 1050 1974 1155 deß Rhadts zedels. Alls aber sy sich
1428 1095 1989 1208 vnderstanden, vff in zubringen, das
1421 1153 1980 1264 er über alle warnung der Hentzins
1416 1206 1980 1309 anneme, ist ir handel für Rhodt¬
1411 1257 1567 1335 geschlagen
1525 1319 1677 1408 Bern
1387 1388 1931 1510 Hans Ratzer ist erloupt, mit
1415 1476 1973 1570 verena Meyer den Thilchgang zu
1399 1525 1740 1613 Bemplitz zu thun.
1504 1615 1661 1703 Hern
1369 1666 1970 1775 Jacob Ams f ist usgelassen und
1406 1729 1948 1834 und gemandt, sich füro hin sich
1388 1788 1952 1879 der füllerin, fluch und schweren
1385 1841 1961 1934 gemüßigen, auch schlüffhüßers sonder
1389 1894 1964 1979 Keller helfe, und mit irem ehemen
1386 1959 1778 2043 eherlich huß zehaltten.
1381 2026 1937 2145 Caspar Metz Jacob Arns diener
1395 2109 1957 2195 ist anzeigt, das er, vnd sin frouw
1381 2162 1929 2252 diß er Jacob Hans frouwe, als
1374 2215 1949 2305 der alters alwägen vorgäben, und
1371 2262 1938 2359 nach laßen sollendt, und nit mir
1385 2319 1927 2422 vns mit ira machendt, sonder
1368 2367 1938 2464 frydlich, vnd erlich mit einandere
1370 2433 1925 2517 hushalttindt, sonst wurde ma
1362 2481 1600 2575 sy strafft
2569 375 2686 479 257.
2215 420 2341 523 Wins
2101 494 2739 629 Alls dan Daniel Garniliane anzeigt
2103 546 2713 676 durch sin ingelegt pers zeverstan
2094 609 2708 737 haben, wie er sin husfrauwes dido
2094 653 2718 776 Batefert vff ein zyt by irem diener
2101 699 2720 830 plande Hane, In eine genoch funden etc.
2091 764 2713 867 danach ira von eine ersammt chorgricht
2091 814 2721 924 zu vinis vnd Ime Horne erpottes, dhein
2087 861 2720 988 zugang gmein schafft, vnd Ienquotatio
2101 927 2621 1017 mit ein andere zuhabe, das aber
2092 974 2695 1083 zwüsche anne nit erheblich gsin, da
2088 1031 2689 1125 das sy noch vil malls, wie er das das
2095 1076 2731 1188 erzeigt, zusame gangen, in einer khanders
2088 1139 2700 1239 übernacht flagen. Inne auch hochlich
2092 1184 2701 1286 mit der vnworheit gedacht, etc. darumb
2079 1242 2680 1346 er der schydigung begärt dargägen
2078 1299 2710 1404 so vermeindt, sy habe nüt vneherlichs
2077 1353 2705 1453 nie mit fine volbracht, er sye ir kinden
2088 1400 2714 1501 vogt und habendt ein lern, das sy
2086 1463 2704 1550 wol zusamme grusse c. Cognitum
2070 1517 2663 1610 die wil des Irer gegen ein andere
2086 1580 2689 1659 gefurdet clag, vnd kundtschafft
2085 1636 2705 1727 dhein Vrsach der schydigung ist, das
2074 1689 2673 1788 s widerumb als ehe lüthes gepurt
2091 1756 2644 1841 mit ein andere hushalttendt
2169 1822 2501 1932 Chillion vinis,
2078 1906 2727 2007 dem Landtvogt vnd Thorgricht zu schryben
2077 1974 2732 2067 das sy vermeltte parthye beschickindt, sy
2089 2028 2729 2120 mit ein andere hußgehalttes heissindt
2077 2074 2723 2163 gelobt, vnd wan ira dido, vnd Horne
2101 2124 2733 2220 sich ein anders gemüßigen verpotten worden,
2090 2183 2720 2270 das sy die beide, mit u. tägiger gfange
2076 2229 2708 2298 schafft straffindt, vnd Inne vff ein
2093 2280 2736 2361 nüder sich ein anders gantz zeentzüche
2082 2328 2741 2414 bepiettendt. Auch wo müglich) Irdido
2076 2381 2724 2470 Kindt vmb ein andere Vogt zugindt der
2090 2423 2720 2523 Ir vnd der kindt gut under hande habe.
2086 2473 2733 2565 Ehr wäre, das sach das er Camiliane ir
2094 2529 2744 2600 eheman ire er gut verbürgetten, sollen das
2099 2571 2684 2656 sy jene das bassen der erste ist theilt
