4032 3024
1288 356 1370 449 28
1432 378 2006 552 Heinen habe, welcherher ein
1431 470 1987 581 herren landtvogt anzeigt und
1424 522 1990 634 dem nach derselb sy für ein char
1416 571 2002 685 gricht alhier geschikt etc., habend
1443 631 1987 750 meine herren uff dismals im
1410 679 1981 784 den beiden versprochen verner
1432 729 1978 844 zusamen wandlung, vnd by
1413 793 1996 903 wonung abgstrikt, bis das
1423 838 1993 965 zill in der Citation bestimpt,
1420 897 2006 1029 und usgangen, und sy ir rechte
1417 959 1994 1070 wirtt zogen haben, sonst wo
1411 1032 2001 1143 von inen fleyschliche werk von
1386 1086 1978 1187 inen wurden klagt werden.
1398 1146 2001 1260 das sy hiezwüschen begiengend
1405 1206 1954 1313 wurde man sy allhaffen,
1399 1264 1796 1367 ehebrecher straffen.
1568 1378 1736 1485 Kulm.
1364 1454 1990 1545 Anna Wigglin, ist ein citation
1381 1506 1977 1604 zu 3 wuchen, wider Hanne
1377 1556 1989 1666 häberli, iren hingelofnen eheman
1389 1605 1954 1702 anbestimpt, wan er ira hie
1390 1662 1971 1754 zwüschen, noch jemandt infien
1388 1721 1974 1813 ramen, mitt antwortt begägn
1393 1770 1938 1862 nen wurde, mag sy nach
1387 1822 1977 1928 esgan 9 wuchen, ir recht züchen
1507 1975 1711 2063 sammen.
1333 2014 1914 2119 Mine herren habind die ehe ver¬
1350 2094 1960 2177 gsprechung, so Maria Gersin mitt
1352 2137 1958 2236 gunst, iner fründen, Johan Cotties
1351 2188 1942 2283 gethan, bekrefftiget, vnd die an¬
1350 2245 1963 2345 sprach, so lande doplain aussa
1350 2291 1955 2409 gesucht, uffgeht, die wyl er den spruch
1340 2341 1935 2438 so der landtvogt und ein ersam
1337 2398 1949 2498 Thor nicht zwüschen ime und sagt.
1339 2455 1936 2549 macht, angenommen, by dem soll es
1346 2511 1977 2607 blyben. Sy söllind sich fürhin muchte
2644 381 2756 474 287
2104 440 2739 550 die parthyen von ein anderen zescheiden
2120 513 2731 592 sonders alhar wysen, alls an das
2128 550 2746 627 ortt, da sy hin gehörend, jede parchen
2127 586 2722 691 soll den costen diser fartt alher achtragen
2298 630 2524 723 remptingen
2137 679 2675 776 aus kamer, welchen Solome
2126 743 2706 822 klosner der ehe ansprochen, vnd
2108 795 2671 887 furgeben, wie er ira uff die
2124 832 2684 924 ehe versprechung hin beschlaffen
2105 889 2727 976 desselben aber hernach abs sin, ist
2102 942 2743 1033 mitt fünff tagiger gfangenschafft
2120 1003 2407 1098 gstrafft worden.
2266 1065 2426 1153 hochstett
2095 1133 2745 1230 Gorbli Burgkhaltter, hatt alles vmb
2089 1192 2747 1287 den anderen fäller etc. tag abgebest
2090 1285 2505 1393 Langnouw
2077 1365 2675 1457 Ann Steiner, welche von Hans
2097 1436 2644 1527 Stoffen wegen von Müllenberg.
2094 1487 2737 1577 mitt pin tägiger pfangenschafft
2108 1537 2719 1627 gestrafft worden. Ist vermantt sich
2096 1610 2724 1682 fürhin des huren lebens abzuthun,
2102 1645 2733 1727 vnd einem ordenlichen meister
2094 1690 2748 1787 gedienen, dan wo sy wyter daru
2100 1740 2694 1838 fürfarn wurde man sy rücher
2108 1795 2266 1883 straffen,
2275 1861 2436 1969 Hern.
2088 1935 2732 2042 Elias Schopf. Ist von wegen, das er
2093 2007 2702 2097 Jungkher Hans Reids uff Nägelis
2092 2061 2706 2143 jungfrouwen gan Frybung nachzogen
2102 2105 2728 2191 und ira brieff zu gschriben, über
2083 2171 2729 2253 die warnung so man Ime hie vor
2104 2222 2795 2307 geben, das er sich ira hatte sollen,
2101 2270 2747 2367 müssigen, mitt 5 tägiger pfangen.
2088 2315 2738 2409 schafft gestrafft worden, und vermantt
2106 2377 2723 2469 möge er sich wyben nitt enthaltten
2082 2422 2669 2522 sölle er in ehestand trettenn,
