4032 3024
1341 349 1473 457 274.
1566 377 1979 544 Dern. Nieverschaden
1411 447 1989 603 Ester murer, Mathens Murer de
1422 514 1974 635 Guldischrybers solligen dochter, sond
1428 563 1985 679 der ehe an petter Ballich von der
1432 602 1988 727 nüwen statt, mitt anzeige, wie er
1421 650 1999 782 Ina by wyl er alhie by meister
1434 713 1987 822 gorius Winkler dem Tischmacher
1410 753 1984 868 gelernet, die Ehe uffrecht, vnnd
1410 810 1990 936 redlich zugesagt, begärt, also das er
1413 853 1987 976 ina sin zusagen haltte, und kilchen
1423 914 1962 1012 rechte thüye, entgegen vermeltter
1407 965 1964 1070 Baillich zu verstan geben, wie sin
1408 1012 1988 1123 meister zum einmals allerhind
1367 1067 1981 1167 dem offen geschlaffen fürhin zogen
1401 1116 1976 1207 zu zur sagende sumust das mitt
1404 1172 1983 1273 nemmen, wie er das gsechen habe er
1408 1221 1980 1315 Ime die Ehe, doch hieneben vorbe¬
1390 1278 1984 1371 haltten, wan solches furem Vatter,
1399 1334 1984 1428 und mutter gefellig sye, verheisen
1400 1381 1968 1482 anderst nitt, Nun so sye sollches ir
1406 1442 1955 1532 will nitt, zugagen waren ouch
1406 1508 1971 1590 ettliche siner fründen, die protestire
1393 1553 1473 1631 den
1475 1554 1938 1642 knaben zugenthalb zezüchen,
1394 1606 1961 1703 und vermeintt er soltte von ira
1383 1662 1958 1766 ledig erkent werden. Cognitum
1366 1718 1996 1820 die wyl sich durch ir gelegte khundt und
1381 1777 1969 1865 schafft beschinnen, das er ira eheliche
1380 1834 1959 1922 zusagung gethan, so solle deshalb
1368 1891 1953 1991 er ira alls ir eheman zu bekhent
1375 1957 1960 2046 sin und in 14 tagen kilchenrecht
1355 2012 1962 2108 thun, doch ist hieby des Knab
1373 2070 1945 2149 oltteren vorgehaltten zu Recht
1349 2120 1970 2215 das sy inne wan er underhalb
1338 2182 1966 2272 den 20. Jaren wäre, wol zuchten
1363 2240 1963 2342 und dise eheversprechung stürtzen
1353 2297 1561 2385 mögend.
1525 2343 1635 2429 Ber
1355 2395 1962 2473 Jacob Linder ist von wegen huren, so er
1352 2443 1933 2516 mitt der Henzina getheilen, mitte
1365 2487 1945 2561 tägiger gfangen schafft gestrafft und
1360 2527 1959 2624 hatt sich sin husfrouw Küngeli Lyser
1362 2578 1774 2669 von ime scheiden laten,
2614 365 2715 457 275.
2077 435 2668 558 Mittwuchen den 17. junii 1594
2107 489 2758 616 Prases Herr Galdi con herr walthart
2101 559 2746 650 minist. Herr Schneüwli, Haller, hund
2104 616 2714 724 Rüsch zechender wechselman
2228 684 2362 779 Lißen
2097 751 2716 878 Nicolarde Gruaz. Ist von Guillan¬
2101 838 2664 916 me messaz, von villand Gosson
2119 900 2704 973 welcher vor dryen jaren vonn
2102 935 2726 1022 argwons mit thatten, zu Morge
2107 992 2721 1087 in gfengknus gelegt worden.
2108 1050 2716 1145 vnd daruf verbrochen, vnd fider¬
2100 1109 2739 1200 gar nitt widerumb ze land khom¬
2103 1169 2721 1264 nen, damitt er sich schuldig gibt
2076 1228 2725 1318 Ist sy von ime lidig erkhenndt
2101 1278 2729 1369 und erloupt, sich anderfartt
2096 1342 2720 1437 zeverehelichen, sy mag sich
2102 1388 2704 1496 ires costens uff sinem gutt
2095 1459 2290 1551 erhollen
2085 1555 2695 1676 an landtvogt zu Morgen, solle
2091 1629 2708 1720 effgedachten Messaz achtenn
2084 1699 2699 1778 und wan er sich in das lannd
2073 1739 2733 1836 lassen wurde, solle er Inne mitt
2094 1798 2607 1894 dem eyd daruff wysen,
2215 1881 2492 1973 Röüttingen.
2059 1944 2732 2063 Marx Kernen, spricht der ehe au
2069 2019 2695 2121 Madlena Hallen, mitt anzeig
2076 2081 2725 2176 wie sy ime die ehe uffrecht, und
2078 2129 2718 2229 redlich verheysen, vnd ein stube
2079 2186 2714 2295 golds, und zwey selber stuck zum
2055 2248 2728 2351 schafft pfennig abgenommen, daruf
2061 2309 2726 2411 hin, sy ouch zum dritten mal alle
2072 2371 2746 2493 sin ehe frouwen beschlaffenn, begüte
2710 2089 2792 2327 d
