4032 3024
1311 356 1417 460 352
1407 410 2023 569 das sy verhoffet, er wurde sya nitt
1405 461 2023 612 beschissen, und begärt hiemitt anzeige
1416 520 2001 668 wyl sy imme in ein gefallen, so h
1406 563 2002 698 so ihme auch im anderen lieb ein
1419 618 2014 747 und ze kilchen thuren entgegen
1412 673 2021 820 er des byschlaffen nitt ob sin können
1396 727 1977 838 hatt er sich endtlich uff miner
1402 776 2011 899 herren der Eherichteren vilfallen
1426 834 2007 958 vernommen, begaben sya ze kilche
1390 886 1976 995 zufhüren, wieder zu ehrlich, sy
1388 938 2000 1037 habend beide gelopt, innerthalb
1412 985 2009 1106 zweyen wuchen den kilchgang
1416 1056 1991 1159 mitt einanderen zethun,
1582 1139 1721 1217 Bedorff
1381 1171 2001 1315 Der vogt zu Fryenisperg, Fryweybel
1392 1256 2020 1356 Schöri zu Kriegwyl mitt sampt den
1414 1306 2021 1408 Chorgricht zu Sedorff, sollind khundt
1393 1379 2000 1472 schafft uff nemmen, über den thuch
1401 1428 1976 1510 so auff beredt, vnd einer
1404 1491 1973 1559 genampt Körnlin von Lyssen, im
1400 1531 2027 1624 wirtshuß zu Sedorff, iter wyber
1387 1588 2022 1678 halb gethan, da der ein dem anderen
1399 1631 2004 1732 thusent pfundt nachgeben sollen,
1406 1681 2013 1774 vnd dan mine Herren aller ver¬
1372 1742 1906 1839 Küffner sachen halb bericht
1543 1831 1659 1940 Leng
1352 1888 1961 2002 An das Chorgricht zu Leng, solle
1363 1963 2010 2049 Christina zbären, Ire khundtschafft
1362 2014 1998 2101 lütt, so sy vermeint wider Hans
1383 2070 1998 2153 Stallden iren gewësnen eheman
1400 2119 2012 2210 welcher nun von uffsatzes wegen
1386 2173 1984 2264 in ein sondersichen hin gestolen
1406 2226 1984 2319 worden, gelegen, damitt sy ver¬
1381 2278 1987 2373 meintt uff inne zu bewysen, das
1381 2337 1999 2428 er vor vnd ehe er befleckt worden
1369 2387 2013 2490 sych mitt huri vergangen habe erho
1366 2445 1968 2549 ren, denne solle sy ouch der
2501 382 2558 440 e
2619 424 2733 498 353.
2083 448 2751 564 Castlen ordenlich bevogten, das der
2087 528 2773 624 selb mitt ira vor Chorgricht zustande
2088 589 2757 681 vnd ira helffe ire sachen vertretten.
2223 689 2538 797 Kilchlindach
2091 777 2706 893 H Hans Heinrich Schneüwen
2115 834 2722 931 soll uff nechstkünfftig fryttag
2138 889 2764 996 alhir vor Chorgricht erschinen.
2105 976 2743 1094 frytag den 5. septembris 1794.
2115 1044 2744 1165 Prases herr Walthart, lach S. Galli
2121 1123 2383 1202 minicht ambo
2126 1155 2752 1258 Ciuium Rüsch Dachselhoffer zechender
2144 1217 2409 1296 Wiechselmans
2225 1281 2405 1392 kilchberg
2112 1360 2714 1479 Dorothea Morgeli un Zürich piett
2143 1446 2750 1528 yez zu Alchenfly dienendt, spricht
2125 1479 2743 1569 der ehe an Michel Leeman vonn
2131 1538 2743 1618 lyssach mitt anzeig, wie er ita ein
2132 1589 2726 1664 Bern dispfennig und ein frankenn
2146 1637 2741 1716 zum worttzeichen geben habe, auch ira
2133 1678 2734 1765 vierzig gulden, alls zu widerfhal
2127 1734 2736 1826 wan er vor ira mitt thod abginge
2132 1778 2720 1876 vermachet, syend ouch volgendts
2120 1830 2727 1927 by einanderen gelegen, darumb ir
2124 1873 2729 1976 begär, das er solche sin zu sag halten
2136 1927 2733 2031 und mitt dem kilchgang volmachen
2138 1984 2730 2080 sölle, entgegen der versprecher
2128 2034 2739 2133 ina keiner ehezusagung bekhandtlich
2135 2087 2736 2179 sin wellen, er wege auch nüt
2126 2141 2696 2222 das er ira ein Berndikpfennich
2121 2183 2722 2279 geben, weder das es sich villiche
2125 2229 2688 2320 allso möchte begäben haben, als er
2131 2294 2717 2384 nechermallen uff die Kilchy gan
2134 2339 2718 2424 ättigen glüffen, vnd daselbst ein
2141 2384 2733 2496 trungk gethan, habe er, alle er de
2743 376 2801 450 .
