4032 3024
1268 283 1355 386 12
1584 331 1701 420 Bern.
1350 355 1970 563 ser Sache in den gegen
1388 446 1957 596 Buchsee, welche von erzügtenn
1374 498 1964 658 unehelichen khinden wegen, gebühr
1375 545 1962 717 sind vermant, das sy sich fürhin
1362 604 1834 744 Küscher halte, und trage
1509 727 1705 835 Zignouw.
1340 783 1949 941 Anthori Cleüw klagt den ehebruch
1357 857 1944 993 ab Elßbett Marmutt, mitt anzeige¬
1343 919 1938 1046 wie sy sich mitt einem genampt
1348 970 1946 1109 Martti fortscher zum Wysen trüb
1334 1026 1940 1151 in voriger huri, vergangen, und
1339 1075 1947 1213 also ir trüw, als ine mithaltten
1312 1141 1925 1267 begärt der halben, aller ehelichenn
1321 1210 1938 1338 banden von in ira abgescheiden
1331 1271 1911 1398 gewärden entgegen die ver¬
1325 1318 1942 1458 antwortter, des klagten ehebruche
1339 1376 1930 1507 nitt bekandtlich ein wellen cognitum,
1315 1434 1930 1568 Die wyl, der Cleger, den Ehebruch
1331 1516 1909 1632 mitt gnugsamer khundtschafft
1318 1559 1917 1696 uff die verantworteri bewissen
1304 1623 1893 1730 So solle deshalb, er von ira aller
1312 1693 1906 1800 ehelichen pflicht, abgescheiden, vnnd
1311 1741 1932 1857 inen verpotten sin solle sich widerum
1300 1805 1913 1920 zeverehelichen, ime ein halb, ira aber
1316 1869 1907 1990 har lang, denne solle sy von
1299 1913 1879 2039 sy sich widerumb verehelichen
1335 1985 1905 2095 vill, soll sy von der kilcher, da
1306 2033 1904 2145 sy hiezwüschen wonen wirtt, ei
1321 2102 1906 2228 thyn irer besserung mitt bringen
1288 2173 1891 2295 Denne ime allen costen, so diser
1301 2215 1889 2386 schidigung halb uffgelüffen abschragen
1487 2315 1673 2435 Signouw.
1277 2348 1885 2505 an landtvogt zu Signouw, solle
1276 2405 1867 2574 Jacob Kramer welcher sich mitt
2637 348 2737 435 143.
2087 409 2712 536 obgenampter Elten Marinutt, In hur
2080 462 2728 582 vergangen, mitt fünff, wan sy ein
2088 521 2748 632 lidige person, wan es aber ein vische
2072 572 2745 701 lichette person wäre mitt 20. tagigen
2072 630 2722 745 gfangenschafft straffen, denne ouch
2059 682 2749 801 dem wirtt gepietten, das er solliche
2068 748 2743 854 huren, vnd buben nitt mer zauen
2066 806 2700 920 zu ein gaden lege, sonst werde
2074 866 2733 977 man inne der gepür nach straffen,
2202 958 2698 1090 landtvogt zu Landtschet.
2058 1047 2782 1164 Sölle Jost Balmers vatter von Utzistockh
2047 1114 2732 1210 beschiken, vnd mitt Ime reden, das
2054 1163 2718 1272 ersinen son dessen so man inne
2038 1224 2734 1324 und Elsi wyniger zusammen bekhent
2047 1292 2747 1393 nützit erstgeltten lassen, noch verstohlen
2024 1406 2664 1534 Zedel an meyster Daniel Bischoff, solle
2030 1494 2671 1582 Hans Brunn besichtigen, ob er sines
2042 1541 2687 1636 prestens heilbar sye, oder nitt, vnnd
2026 1587 2712 1702 demnach mine herren berichten sollind.
2056 1674 2681 1799 en 6. martii 1594 hatt meister
2006 1737 2054 1803 2
2010 1759 2718 1860 Daniel relatiert, wie er an gesagten
2030 1812 2679 1909 Bruni grosse zeichen finde, das er die
2031 1867 2700 1973 bose klag werde gehapt haben, er sye
2015 1941 2673 2027 aber geheillet, vnd finde nitt, das
2011 1979 2674 2094 er ime an ehelichen werken schaden
2022 2044 2163 2131 möge.
