4032 3024
1331 349 1455 431 258.
1537 420 1956 537 Thun, Nachselwald
1439 492 1993 659 Heinrich Berecheren hericht derge
1434 579 1990 706 an, Barbli Wüstiner, hab ime die
1434 653 1976 757 uffricht verheißt. Dargägen sy
1432 707 1975 814 Im dheiner ehezusag bekantlich
1425 755 1977 847 sin wollen. Cognitum die wie
1418 809 1980 913 sy ime dheiner ehe verheißung anred,
1422 870 1977 962 vnd er sya mit kundtschafft nit
1409 919 1977 1014 gnugsammlich vnderrichte mögt
1416 973 1977 1069 Da deßhalb sy beide aller ehelichen
1426 1033 1975 1130 Ansprach von ein anders ledig sin
1410 1094 1979 1192 Inne erloupt sich beider sydts, wol
1423 1152 1947 1246 ander fort zeuerehrlichen, sol Inde¬
1419 1213 1972 1309 parthy de costen an ire selbs habe
1586 1288 1724 1390 Thun
1400 1362 1944 1480 Alls dan Christen fürstenberg,
1405 1446 1922 1535 und dißere Barbli wüstiner
1415 1501 1960 1584 vor zweyen Jare Jungendthalb
1403 1552 1950 1640 alhie gescheiden worden, vnd aber
1397 1592 1952 1693 inhunder sy noch lust zusammen
1387 1660 1962 1739 hätten, vnd sy die ordenliche jar
1408 1709 1955 1795 erlapt, ist inne erloupt, wo fer
1396 1763 1934 1850 es den eltteren, vnd frunden, auch
1390 1815 1944 1900 beider sydts gefellig, mit ein ander
1374 1859 1794 1954 den kilchgang zu thun.
1523 1964 1747 2058 Erlenbach
1366 2056 1903 2159 Margret Marmer, ist wider
1389 2116 1956 2214 Stoffel wolff iren hingelüffend
1383 2178 1926 2267 nhema, ein Citation zu dryen
1379 2224 1701 2320 wuchen, erlaupt.
2597 365 2702 463 259.
2144 426 2452 560 Belg. Muri
2197 489 2708 619 Wüller, mit bystand her vnders
2075 570 2693 708 Inthoni Müllers, nach dem sy durch ein
2105 625 2719 754 ygelen vrkund zuvorsten gäben, wie
2092 677 2733 812 Christen Wyntz wantzenried Ir ehennd
2666 762 2710 807 e
2107 754 2675 858 sich mit uffrichtung, eines faltschen
2068 804 2693 909 brieffs, als mencklichem bewüste
2085 853 2681 968 vergangen, immaßen er sich nit mehr in
2103 920 2657 1011 unsere gr ein land zeigen dörffe,
2079 968 2705 1075 und wyl nun dem also, und sy mit
2092 1020 2696 1123 einer seinlichen person hin zuhaltte,
2080 1069 2699 1182 ime nachzezücht nit willens, sy
2089 1141 2670 1229 Ir beger an vns, wir wolttendt
2085 1198 2684 1284 sy und ime ehelicher banden scheiden.
2085 1248 2710 1333 cognitum diewyl vns offentlich
2079 1300 2693 1393 erschyndt, das gesagter Christen
2070 1359 2682 1454 wyntzenried, sich ins seinlichen
2058 1421 2672 1517 betrugs gebricht, vnd ein faltschen
2070 1490 2686 1577 brieff vffrichts helffen, vnd also
2090 1543 2712 1627 sich in vnser gr hein statt und land
2077 1602 2716 1691 nit zeigen und stelle dorff, und die
2084 1656 2646 1742 sach sinerhalb als Maleficisch
2076 1711 2656 1805 darumb dan auch die ehesatzung
2072 1771 2677 1858 die scheydigung zu last, der halbe
2069 1832 2655 1906 s, von Ime aller eheliches bande
2072 1877 2669 1975 ledig gescheiden, vnd ira sich wol¬
2079 1941 2665 2024 anderfart Zeuerichtlich erloupt
2057 1996 2680 2094 habe. Ist Iren auch nachgelaßen
2058 2054 2686 2145 wo möglich den costen an siners
2061 2110 2386 2203 gutt Zeerholm.
