4032 3024
1209 356 1317 463 184
1465 418 1708 558 Eguenen
1275 480 1927 646 Der predicant zu Burenten
1338 589 1890 682 Fryweybel Kreps sollinnd
1326 627 1910 756 uff mittwuchen nechstkünfftig
1333 691 1927 820 alhie vor Chorgricht erschynen
1502 763 1780 879 Früttingen.
1340 833 1907 943 er Castean zu Fruttingen solle,
1323 891 1907 995 fürhin dhein ehe ansprach durch
1346 947 1906 1035 eigne authoritet uffgeben, sondern
1335 996 1875 1085 alhar wysen, wie er aber
1334 1049 1886 1157 gegen Freni Studer von Öschge
1318 1106 1915 1212 brucht, welche Melcher krätze
1324 1162 1912 1271 von Müllinen der ehe angesprochen
1332 1245 1869 1321 vnd von ime geschwengeret
1330 1293 1909 1390 worden, welcheren ehe ansprach
1329 1348 1913 1451 er uffgehept, hieneben ist ime
1324 1414 1903 1508 ouch beuolchen, wan krätzer
1331 1469 1907 1586 umb sigen fäller nitt gebüsst hätten
1339 1537 1875 1632 Soll er inne der gepür nach
1345 1600 1898 1713 mitt gefangenschafft straffenn
1480 1706 1929 1837 an verdirenden zu Kilchauff
1304 1796 1917 1928 erpredicant zu Kilchdorff, soll
1319 1873 1881 1971 Hans Cunradt Schnyder vonn
1318 1928 1877 2030 kolche Schaffhusen, vnd Anna
1354 1980 1899 2086 Meyer, zusamen geben. Wyl
1341 2040 1743 2134 sy ein statt khind
1444 2100 1613 2209 Beric.
1341 2186 1902 2319 Wilhelm heil man der Schärer
1349 2277 1881 2379 pricht der schran Susanna
1336 2324 1889 2447 Marchstein, mitt anzeig wie sch
1336 2370 1872 2493 Ime dieselb vffrecht vnd redlich
1323 2436 1839 2556 zugesagt, und des zu einem
2493 292 2597 371 185.
2004 343 2593 541 das er in der sachen
2001 410 2613 580 nomen, vnd woner sy ime dieselb
1992 467 2636 656 gehaltten gesinnet, wäre ime solliche
2001 532 2602 685 dchen das er ab ich denen
1988 588 2630 745 liebe zu ime trage, wie er dan schon
1997 659 2569 804 albereytt gespurtt, das ir liebe
1994 707 2582 854 erkalttet, so frage er ira ouch so
2000 780 2629 921 gar vill nitt nach Entgegenn
1959 829 2631 992 gesagte Margstein, mitt zustand
1991 901 2622 1058 g. Josua Wyermans ires Stieff
1994 975 2614 1095 vatters, Baschi Marchstein ires
2433 1019 2645 1122 Sawolff
1991 1066 2264 1154 Bruders und
2010 1096 2596 1221 hres Schwagers, anzeigt, wie
2003 1180 2588 1275 12 Cleger, sye an sines schwagers
1994 1227 2639 1349 Hans luben nach hochzytt bescheiden
2001 1280 2629 1383 und reychen lassen, und daselbsten
2009 1336 2640 1440 y vmb die Ehe angesprochen habe
1983 1396 2621 1508 sye nitt minder, dan das sy ime
2003 1440 2621 1548 domalen die Ehe zu gesagt, doch
2011 1513 2670 1600 zver solliches irem vatter, mutter
1988 1573 2641 1660 vnd gewandten gefellig, hiemitt
1999 1619 2655 1720 er ira in hand us dem petter sack
2001 1677 2618 1778 gezogen, ein briefflin zu ir hand
1983 1746 2656 1838 getruckt, darin sy nachin werts
1993 1802 2653 1886 als sy heimb zu huß khommen, ein
2004 1859 2677 1960 gekündt gold stuk funden, diewyl
1995 1922 2636 2021 und aber sy nun gespüre, das
2019 1980 2630 2068 ölliche eheversprechung irem
1979 2031 2681 2124 vatter mutter, vnd fründen widrig
2001 2097 2689 2197 vermeine sy nun, dieselb uffhehl
1999 2160 2652 2245 nichtig, vnd krafftloß vnd sy nitt
2010 2215 2686 2321 binden sölle, Cognitum, die wyl die
2002 2271 2663 2372 dochter Ime dem Jüngling, dem Ehe
2013 2334 2680 2434 zugesagung gethan, dan inn fhal das
2035 2389 2665 2487 ollichen Iren fründen vatter, vnnd
2018 2444 2638 2546 mutter angenem, vnd lieb sie
