4032 3024
1198 379 1282 466 168.
1284 451 1919 590 Rechten bewilliget, mitt began
1289 525 1914 642 an syn, das sy ime solliches zu
1303 583 1898 698 wüsen thun wellind damitt
1300 647 1842 770 er sich versprechen möge,
1404 780 1764 904 früttingen,
1302 839 1887 978 Solle der Castlan, obgenamset
1286 913 1897 1037 Hanns Graff von begangnen
1301 995 1908 1111 Ehebruchs wegen, mitt etc. tagi
1290 1062 1877 1184 iger gefangenschafft straffen
1392 1175 1692 1307 früttingen.
1286 1278 1881 1386 Barbli, Rychen spricht der ehe
1302 1344 1893 1442 an Hans Rytter, welcher nun
1309 1408 1871 1486 mitt der dritten dochter, alhie
1304 1458 1876 1542 am chorgricht erschinen, und
1294 1531 1875 1598 von zweyen, die inne angen
1317 1569 1881 1664 prochen gescheiden worden, und
1278 1630 1844 1723 diewyl man inne alls er
1304 1690 1888 1779 mitt lengachers dochter alhie
1302 1742 1878 1840 erschinen, gewarnet, das er
1290 1804 1883 1903 dhein handtwerck machen solle,
1289 1855 1878 1967 leybsbilder, ze schenden, und die
1301 1930 1893 2038 nechstst mitt dero er abhin khommen
1296 2011 1890 2100 werde, welle man zur anhalten
1309 2065 1896 2173 werffen, hatt man ime hierich
1285 2126 1887 2250 Dise Barbli Rychen, wyl er s
1293 2198 1900 2334 beschlaffen, ob sy wol dhein kundt
1285 2282 1885 2393 schafft, irer ansprach gehapt, als
1290 2353 1881 2458 sin ewyb zu bekhent, und ist iren
1284 2424 1866 2543 gepotten worden, innerthalb den
1298 2473 1865 2604 nechst kommend vierzeige tagen
1297 2539 1904 2649 nach Osteren, kilchen rechte zu thun.
2482 292 2575 395 169.
2060 447 2309 549 Cendonne.
1995 448 2602 625 trancois du crest spricht der Ehe ann
1984 519 2593 686 Johanne gottet, mitt anzeig, wie er
1993 564 2599 722 ein eherliche anwerbung, iret halb an
1982 614 2580 779 Cristian Ramel, welcher domalen
1975 669 2582 843 ge vogt gsin, und andere ire fründ
1989 722 2605 904 sich endlichen er denen
1971 792 2620 952 kein endtlichen bscheid werden laßen,
1984 860 2596 987 vnd dieselb weder abgeschlagen, noch
1971 910 2575 1053 zugesagt, habe sich mittler wyll
1994 956 2612 1084 zugethragen, das er sy uff fryen
1991 1010 2574 1160 stas angetretten, und ira die
1945 1067 2610 1229 ee angemuttet, habe sy ime die
1994 1134 2610 1250 elb uffrecht, vnd redlich zuge¬
1990 1185 2598 1318 sagt, und versprochen, und des
1989 1258 2612 1366 zu einem worttzeichen, ein
1980 1316 2574 1433 huben, güldine, vnd selberne
1983 1377 2600 1490 ring und Coralten abgenommen
1978 1435 2593 1539 begärt, also dieselb bekrefftigett
1987 1498 2604 1590 werden, entgegen, erschein ouch
1976 1568 2602 1643 obgemeltte Johanne Lottet, mitt
1985 1619 2593 1705 zustand andre Hugonin ires
1982 1680 2636 1766 Stieffvatters vnd vogt vermutter
1987 1731 2638 1809 halb, vnd Claude de Cavel, der
1992 1781 2592 1873 weybel zu Charidine ir vogt
1994 1832 2652 1922 vatterhalb, ouch Samuel Jacquerd
1984 1890 2662 1979 predirent zu Glonay verantworten
1984 1951 2612 2040 ter anders theills, dieselben all
1983 1994 2590 2105 zunamen ir selbs ouch hier
1984 2062 2654 2168 der übrigen und fürnembsten frün
1984 2117 2643 2215 den vnd verwantten, gabend
1993 2174 2646 2288 so zeuersten, wie abgemeltter
1983 2251 2647 2333 ducrest, ettwan vor fünffzechen
1971 2293 2642 2395 monatten, an sy die fründ und obge¬
1976 2358 2658 2449 meltten Ramel, Ir domalen wesende
1989 2418 2666 2526 vogt, ein anwerbung thun lassen
2761 1856 2812 1899 it
