4032 3024
1221 465 1300 559 Ill
1340 471 1925 603 sy die Clegerin mitt gnugsammen
1321 522 1911 645 khundtschafft den Ehebruch uff ges
1347 602 1920 699 hren eheman erwisen, und syne
1327 635 1929 764 den fäller nitt verzychen wollen
1338 686 1909 803 So sollind sy deshalb aller ehrlich
1335 744 1920 858 pflicht von einanderen uffgelegen
1343 806 1924 904 und inen spotten sin sich angesehen
1328 869 1925 952 zeverehelichen, da einhalben de
1333 906 1917 1008 ime aber anderhalbs jar lanng
1336 969 1919 1057 und wan sy sich nach verloffnen zill
1334 1023 1921 1115 zeuerhüwratt vorhabten, soll er
1333 1079 1915 1170 zu vor vor einem corgricht alhie
1339 1136 1926 1224 erlouptung erlangen, Insonderger ein
1346 1193 1936 1291 schyn siner beherung von der kilchen
1333 1254 1931 1341 und da er hiezwüschen worden wirt
1352 1303 1940 1400 mit sich bringen, denne sol er zu
1334 1352 1912 1449 allen zimlichen billich erstem
1329 1420 1935 1528 diß ehehandels halb uff geleifflichtig
1471 1507 1779 1626 Affholtteren
1334 1588 1936 1684 Anthoine Banderet von Grandsor
1352 1661 1933 1745 nitt zustand Niclaus Hennig stricht
1327 1709 1951 1810 der ehe an, Hans ditt von Affholteren
1339 1754 1902 1846 mitt anzeig, wie er ira dieselb
1343 1799 1946 1900 burtz verschiner zytt, in sinem husselbs
1362 1863 1919 1954 von hier syner schwester dahin
1340 1902 1925 1990 zu irem bränken khind berüfft,
1351 1952 1940 2063 verheysen, und syn dem nach beschlafen
1328 2009 1929 2114 begärt, derhalben er ira sin zusagen
1351 2063 1916 2169 haltte, und sy zu kilchen fhure
1380 2123 1929 2234 ntgegen, der santworter die
1383 2185 1927 2288 a d seiner ehezusagung besterding
1371 2224 1918 2336 sin wollen, deß byschlaffen aber nitt
1360 2263 1921 2380 lougnende und vermeint mitt
1356 2317 1941 2434 das er solle gezwungen werden
1372 2370 1939 2499 sya zeehelichen, Cognitum diewy
1361 2417 1955 2561 der versprechen, der Clegerin den
1378 2479 1964 2622 ehezusagung bekandtlich, und sy die
2548 419 2636 493 175.
2016 466 2693 615 dero vermög hierob gemachter ehesatzung
2025 519 2681 667 mitt mitt gnugsammer khundtschafft
2031 579 2679 707 underrichten mögen, das deshalb
2031 633 2678 770 der Clegeri an inne versprëcher
2022 663 2700 836 gesuchte ehe ansprach uffgehapt unnd
2024 736 2692 901 jedem nachgelassen sin solle, sich ander
2033 793 2688 956 hhart zeuerehelichen, vnd wan sich
2039 868 2678 988 befunde, das er sy durch obangerurte
2056 922 2707 1051 byschlaff geschwendert hätte, soll
2056 966 2691 1094 er ja wan sy deß khindts ganist
2041 1019 2696 1146 dasselbige abnemmen, ob sy imme das selbigen
2063 1082 2674 1200 die brüchlich zu eignen wurden
2073 1135 2719 1254 und für das sin erzüchen, und denzmal
2075 1186 2702 1308 soll er ouch ira pas für die khind.
2055 1241 2697 1358 bechi abrichten. Deme soller ihar
2057 1289 2704 1397 allen zimme billich costen die handels
2058 1346 2712 1470 halb uffgewissen, abschragen und bezallen,
2066 1488 2712 1605 an vogt zu Arberg, solle gesagten Hans
2065 1565 2676 1647 dit mitt fünf tagiger, und so vill
2065 1606 2706 1702 nächtlicher pfangenschafft von begangen
2065 1667 2700 1754 muttwillens wegen, straffen, syn
2084 1713 2738 1810 ber, wyl sy gemeint es gange ehelich
2078 1765 2391 1856 zu, ledig lagen.
2262 1862 2409 1954 Basel.
2085 1912 2683 2025 In Fryweybel zu Gattel, solle uff
2074 1986 2680 2070 ein wybs person das geretschl
2074 2033 2738 2125 genampt, flyßig achten, wo es hinder
2075 2084 2662 2178 ime ze betretten pfengklich alhar
2071 2141 2726 2228 In ir gnade gefangenschafft, beschafft
2075 2191 2718 2278 Item ouch dotis frouwen schwester,
2252 2234 2402 2310 Mar.
2070 2267 2747 2378 an das ehegrichtt zu Muri erneme
2069 2337 2730 2426 min herren wunder, warumb
2089 2375 2745 2474 y lienhart dahinden, so sie dienst
2063 2438 2765 2532 magt geschwengert, nitt inhin haltind
2083 2483 2531 2599 hinen fäller abzebüssen
