4032 3024
1370 505 1979 642 aber vernomme er, wie gesagten können
1363 573 1960 678 fründ ine anderswo vermechten
1375 618 1972 732 wellind, welches, wo es geschechen
1377 681 1966 769 solt, wurde er dargesetzt sein
1380 731 1958 822 dan er sin dochter eherlichen.
1363 791 1982 899 lütten, so umb sy sinderhar gewes
1373 846 1979 940 ben, verseyt, vnd wo mir
1388 901 1976 994 herren ze nitt gutt dunckenn
1898 964 1966 1019 hege
1398 962 1972 1059 wurde, sy von irer jugenthe
1390 1027 1976 1112 samen gelaßen, vnd dise ehe an¬
1367 1079 1960 1187 sprach uffheben wurden, so
1383 1143 1957 1247 getrüwe er seyn solle doch
1383 1205 1968 1322 ihme den kosten abthragenn
1355 1268 1977 1373 Entgegen gesagter schwyngruben
1381 1332 1960 1424 nitt absin können, dan das
1385 1391 1972 1491 ettliche wort zwüschen inen
1394 1458 1987 1552 ergangen syend, es sye aber als
1391 1518 1973 1625 in einem schimpf geredt worden.
1403 1577 1959 1691 und möge uf den selben kein
1380 1641 1968 1761 ehe geschloßen werden, zu dem sye
1394 1715 1955 1816 der knab nach jung, und erst
1386 1771 1964 1881 by den fünffzeichenthalb Jaren
1404 1834 1964 1944 alte, da ime sich nitt gepüren
1410 1900 1968 2002 wolle, inne so jung und wider
1425 1949 1978 2063 sinen willen zu verhüweretten
1417 2017 1957 2123 wie er ja kein willen zu der
1408 2066 1980 2198 dochter trage, wo aber der ki
1427 2131 1981 2245 willig, wolle ers ime nitt werden
1423 2183 1961 2325 oder verpieten zu demselben zeigt
1432 2248 1975 2401 auch Jacob Fryberger des knabe
1433 2323 1975 2434 vogt aus wie weder er nach
1430 2372 1978 2504 der vorgende vogt, hierumb
1420 2436 1992 2563 gend Rhats gefragt worden, und
1413 2484 1984 2626 habind gentzlich darumb nütt
1421 2553 1958 2689 gwügt, und habind andere fine
1433 2587 1830 2743 selben sein geren
2647 438 2718 508 97
2069 487 2753 631 deß knaben fründ etwas wyttere
2089 549 2751 676 versprechung gethan, so vermeine
2094 608 2762 725 er doch sy sollind es versprechen
2093 662 2746 774 und solle er nitt gebunden werdenn
2435 708 2610 763 darumb
2097 724 2707 841 solches zehaltten, noch ihnen vmb
2089 770 2743 892 einichen kosten verfelt werden, dan
2099 844 2736 950 er vermöge sy mütt, welle der
2089 908 2741 1011 dochter nütt, das zu sy er nitt
2097 943 2755 1081 gesinnet, sich vor den jaren, so durch
2082 1020 2776 1158 Irs satzung bestimpt, zeverehrlichen
2089 1088 2762 1191 cognitum. Es solle dise ehransprach
2105 1150 2739 1254 alls ir gnaden ordnung ungemäßen,
2098 1200 2775 1314 uffgehapt und krafftlosen und jedem
2092 1256 2727 1371 der parthyen, nachgelagen syn
2096 1330 2729 1416 wan es zu sinen jaren unnd
2106 1375 2742 1491 tagen khomen sin wirtt, sich ze
2106 1441 2740 1546 verehelichen, vnd die wyl dan
2099 1505 2773 1605 er schwyngruber nitt ab ein können,
2099 1556 2783 1663 dan das er gesagen Gradt ange¬
2107 1623 2731 1726 gsprochen, ime sinem stieff sun
2096 1691 2752 1799 sin tocher ehelich zeuertruwen
2077 1753 2730 1852 das deshalb er schwyngruber
2086 1817 2750 1904 ime allen zimlichen billich ersten
2085 1876 2730 1988 dis handels halb uffgelüffen
2109 1935 2761 2048 abthragen, vnd widerbekheren
2113 2021 2208 2095 solle.
2301 2160 2503 2257 Prosanna
2033 2204 2765 2323 Zedel an meister Daniel Bischoff
2120 2282 2772 2371 solle Laurentz fürzod besichtigenn
2110 2346 2787 2437 ob er zu menschlichen natürlichen
2110 2396 2778 2494 werken geschikt sye der nitt unnd
2113 2451 2769 2556 min herren sines befindens berichten
