4032 3024
1291 334 1385 407 300
1422 372 1999 541 vnd nitt zur ehe haben wollen,
1414 438 2010 605 da dan er ira zu bekhent worden.
1406 488 1979 638 den franz zebezallen, Item
1408 549 1983 677 drey kronen, für die khindtberen
1411 617 1995 733 vnd allen zimlich billich ersten
1414 680 1928 790 der schidigung abzericht
1919 733 2000 813 mge
1415 732 2020 863 bezalt werden, wo dan er meye
1413 792 1983 909 zu wenige, dem sinen auf
1420 848 1994 975 Ime glochen mag zu khomen
1418 910 2003 1036 welle man Ime solliches nach¬
1406 960 1688 1066 gelaßen hab
1700 990 1780 1079 .
1429 1048 1950 1167 frytag den 12. julii 1794.
1404 1125 1986 1231 Prases zu Walthart, Ich hr. le
1417 1180 1988 1300 minist. ambo. Civiu Dachselhofer.
1406 1235 1625 1323 Zeihender.
1507 1349 1715 1472 Bern.
1370 1422 1986 1550 Hanns Stähli der sekler, soll 1 tag zum
1410 1499 1986 1613 gfangenschafft gestrafft werden, von wegen
1404 1561 1935 1661 er Susanna Stachell, sin
1383 1617 1981 1723 dienstmagt geschwengeret, er soll na
1385 1682 1996 1778 das khind abnemen, und drey kronen
1380 1734 1985 1839 für die khindtbetten abricht, Ittem den
1412 1791 1965 1883 kosten, so sy in der gfangenschafft
1405 1848 1985 1939 uffschrybt, ouch abthragen, dannothin
1392 1907 1988 2005 soll er ira zwo kronen geben, damit
1393 1966 1966 2064 sy ettwan sich verdingen mögte,
1548 2034 1785 2142 wynigenn.
1384 2093 1980 2226 Ursula Schnyder von Groswyl
1389 2170 1969 2262 stricht der ehe an Geörg Klauch
1392 2239 1972 2342 thaller von Wynigen mitt anzeig
1385 2301 1961 2402 wie es ira den byschlaff ange¬
1372 2366 1966 2464 emuttet, den aber habe sy ime
1387 2432 1984 2544 abgeschlagen, er verhinge in den
2637 374 2731 465 309.
2122 425 2734 526 die Ehe, welche er ira verheißen,
2133 492 2758 586 und sy daruff hin beschlaffen, behart der
2117 544 2768 641 halben er solle sy zu kilchen und fragen
2113 601 2770 696 fhuren, Entgegen vermeltter Krauch¬
2120 654 2729 743 haller ira keiner ehezusagung be¬
2104 702 2761 808 khendtlich sin wellen, des byschlaffen
2115 757 2765 867 aber nitt lougnende, vnd vermeint
2109 813 2766 919 hiemitt von ira lidig erkent ze werden.
2117 886 2746 982 ognitu, diewyl der versprecher
2111 938 2741 1043 der Cleger dheiner ehezusagung
2103 1006 2758 1103 bekhandtlich ein wellen, vnd sy ime
2105 1068 2737 1169 dero mitt keiner khundtschafft vnder¬
2101 1133 2716 1226 richt mögen, so solle deshalb dise
2105 1184 2742 1284 Ehe ansprach uffgehept, vnd jedem
2113 1249 2724 1347 erlaupt sin, sich anderhart zeuer.
2111 1313 2747 1409 echlichen, dannothin, soll jede parth
2107 1372 2737 1470 Iren erlittnen costen, an dha selbs
2109 1431 2272 1512 habenn.
2088 1509 2736 1615 an schultheis zu Burgdorff, solle
2101 1586 2726 1674 sy beide, nach gwonlichem bruch
2089 1635 2685 1741 mitt gfangenschafft straffenn
2221 1763 2392 1848 Worb.
2067 1804 2712 1908 der zwingherr zu wort, sölle
2087 1878 2733 1961 Madlena Caplerin, mitt wider
2080 1924 2690 2018 Cunradt Meyen fründ, den sy
2102 1990 2693 2075 verrüffen lassen, verholff sin
2086 2037 2738 2122 damitt sy ires erlittnen ersten
2106 2098 2718 2196 mitt der schidigung vffgangen
2100 2147 2495 2241 möge bezalt werden.
2251 2220 2411 2298 Biglen.
2082 2282 2718 2381 der Fryweybel Moser solle.
2109 2344 2743 2446 vermelttem mey, wo er sich in
2100 2393 2715 2489 Pr gnaden land, so hinder siuer
2133 2440 2742 2528 waltung gelegen ynlassen werde.
2112 2492 2734 2610 mitt dem Eyd durch wysenn
