4032 3024
1292 330 1422 455 246.
1444 362 1970 522 deshalb das ein er man alten ver
1438 464 1972 577 lehen billichen ersten, distroffe
1434 509 1977 617 handels halb uffgangen, abtragen
1438 559 1987 680 solle, denne oruch wan sy durch
1417 601 1971 721 obgemeltten byschlaff geschienen,
1425 668 1979 784 gerett were, und sy ime nach
1409 716 1996 846 der gepurtt, das khind, wie beige
1417 788 1983 894 lich geben wurde, soller den
1425 838 1979 952 malen ira dasselbig abnemmen,
1419 895 1969 1004 auch alls den dry krancken
1399 955 1980 1081 für die Khindtbetti, abrichten,
1407 1007 1970 1130 und endtlich dryttig kronen
1396 1068 1978 1179 für den krantz bezallen, in¬
1399 1122 1965 1249 nerthalb einer monath frist
1394 1180 1975 1307 Ess sye dan sach, das er zu selbig
1412 1257 1972 1363 zytt nach form rechtens möge
1375 1308 1965 1408 bewysen, das sy einanderen
1385 1363 1976 1474 verfeltt habe, dessen er alls dan
1386 1433 1965 1550 so vill recht ist, genichten sollen,
1529 1534 1718 1654 Gern.
1369 1616 1574 1728 Alls dan
1698 1629 1943 1733 Kinders des
1387 1691 1952 1791 Sagers hußfrouw und anderen
1399 1758 1928 1843 Metzger, einanderen ettwas
1368 1816 1933 1919 ehern erletzlich zugeredt, alls
1381 1892 1962 1978 namlich, das sy inne heisen liegen
1375 1950 1926 2037 wie ein schelm, und er sye einen
1387 2008 1958 2102 Schelm, dargegen ira zugeredt,
1386 2061 1959 2174 sy luge wie ein lugenhafftig wyb,
1378 2128 1950 2234 umb welche wortt, Metzger s
1370 2193 1940 2306 nin zum dritt mal andereren
1370 2260 1930 2375 rechten, mitt gastgricht fürge¬
1371 2344 1955 2441 höüschen, da aber ob er das ander
1380 2394 1923 2524 klagt, ein herr Schuldtheis
2588 343 2696 423 247
2085 398 2712 537 ime durch ein weybel beuelch lassen
2080 472 2686 591 das er stillstande, das aber der
2081 517 2719 637 weybel nitt versorget gehapt, bis
2091 557 2719 693 das ander ist klagt gsin und
2070 627 2737 745 das geltt usgeben, für das dritt
2096 675 2698 818 klagen, sind hieruff alle
2089 739 2714 864 verlüffen wortt uffgehept
2091 797 2743 920 worden, das sy keinem aneheren
2074 865 2719 984 müttschaden sollind, denne solle
2044 913 2708 1049 Kinder Ime Metzger, zwey gast
2081 1000 2684 1119 gricht geltt namlich 1 gulde
2075 1034 2713 1182 wider bekheren, das ander solle
2074 1129 2705 1221 er an ime selbs habe. Wie glych
2073 1181 2714 1291 ouch den weybel konne hand den
2080 1253 2725 1359 spruch angenommen, Meyger soll
2070 1323 2719 1417 fürhin deine nachpuren mer, von
2087 1383 2723 1466 sachen wegen, das sy ettwan eine
2070 1437 2698 1531 herren die eherichter beschicktind,
2074 1498 2710 1591 vnd sines ehergerlichen läbens
2083 1561 2718 1629 halben ettwas anzeigen wurden,
2077 1614 2732 1698 spatzlen, vnd traten, Sonst werde
2076 1671 2738 1767 man inne nach der gepur straffen,
2206 1756 2432 1855 zweysamen
2069 1812 2733 1926 Cristen kempfen sach uß dem Obersiben
2070 1897 2742 1977 thal, so fünff unnehrliche khind, er zu¬
2069 1939 2729 2042 get, und für das sechstmal, sich mitt
2070 2005 2735 2100 einer genampt Margrett fruttinger
2069 2054 2736 2165 einer offnen metzen vergangen, Ittem
2060 2124 2724 2200 Steffan Bringold, der mitt Madlena
2077 2178 2730 2268 zbären, dry uneheliche khind erkzüget,
2049 2241 2714 2354 Ist für ein hoche oberkeytt geschlagen.
