<?xml version="1.0" encoding="UTF-8" standalone="yes"?>
<PcGts xmlns="http://schema.primaresearch.org/PAGE/gts/pagecontent/2013-07-15" xmlns:xsi="http://www.w3.org/2001/XMLSchema-instance" xsi:schemaLocation="http://schema.primaresearch.org/PAGE/gts/pagecontent/2013-07-15 http://schema.primaresearch.org/PAGE/gts/pagecontent/2013-07-15/pagecontent.xsd">
    <Metadata>
        <Creator>prov=University of Rostock/Institute of Mathematics/CITlab|PLANET AI GmbH/Gundram Leifert/gundram.leifert@planet-ai.de:name=German_Kurrent_XVI-XVIII_M5.2(htr_id=38305)::::v=2.6.7
prov=University of Rostock/Institute of Mathematics/CITlab|PLANET AI GmbH/Tobias Gruening/tobias.gruening@planet-ai.de:name=de.uros.citlab.module.baseline2polygon.B2PSeamMultiOriented:v=2.6.7
prov=University of Rostock/Institute of Mathematics/CITlab|PLANET AI GmbH/Tobias Gruening/tobias.gruening@planet-ai.de:name=/net_tf/LA73_249_0mod360.pb:de.uros.citlab.segmentation.CITlab_LA_ML:v=2.6.7
Transkribus</Creator>
        <Created>2021-11-02T15:14:21.580+01:00</Created>
        <LastChange>2021-12-05T15:06:57.028+01:00</LastChange>
        <TranskribusMetadata docId="822504" pageId="30662571" pageNr="190" tsid="69422020" status="IN_PROGRESS" userId="101542" imgUrl="https://files.transkribus.eu/Get?id=WZCOHVPOAFSSTZZJAHIWYTFR&amp;fileType=view" xmlUrl="https://files.transkribus.eu/Get?id=FDVPSTAWVRFCQXZHJGKLLXAZ" imageId="24122642"/>
    </Metadata>
    <Page imageFilename="Foto 26.10.21, 3 12 36 PM.jpg" imageWidth="4032" imageHeight="3024">
        <ReadingOrder>
            <OrderedGroup id="ro_1687514404663" caption="Regions reading order">
                <RegionRefIndexed index="0" regionRef="r1"/>
                <RegionRefIndexed index="1" regionRef="r2"/>
                <RegionRefIndexed index="2" regionRef="r3"/>
                <RegionRefIndexed index="3" regionRef="r4"/>
            </OrderedGroup>
        </ReadingOrder>
        <TextRegion orientation="0.0" id="r1" custom="readingOrder {index:0;}">
            <Coords points="1347,295 1347,449 1431,449 1431,295"/>
            <TextLine id="r1l1" custom="readingOrder {index:0;}">
                <Coords points="1337,420 1355,419 1366,426 1401,411 1410,413 1420,401 1429,407 1442,407 1440,341 1371,335 1355,329 1333,332"/>
                <Baseline points="1347,399 1375,397 1403,395 1431,396"/>
                <TextEquiv>
                    <Unicode>313.</Unicode>
                </TextEquiv>
            </TextLine>
            <TextEquiv>
                <Unicode>313.</Unicode>
            </TextEquiv>
        </TextRegion>
        <TextRegion orientation="0.0" id="r2" custom="readingOrder {index:1;}">
            <Coords points="1371,439 1371,1771 2000,1771 2000,439"/>
            <TextLine id="r2l1" custom="readingOrder {index:0;}">
                <Coords points="1530,495 1548,498 1557,490 1566,495 1586,488 1603,505 1621,495 1647,503 1675,481 1708,481 1713,411 1696,405 1676,411 1647,386 1611,395 1594,407 1537,398"/>
                <Baseline points="1544,465 1569,468 1595,470 1620,471 1646,473 1671,475 1697,477"/>
                <TextEquiv>
                    <Unicode>Adern.</Unicode>
                </TextEquiv>
            </TextLine>
            <TextLine id="r2l2" custom="readingOrder {index:1;}">
                <Coords points="1403,538 1435,533 1463,559 1519,534 1550,552 1602,543 1630,566 1679,554 1713,583 1803,556 1919,600 2002,599 2005,572 1981,554 1837,514 1717,515 1664,492 1586,512 1525,446 1414,448"/>
                <Baseline points="1416,521 1444,522 1473,524 1502,525 1531,528 1560,530 1588,533 1617,535 1646,538 1675,540 1704,545 1732,548 1761,552 1790,556 1819,560 1848,565 1876,569 1905,575 1934,581 1963,588 1992,593"/>
                <TextEquiv>
                    <Unicode>Hauptman Rubeli ist verwarnen</Unicode>
                </TextEquiv>
            </TextLine>
            <TextLine id="r2l3" custom="readingOrder {index:2;}">
                <Coords points="1409,584 1462,604 1521,582 1564,612 1651,625 1830,615 2002,656 2006,623 1810,557 1721,578 1682,553 1631,565 1603,543 1551,553 1520,535 1500,549 1463,526 1413,551"/>
                <Baseline points="1422,572 1450,574 1478,578 1507,581 1535,582 1564,585 1592,588 1621,591 1649,592 1678,596 1706,598 1734,602 1763,605 1791,608 1820,612 1848,617 1877,622 1905,627 1934,633 1962,640 1991,648"/>
                <TextEquiv>
                    <Unicode>vor Margrett Fry, anderes den</Unicode>
                </TextEquiv>
            </TextLine>
            <TextLine id="r2l4" custom="readingOrder {index:3;}">
                <Coords points="1410,645 1476,669 1515,654 1598,687 1678,668 1797,674 1891,721 1940,700 1999,710 2006,655 1924,652 1833,616 1753,635 1702,613 1658,630 1543,593 1463,608 1417,586"/>
                <Baseline points="1422,632 1450,633 1478,634 1506,636 1535,638 1563,641 1591,643 1620,645 1648,648 1676,651 1705,655 1733,659 1761,662 1789,667 1818,670 1846,675 1874,679 1903,686 1931,691 1959,696 1988,702"/>
                <TextEquiv>
                    <Unicode>thüschen appothegkers hußfrauwen</Unicode>
                </TextEquiv>
            </TextLine>
            <TextLine id="r2l5" custom="readingOrder {index:4;}">
                <Coords points="1385,698 1446,725 1563,696 1627,739 1775,724 1820,754 1898,747 1994,784 2003,705 1893,720 1782,676 1492,675 1392,637"/>
                <Baseline points="1398,690 1427,692 1456,693 1486,695 1515,696 1544,699 1574,701 1603,704 1632,705 1662,709 1691,712 1720,715 1750,719 1779,722 1808,727 1838,731 1867,735 1896,740 1926,745 1955,752 1985,758"/>
                <TextEquiv>
                    <Unicode>das er nitt zu villgmeinschen</Unicode>
                </TextEquiv>
            </TextLine>
            <TextLine id="r2l6" custom="readingOrder {index:5;}">
                <Coords points="1444,770 1622,765 1769,795 1837,787 1896,812 1939,804 1969,830 2009,828 2015,780 1990,791 1884,744 1821,754 1773,724 1632,738 1581,705 1450,720"/>
                <Baseline points="1457,744 1484,747 1511,749 1538,752 1565,753 1592,755 1619,757 1647,759 1674,761 1701,764 1728,767 1755,770 1782,773 1809,777 1837,782 1864,785 1891,791 1918,796 1945,803 1972,809 2000,818"/>
                <TextEquiv>
                    <Unicode>nitt ira gebruche, vnd sich Ich</Unicode>
                </TextEquiv>
            </TextLine>
            <TextLine id="r2l7" custom="readingOrder {index:6;}">
                <Coords points="1407,816 1445,807 1504,835 1551,814 1596,852 1663,848 1687,828 1718,847 1783,845 1800,865 1864,847 1962,884 1989,883 1995,830 1853,790 1721,801 1623,762 1568,778 1495,761 1468,778 1411,772"/>
                <Baseline points="1419,801 1447,804 1475,807 1503,808 1531,810 1559,812 1587,813 1615,815 1643,816 1671,818 1699,821 1727,824 1755,826 1783,829 1811,833 1839,837 1867,842 1895,848 1923,854 1951,862 1980,870"/>
                <TextEquiv>
                    <Unicode>entzüchen ires huses, wan sy</Unicode>
                </TextEquiv>
            </TextLine>
            <TextLine id="r2l8" custom="readingOrder {index:7;}">
                <Coords points="1399,895 1457,875 1500,906 1540,881 1581,895 1600,881 1646,908 1730,890 1877,928 1924,917 1950,944 1982,937 1988,882 1945,884 1865,847 1808,867 1711,839 1597,852 1550,814 1507,838 1463,818 1430,837 1406,827"/>
                <Baseline points="1413,861 1441,863 1469,864 1497,866 1525,867 1553,870 1581,871 1609,874 1637,876 1665,879 1693,881 1721,884 1749,888 1777,891 1805,895 1833,898 1861,902 1889,907 1917,911 1945,916 1973,921"/>
                <TextEquiv>
                    <Unicode>aber siner rhats und hilff</Unicode>
                </TextEquiv>
            </TextLine>
            <TextLine id="r2l9" custom="readingOrder {index:8;}">
                <Coords points="1384,950 1439,936 1515,971 1571,946 1596,962 1641,947 1668,970 1734,950 1774,975 1946,982 1998,1014 2004,960 1954,950 1926,918 1810,928 1732,890 1647,914 1612,888 1577,907 1442,885 1390,900"/>
                <Baseline points="1398,918 1427,920 1457,921 1486,923 1516,924 1545,926 1575,929 1604,931 1634,933 1663,936 1693,940 1723,943 1752,946 1782,950 1811,954 1841,959 1870,963 1900,967 1929,972 1959,977 1989,983"/>
                <TextEquiv>
                    <Unicode>mangelbar sin wurde, wie</Unicode>
                </TextEquiv>
            </TextLine>
            <TextLine id="r2l10" custom="readingOrder {index:9;}">
                <Coords points="1390,1013 1460,993 1513,1016 1703,1017 1743,1043 1802,1024 1888,1030 1981,1075 1988,1009 1778,978 1714,949 1673,970 1642,947 1596,962 1569,946 1520,970 1430,937 1395,954"/>
                <Baseline points="1404,987 1432,987 1461,987 1489,987 1518,989 1546,990 1575,991 1603,993 1632,995 1660,998 1689,1001 1717,1004 1746,1007 1774,1011 1803,1015 1831,1019 1860,1022 1888,1026 1917,1031 1945,1035 1974,1040"/>
                <TextEquiv>
                    <Unicode>sin beide alles mitt dem ent¬</Unicode>
                </TextEquiv>
            </TextLine>
            <TextLine id="r2l11" custom="readingOrder {index:10;}">
                <Coords points="1393,1074 1479,1062 1562,1090 1695,1072 1748,1092 1774,1079 1826,1111 1914,1095 1971,1123 1976,1066 1885,1030 1739,1045 1704,1017 1663,1036 1599,1005 1512,1019 1459,992 1400,1010"/>
                <Baseline points="1407,1050 1434,1049 1462,1049 1490,1049 1518,1050 1545,1052 1573,1053 1601,1055 1629,1057 1656,1060 1684,1063 1712,1066 1740,1069 1767,1073 1795,1077 1823,1080 1851,1085 1878,1087 1906,1091 1934,1094 1962,1098"/>
                <TextEquiv>
                    <Unicode>schuldiget, alls ob sy sinen</Unicode>
                </TextEquiv>
            </TextLine>
            <TextLine id="r2l12" custom="readingOrder {index:11;}">
                <Coords points="1386,1122 1474,1155 1541,1124 1689,1156 1746,1133 1814,1139 1989,1205 1998,1112 1983,1107 1770,1111 1731,1082 1683,1098 1628,1070 1562,1091 1524,1069 1487,1090 1465,1068 1391,1076"/>
                <Baseline points="1398,1109 1427,1110 1456,1111 1485,1112 1514,1113 1544,1116 1573,1118 1602,1120 1631,1122 1660,1124 1690,1127 1719,1131 1748,1133 1777,1137 1806,1140 1836,1144 1865,1148 1894,1152 1923,1155 1952,1160 1982,1164"/>
                <TextEquiv>
                    <Unicode>zu abrichtung ires mans haus</Unicode>
                </TextEquiv>
            </TextLine>
            <TextLine id="r2l13" custom="readingOrder {index:12;}">
                <Coords points="1745,1175 1774,1172 1782,1178 1787,1174 1799,1185 1817,1181 1828,1183 1834,1146 1806,1139 1793,1146 1777,1139 1768,1140 1760,1146 1749,1144"/>
                <Baseline points="1757,1167 1787,1173 1817,1176"/>
                <TextEquiv>
                    <Unicode>Ellig</Unicode>
                </TextEquiv>
            </TextLine>
            <TextLine id="r2l14" custom="readingOrder {index:13;}">
                <Coords points="1396,1190 1467,1182 1550,1201 1580,1184 1780,1223 1841,1212 1930,1245 1978,1237 1982,1197 1928,1173 1846,1191 1651,1164 1599,1133 1497,1153 1403,1126"/>
                <Baseline points="1410,1166 1437,1168 1465,1170 1493,1173 1521,1175 1549,1179 1577,1181 1605,1183 1633,1185 1661,1189 1689,1192 1716,1195 1744,1198 1772,1202 1800,1205 1828,1210 1856,1213 1884,1218 1912,1221 1940,1227 1968,1232"/>
                <TextEquiv>
                    <Unicode>man Tillmans briegs sachen</Unicode>
                </TextEquiv>
            </TextLine>
            <TextLine id="r2l15" custom="readingOrder {index:14;}">
                <Coords points="1395,1251 1523,1251 1576,1275 1645,1255 1807,1293 1890,1279 1993,1295 1996,1269 1959,1240 1856,1231 1842,1214 1793,1234 1750,1205 1694,1230 1647,1191 1402,1187"/>
                <Baseline points="1410,1224 1438,1227 1467,1231 1495,1233 1524,1235 1553,1239 1581,1242 1610,1244 1639,1246 1667,1250 1696,1252 1725,1254 1753,1257 1782,1261 1811,1264 1839,1268 1868,1271 1897,1276 1925,1280 1954,1284 1983,1289"/>
                <TextEquiv>
                    <Unicode>nöttürfftig, der zum besten da¬</Unicode>
                </TextEquiv>
            </TextLine>
            <TextLine id="r2l16" custom="readingOrder {index:15;}">
                <Coords points="1385,1312 1529,1302 1576,1326 1608,1311 1679,1341 1792,1337 1808,1354 1852,1335 1957,1346 1960,1314 1885,1279 1784,1303 1662,1280 1633,1257 1571,1277 1531,1253 1495,1270 1461,1248 1390,1257"/>
                <Baseline points="1398,1293 1425,1295 1452,1297 1480,1299 1507,1301 1535,1302 1562,1305 1590,1307 1617,1308 1645,1310 1672,1313 1699,1315 1727,1317 1754,1319 1782,1322 1809,1324 1837,1328 1864,1331 1892,1334 1919,1337 1947,1341"/>
                <TextEquiv>
                    <Unicode>rumb wüste, mag er vor</Unicode>
                </TextEquiv>
            </TextLine>
            <TextLine id="r2l17" custom="readingOrder {index:16;}">
                <Coords points="1374,1373 1586,1394 1751,1386 1778,1406 1860,1399 1958,1424 1980,1415 1984,1366 1937,1374 1880,1334 1810,1355 1737,1332 1679,1341 1606,1309 1526,1314 1498,1336 1454,1331 1434,1307 1377,1325"/>
                <Baseline points="1386,1361 1415,1360 1444,1361 1473,1361 1503,1361 1532,1363 1561,1365 1590,1367 1620,1368 1649,1371 1678,1373 1707,1376 1737,1378 1766,1382 1795,1384 1824,1388 1854,1390 1883,1393 1912,1396 1941,1398 1971,1401"/>
                <TextEquiv>
                    <Unicode>dem laden mitt ira reden</Unicode>
                </TextEquiv>
            </TextLine>
            <TextLine id="r2l18" custom="readingOrder {index:17;}">
                <Coords points="1384,1450 1425,1436 1454,1457 1572,1449 1614,1473 1716,1440 1814,1482 1846,1473 1936,1501 1985,1497 1991,1429 1898,1405 1770,1409 1750,1385 1585,1395 1391,1367"/>
                <Baseline points="1398,1415 1428,1416 1458,1418 1489,1419 1519,1422 1550,1424 1580,1427 1611,1430 1641,1432 1672,1436 1702,1438 1733,1440 1763,1444 1794,1448 1824,1450 1855,1453 1885,1455 1916,1458 1946,1460 1977,1461"/>
                <TextEquiv>
                    <Unicode>damitt ergernus vermitt blybe</Unicode>
                </TextEquiv>
            </TextLine>
            <TextLine id="r2l19" custom="readingOrder {index:18;}">
                <Coords points="1361,1602 1429,1571 1500,1573 1527,1602 1674,1580 1779,1622 1897,1601 1962,1625 1968,1533 1898,1517 1871,1538 1787,1532 1748,1550 1632,1513 1566,1533 1532,1511 1366,1523"/>
                <Baseline points="1374,1572 1404,1571 1434,1571 1465,1571 1495,1571 1526,1572 1556,1574 1587,1575 1617,1578 1648,1580 1678,1581 1709,1583 1739,1587 1770,1590 1800,1593 1831,1594 1861,1598 1892,1600 1922,1602 1953,1604"/>
                <TextEquiv>
                    <Unicode>Zedel an predicanten zu Muri.</Unicode>
                </TextEquiv>
            </TextLine>
            <TextLine id="r2l20" custom="readingOrder {index:19;}">
                <Coords points="1371,1637 1465,1645 1500,1618 1542,1652 1615,1647 1640,1669 1684,1636 1733,1632 1767,1661 1851,1650 1969,1675 1972,1629 1916,1605 1892,1624 1808,1597 1724,1605 1676,1582 1536,1603 1500,1574 1456,1574 1373,1595"/>
                <Baseline points="1383,1623 1411,1623 1440,1623 1469,1625 1498,1625 1527,1626 1555,1626 1584,1628 1613,1629 1642,1631 1671,1631 1699,1634 1728,1635 1757,1637 1786,1639 1815,1642 1843,1644 1872,1648 1901,1651 1930,1655 1959,1659"/>
                <TextEquiv>
                    <Unicode>sölle Uli Fischer von Arouw.</Unicode>
                </TextEquiv>
            </TextLine>
            <TextLine id="r2l21" custom="readingOrder {index:20;}">
                <Coords points="1365,1692 1425,1677 1481,1702 1577,1680 1609,1711 1645,1688 1689,1692 1714,1720 1774,1705 1859,1727 1918,1701 1955,1710 1957,1666 1765,1661 1734,1633 1642,1662 1623,1647 1556,1657 1505,1620 1466,1642 1367,1639"/>
                <Baseline points="1376,1677 1404,1677 1432,1677 1461,1677 1489,1677 1518,1679 1546,1679 1574,1680 1603,1682 1631,1683 1660,1684 1688,1686 1716,1688 1745,1690 1773,1691 1802,1693 1830,1695 1858,1697 1887,1699 1915,1700 1944,1703"/>
                <TextEquiv>
                    <Unicode>und fronegk Custor von Win¬</Unicode>
                </TextEquiv>
            </TextLine>
            <TextLine id="r2l22" custom="readingOrder {index:21;}">
                <Coords points="1359,1750 1469,1766 1503,1743 1568,1763 1637,1743 1707,1768 1738,1747 1842,1793 1961,1796 1988,1788 1992,1698 1858,1726 1808,1708 1750,1724 1646,1689 1607,1714 1578,1682 1475,1706 1419,1678 1361,1693"/>
                <Baseline points="1371,1736 1401,1736 1431,1736 1462,1736 1492,1736 1523,1737 1553,1738 1583,1739 1614,1740 1644,1740 1675,1742 1705,1743 1735,1745 1766,1746 1796,1748 1827,1749 1857,1751 1887,1753 1918,1754 1948,1757 1979,1758"/>
                <TextEquiv>
                    <Unicode>ter thur, ir bezogne ehe ynse sich</Unicode>
                </TextEquiv>
            </TextLine>
            <TextEquiv>
                <Unicode>Adern.
Hauptman Rubeli ist verwarnen
vor Margrett Fry, anderes den
thüschen appothegkers hußfrauwen
das er nitt zu villgmeinschen
nitt ira gebruche, vnd sich Ich
entzüchen ires huses, wan sy
aber siner rhats und hilff
mangelbar sin wurde, wie
sin beide alles mitt dem ent¬
schuldiget, alls ob sy sinen
zu abrichtung ires mans haus
Ellig
man Tillmans briegs sachen
nöttürfftig, der zum besten da¬
rumb wüste, mag er vor
dem laden mitt ira reden
damitt ergernus vermitt blybe
Zedel an predicanten zu Muri.
sölle Uli Fischer von Arouw.
und fronegk Custor von Win¬
ter thur, ir bezogne ehe ynse sich</Unicode>
            </TextEquiv>
        </TextRegion>
        <TextRegion orientation="0.0" id="r3" custom="readingOrder {index:2;}">
            <Coords points="1962,1910 1962,2063 1992,2063 1992,1910"/>
            <TextLine id="r3l1" custom="readingOrder {index:0;}">
                <Coords points="1951,2026 1969,2027 1978,2024 1986,2016 1993,2020 2004,2019 1994,1922 1969,1922 1953,1931 1942,1932"/>
                <Baseline points="1962,2013 1992,2010"/>
                <TextEquiv>
                    <Unicode>d</Unicode>
                </TextEquiv>
            </TextLine>
            <TextEquiv>
                <Unicode>d</Unicode>
            </TextEquiv>
        </TextRegion>
        <TextRegion orientation="0.0" id="r4" custom="readingOrder {index:3;}">
            <Coords points="2037,386 2037,2610 2694,2610 2694,386"/>
            <TextLine id="r4l1" custom="readingOrder {index:0;}">
                <Coords points="2571,454 2587,452 2595,443 2602,449 2611,447 2629,454 2644,454 2655,445 2670,447 2670,348 2648,353 2642,346 2629,350 2611,346 2582,361 2571,361"/>
                <Baseline points="2582,416 2608,413 2634,413 2660,416"/>
                <TextEquiv>
                    <Unicode>I</Unicode>
                </TextEquiv>
            </TextLine>
            <TextLine id="r4l2" custom="readingOrder {index:1;}">
                <Coords points="2027,517 2178,500 2208,521 2273,491 2388,508 2431,482 2529,494 2546,477 2628,492 2649,484 2647,431 2553,398 2442,425 2395,402 2336,418 2298,402 2214,454 2175,429 2024,449"/>
                <Baseline points="2037,497 2067,496 2097,495 2127,493 2157,491 2187,489 2217,488 2247,486 2277,484 2307,483 2338,482 2368,480 2398,479 2428,477 2458,477 2488,476 2518,474 2548,474 2578,474 2608,474 2639,474"/>
                <TextEquiv>
                    <Unicode>Montag den 23. septembris</Unicode>
                </TextEquiv>
            </TextLine>
            <TextLine id="r4l3" custom="readingOrder {index:2;}">
                <Coords points="2062,552 2245,566 2273,547 2314,572 2394,539 2456,534 2494,554 2583,528 2681,550 2678,486 2548,479 2388,508 2298,508 2264,488 2223,518 2178,498 2060,522"/>
                <Baseline points="2073,552 2102,551 2132,549 2162,546 2192,544 2222,542 2251,540 2281,537 2311,535 2341,534 2371,532 2400,530 2430,528 2460,527 2490,527 2520,525 2549,525 2579,526 2609,527 2639,528 2669,530"/>
                <TextEquiv>
                    <Unicode>184. praeses herr welchert, Carh</Unicode>
                </TextEquiv>
            </TextLine>
            <TextLine id="r4l4" custom="readingOrder {index:3;}">
                <Coords points="2053,631 2151,609 2282,630 2322,596 2365,609 2450,584 2486,604 2630,581 2685,611 2681,552 2590,529 2489,553 2400,540 2331,565 2292,536 2226,574 2171,546 2131,582 2048,560"/>
                <Baseline points="2063,611 2093,608 2123,606 2154,604 2184,601 2215,599 2245,596 2276,593 2306,591 2337,590 2367,587 2397,585 2428,583 2458,581 2489,579 2519,578 2550,576 2580,576 2611,576 2641,576 2672,576"/>
                <TextEquiv>
                    <Unicode>herr knecht, minist ambo civium</Unicode>
                </TextEquiv>
            </TextLine>
            <TextLine id="r4l5" custom="readingOrder {index:4;}">
                <Coords points="2050,681 2135,703 2167,677 2393,700 2435,662 2486,656 2639,675 2676,662 2672,579 2631,596 2498,589 2457,620 2403,589 2315,602 2288,630 2223,608 2048,634"/>
                <Baseline points="2060,671 2090,672 2120,671 2150,671 2180,669 2210,669 2240,668 2271,666 2301,665 2331,663 2361,661 2391,660 2421,658 2451,657 2482,655 2512,653 2542,651 2572,651 2602,648 2632,648 2663,647"/>
                <TextEquiv>
                    <Unicode>Dachselhofer Zechender Wiechsel</Unicode>
                </TextEquiv>
            </TextLine>
            <TextLine id="r4l6" custom="readingOrder {index:5;}">
                <Coords points="2053,760 2069,762 2102,742 2117,756 2135,740 2157,734 2177,745 2225,741 2225,675 2210,672 2190,690 2153,690 2135,703 2111,701 2089,681 2054,678"/>
                <Baseline points="2064,731 2089,732 2114,732 2139,732 2164,732 2189,732 2214,732"/>
                <TextEquiv>
                    <Unicode>mann.</Unicode>
                </TextEquiv>
            </TextLine>
            <TextLine id="r4l7" custom="readingOrder {index:6;}">
                <Coords points="2225,835 2241,835 2252,824 2280,826 2298,811 2357,829 2368,820 2401,842 2417,842 2417,765 2399,767 2373,754 2358,765 2349,760 2322,782 2269,760 2256,769 2225,771"/>
                <Baseline points="2237,809 2265,809 2293,809 2321,809 2349,809 2377,809 2406,810"/>
                <TextEquiv>
                    <Unicode>Stouffen.</Unicode>
                </TextEquiv>
            </TextLine>
            <TextLine id="r4l8" custom="readingOrder {index:7;}">
                <Coords points="2087,900 2309,878 2420,896 2578,878 2616,900 2673,893 2673,829 2567,823 2492,845 2446,812 2391,834 2296,814 2230,852 2155,816 2087,839"/>
                <Baseline points="2099,879 2127,878 2155,878 2183,876 2211,876 2240,876 2268,875 2296,875 2324,875 2352,875 2381,875 2409,875 2437,875 2465,875 2493,876 2522,876 2550,876 2578,876 2606,877 2634,878 2663,878"/>
                <TextEquiv>
                    <Unicode>artman Hordin spricht der ehe</Unicode>
                </TextEquiv>
            </TextLine>
            <TextLine id="r4l9" custom="readingOrder {index:8;}">
                <Coords points="2070,937 2154,964 2449,925 2489,949 2550,926 2634,951 2682,935 2682,894 2612,901 2578,877 2539,895 2488,881 2385,897 2309,878 2070,910"/>
                <Baseline points="2081,929 2110,929 2140,929 2169,928 2199,927 2228,927 2258,926 2287,926 2317,926 2346,924 2376,924 2406,924 2435,923 2465,923 2494,923 2524,923 2553,923 2583,921 2612,923 2642,923 2672,923"/>
                <TextEquiv>
                    <Unicode>an, dorothea harttman, mitt an</Unicode>
                </TextEquiv>
            </TextLine>
            <TextLine id="r4l10" custom="readingOrder {index:9;}">
                <Coords points="2058,1023 2113,1001 2150,1023 2186,1001 2269,1017 2333,999 2357,1017 2437,993 2479,1021 2525,993 2679,1007 2679,940 2582,953 2551,927 2454,962 2415,940 2157,963 2100,935 2058,943"/>
                <Baseline points="2069,987 2098,986 2128,986 2158,984 2188,984 2218,983 2248,983 2278,983 2308,983 2338,983 2368,984 2397,984 2427,984 2457,984 2487,984 2517,986 2547,986 2577,986 2607,986 2637,986 2667,986"/>
                <TextEquiv>
                    <Unicode>zeige, wie das sich hürigen willigen</Unicode>
                </TextEquiv>
            </TextLine>
            <TextLine id="r4l11" custom="readingOrder {index:10;}">
                <Coords points="2065,1063 2129,1076 2261,1057 2312,1080 2374,1053 2481,1069 2517,1048 2682,1073 2682,1016 2568,995 2526,1019 2422,994 2398,1014 2191,1000 2142,1021 2114,1001 2065,1021"/>
                <Baseline points="2076,1043 2105,1041 2135,1041 2165,1041 2194,1041 2224,1040 2254,1040 2283,1040 2313,1040 2343,1040 2373,1040 2402,1041 2432,1041 2462,1041 2491,1041 2521,1042 2551,1043 2580,1043 2610,1044 2640,1044 2670,1046"/>
                <TextEquiv>
                    <Unicode>pfingstags begeben, das er und und</Unicode>
                </TextEquiv>
            </TextLine>
            <TextLine id="r4l12" custom="readingOrder {index:11;}">
                <Coords points="2070,1110 2130,1090 2202,1133 2306,1107 2341,1132 2418,1113 2683,1119 2683,1084 2657,1072 2630,1085 2517,1047 2481,1068 2373,1055 2313,1078 2261,1055 2159,1073 2071,1060"/>
                <Baseline points="2082,1091 2111,1094 2141,1094 2170,1097 2200,1098 2229,1100 2259,1100 2288,1101 2318,1101 2347,1103 2377,1103 2406,1103 2436,1103 2465,1104 2495,1104 2524,1104 2554,1104 2583,1104 2613,1106 2642,1106 2672,1107"/>
                <TextEquiv>
                    <Unicode>die versprecheren zu Stouffen hinder</Unicode>
                </TextEquiv>
            </TextLine>
            <TextLine id="r4l13" custom="readingOrder {index:12;}">
                <Coords points="2073,1161 2146,1155 2181,1178 2201,1160 2234,1194 2280,1166 2317,1199 2472,1175 2575,1200 2613,1165 2681,1170 2682,1118 2658,1104 2582,1130 2561,1112 2441,1128 2417,1112 2388,1136 2314,1111 2168,1129 2131,1091 2074,1108"/>
                <Baseline points="2085,1149 2114,1151 2143,1153 2172,1154 2202,1157 2231,1158 2260,1158 2289,1160 2319,1160 2348,1161 2377,1161 2406,1161 2436,1161 2465,1161 2494,1161 2523,1160 2553,1160 2582,1160 2611,1158 2640,1158 2670,1157"/>
                <TextEquiv>
                    <Unicode>einem hus zusammen khommen, daselbst</Unicode>
                </TextEquiv>
            </TextLine>
            <TextLine id="r4l14" custom="readingOrder {index:13;}">
                <Coords points="2068,1224 2182,1257 2284,1230 2330,1255 2372,1224 2459,1261 2495,1244 2565,1258 2619,1226 2687,1223 2688,1172 2626,1167 2573,1197 2472,1175 2383,1196 2366,1180 2313,1193 2280,1166 2236,1191 2201,1160 2181,1177 2148,1157 2119,1176 2069,1167"/>
                <Baseline points="2079,1211 2108,1212 2138,1214 2168,1215 2198,1216 2228,1217 2257,1217 2287,1218 2317,1218 2347,1220 2377,1220 2406,1220 2436,1221 2466,1221 2496,1221 2526,1221 2555,1221 2585,1221 2615,1221 2645,1221 2675,1221"/>
                <TextEquiv>
                    <Unicode>er sy angesprochen, ob sy ein willen</Unicode>
                </TextEquiv>
            </TextLine>
            <TextLine id="r4l15" custom="readingOrder {index:14;}">
                <Coords points="2083,1299 2415,1285 2477,1316 2570,1283 2660,1295 2660,1240 2621,1228 2559,1261 2497,1243 2460,1261 2376,1223 2334,1258 2239,1238 2167,1259 2131,1231 2083,1230"/>
                <Baseline points="2094,1280 2121,1279 2149,1278 2177,1278 2205,1278 2232,1278 2260,1278 2288,1280 2316,1280 2343,1280 2371,1280 2399,1281 2427,1281 2454,1281 2482,1281 2510,1281 2538,1281 2565,1281 2593,1280 2621,1280 2649,1278"/>
                <TextEquiv>
                    <Unicode>zu im alls er zu ira thragen, da</Unicode>
                </TextEquiv>
            </TextLine>
            <TextLine id="r4l16" custom="readingOrder {index:15;}">
                <Coords points="2080,1360 2141,1340 2194,1361 2291,1344 2320,1372 2355,1339 2465,1339 2613,1340 2657,1362 2677,1358 2677,1283 2595,1290 2569,1314 2542,1294 2452,1317 2392,1290 2284,1282 2258,1302 2225,1280 2080,1302"/>
                <Baseline points="2090,1340 2118,1340 2147,1340 2176,1340 2205,1339 2234,1338 2262,1338 2291,1338 2320,1338 2349,1338 2378,1337 2406,1337 2435,1337 2464,1337 2493,1337 2522,1337 2550,1338 2579,1338 2608,1338 2637,1339 2666,1340"/>
                <TextEquiv>
                    <Unicode>habe sy ime geantworttet, wie sy</Unicode>
                </TextEquiv>
            </TextLine>
            <TextLine id="r4l17" custom="readingOrder {index:16;}">
                <Coords points="2088,1420 2165,1438 2233,1403 2445,1418 2513,1396 2632,1421 2689,1405 2689,1359 2639,1364 2588,1337 2357,1339 2317,1372 2290,1346 2196,1363 2143,1341 2088,1370"/>
                <Baseline points="2099,1395 2128,1395 2157,1395 2186,1395 2215,1395 2244,1395 2273,1395 2302,1395 2331,1395 2360,1394 2389,1394 2418,1394 2447,1394 2476,1394 2505,1394 2534,1394 2563,1395 2592,1395 2621,1395 2650,1397 2679,1397"/>
                <TextEquiv>
                    <Unicode>ein gutten willen zu ime trage, so</Unicode>
                </TextEquiv>
            </TextLine>
            <TextLine id="r4l18" custom="readingOrder {index:17;}">
                <Coords points="2082,1468 2340,1496 2395,1483 2421,1505 2551,1463 2699,1472 2699,1424 2637,1417 2578,1439 2443,1415 2417,1435 2342,1395 2252,1406 2218,1437 2082,1421"/>
                <Baseline points="2093,1458 2122,1460 2152,1462 2182,1463 2211,1464 2241,1464 2271,1464 2300,1464 2330,1464 2360,1464 2390,1464 2419,1464 2449,1464 2479,1464 2508,1463 2538,1463 2568,1463 2597,1462 2627,1461 2657,1461 2687,1463"/>
                <TextEquiv>
                    <Unicode>ver er solt sin des meyttlins vatter</Unicode>
                </TextEquiv>
            </TextLine>
            <TextLine id="r4l19" custom="readingOrder {index:18;}">
                <Coords points="2080,1538 2311,1534 2342,1558 2448,1531 2529,1547 2591,1532 2699,1553 2699,1506 2631,1490 2569,1510 2459,1484 2419,1508 2395,1484 2135,1501 2080,1479"/>
                <Baseline points="2090,1521 2119,1524 2149,1525 2179,1527 2209,1527 2239,1529 2269,1529 2299,1529 2329,1529 2359,1529 2389,1529 2418,1529 2448,1529 2478,1529 2508,1529 2538,1529 2568,1529 2598,1529 2628,1530 2658,1530 2688,1532"/>
                <TextEquiv>
                    <Unicode>darumb fragen und wo der vatter</Unicode>
                </TextEquiv>
            </TextLine>
            <TextLine id="r4l20" custom="readingOrder {index:19;}">
                <Coords points="2088,1609 2150,1622 2207,1587 2335,1630 2487,1593 2595,1613 2687,1603 2688,1552 2404,1533 2342,1557 2300,1533 2223,1566 2183,1543 2088,1541"/>
                <Baseline points="2099,1586 2127,1587 2156,1589 2185,1590 2214,1591 2243,1592 2272,1592 2300,1592 2329,1592 2358,1592 2387,1592 2416,1592 2445,1592 2474,1592 2502,1592 2531,1591 2560,1590 2589,1590 2618,1592 2647,1592 2676,1592"/>
                <TextEquiv>
                    <Unicode>möchte willig sin, so wolle es nitt</Unicode>
                </TextEquiv>
            </TextLine>
            <TextLine id="r4l21" custom="readingOrder {index:20;}">
                <Coords points="2074,1672 2169,1658 2234,1695 2321,1659 2419,1688 2528,1670 2582,1691 2684,1664 2685,1602 2632,1619 2478,1598 2361,1631 2203,1588 2147,1625 2075,1604"/>
                <Baseline points="2085,1653 2114,1653 2143,1653 2173,1653 2202,1654 2232,1655 2261,1655 2290,1655 2320,1656 2349,1656 2379,1656 2408,1658 2437,1658 2467,1659 2496,1659 2526,1660 2555,1661 2584,1662 2614,1662 2643,1664 2673,1664"/>
                <TextEquiv>
                    <Unicode>darwider reden, daruff er zu ira</Unicode>
                </TextEquiv>
            </TextLine>
            <TextLine id="r4l22" custom="readingOrder {index:21;}">
                <Coords points="2086,1747 2234,1721 2302,1747 2461,1730 2505,1761 2535,1732 2595,1726 2641,1761 2687,1737 2688,1662 2586,1695 2529,1671 2417,1690 2370,1672 2214,1698 2155,1656 2086,1680"/>
                <Baseline points="2096,1718 2125,1719 2154,1720 2183,1721 2212,1721 2241,1721 2270,1721 2299,1721 2328,1721 2357,1721 2386,1721 2415,1721 2444,1721 2473,1721 2502,1721 2531,1721 2560,1721 2589,1721 2618,1721 2647,1722 2676,1722"/>
                <TextEquiv>
                    <Unicode>gredt, wan er nitt des vatters sel</Unicode>
                </TextEquiv>
            </TextLine>
            <TextLine id="r4l23" custom="readingOrder {index:22;}">
                <Coords points="2097,1786 2368,1818 2474,1789 2619,1825 2688,1810 2687,1737 2641,1761 2610,1731 2559,1727 2505,1762 2458,1729 2401,1729 2313,1767 2225,1728 2097,1740"/>
                <Baseline points="2109,1781 2137,1782 2165,1784 2194,1785 2222,1785 2250,1785 2279,1787 2307,1787 2335,1787 2364,1785 2392,1785 2420,1785 2449,1784 2477,1784 2505,1784 2534,1784 2562,1782 2590,1782 2619,1782 2647,1782 2676,1781"/>
                <TextEquiv>
                    <Unicode>sonders ira gäre, hiemitt ira ein</Unicode>
                </TextEquiv>
            </TextLine>
            <TextLine id="r4l24" custom="readingOrder {index:23;}">
                <Coords points="2085,1878 2556,1863 2607,1885 2657,1847 2677,1854 2677,1805 2600,1821 2430,1796 2366,1818 2144,1787 2084,1812"/>
                <Baseline points="2096,1848 2124,1848 2153,1847 2181,1847 2210,1845 2238,1845 2267,1845 2295,1844 2324,1844 2352,1842 2381,1842 2410,1842 2438,1842 2467,1842 2495,1842 2524,1842 2552,1842 2581,1843 2609,1844 2638,1845 2667,1847"/>
                <TextEquiv>
                    <Unicode>berudikpfennig uff die Ehehin ge¬</Unicode>
                </TextEquiv>
            </TextLine>
            <TextLine id="r4l25" custom="readingOrder {index:24;}">
                <Coords points="2092,1919 2167,1928 2257,1904 2343,1926 2380,1908 2411,1928 2636,1920 2667,1942 2695,1929 2695,1863 2658,1847 2603,1882 2550,1862 2092,1875"/>
                <Baseline points="2102,1904 2131,1904 2160,1904 2189,1904 2218,1904 2247,1904 2276,1902 2305,1902 2334,1902 2363,1902 2393,1902 2422,1902 2451,1902 2480,1902 2509,1902 2538,1902 2567,1904 2596,1904 2625,1905 2654,1906 2684,1908"/>
                <TextEquiv>
                    <Unicode>votten, welchen sy ime abgenommen,</Unicode>
                </TextEquiv>
            </TextLine>
            <TextLine id="r4l26" custom="readingOrder {index:25;}">
                <Coords points="2104,1977 2186,1964 2439,1983 2479,1959 2683,2000 2684,1936 2640,1918 2296,1923 2257,1905 2104,1929"/>
                <Baseline points="2115,1956 2142,1956 2170,1958 2198,1958 2226,1958 2254,1958 2282,1958 2309,1958 2337,1958 2365,1958 2393,1958 2421,1958 2449,1958 2477,1958 2504,1958 2532,1958 2560,1959 2588,1959 2616,1960 2644,1961 2672,1962"/>
                <TextEquiv>
                    <Unicode>hernach aber, habe sy zur denselben</Unicode>
                </TextEquiv>
            </TextLine>
            <TextLine id="r4l27" custom="readingOrder {index:26;}">
                <Coords points="2100,2036 2140,2017 2170,2042 2203,2025 2252,2039 2312,2018 2508,2015 2613,2046 2659,2036 2660,1992 2519,1980 2478,1959 2447,1981 2325,1994 2273,1977 2222,1992 2187,1974 2101,1978"/>
                <Baseline points="2111,2004 2137,2007 2164,2009 2191,2010 2218,2011 2245,2012 2272,2012 2298,2013 2325,2013 2352,2013 2379,2013 2406,2013 2433,2013 2460,2013 2486,2013 2513,2015 2540,2015 2567,2016 2594,2018 2621,2019 2648,2022"/>
                <TextEquiv>
                    <Unicode>ettliche mal wider bekheren, er</Unicode>
                </TextEquiv>
            </TextLine>
            <TextLine id="r4l28" custom="readingOrder {index:27;}">
                <Coords points="2106,2079 2249,2092 2283,2068 2331,2085 2468,2067 2675,2095 2675,2051 2640,2037 2561,2049 2517,2020 2436,2018 2396,2046 2365,2026 2107,2030"/>
                <Baseline points="2117,2060 2144,2062 2171,2063 2198,2064 2226,2066 2253,2066 2280,2067 2308,2067 2335,2067 2362,2067 2390,2067 2417,2067 2444,2067 2471,2067 2499,2067 2526,2069 2553,2069 2581,2070 2608,2072 2635,2072 2663,2075"/>
                <TextEquiv>
                    <Unicode>aber den selben ira nitt abnemmen</Unicode>
                </TextEquiv>
            </TextLine>
            <TextLine id="r4l29" custom="readingOrder {index:28;}">
                <Coords points="2124,2137 2259,2117 2336,2149 2413,2126 2541,2125 2576,2152 2602,2135 2631,2149 2702,2137 2702,2101 2643,2101 2610,2076 2563,2091 2480,2074 2444,2095 2295,2087 2279,2071 2248,2093 2125,2086"/>
                <Baseline points="2136,2117 2163,2118 2191,2120 2219,2120 2247,2121 2274,2121 2302,2121 2330,2121 2358,2121 2385,2121 2413,2121 2441,2121 2469,2121 2496,2123 2524,2123 2552,2123 2580,2124 2607,2124 2635,2127 2663,2127 2691,2129"/>
                <TextEquiv>
                    <Unicode>wellen, sye noch malen gesinnet</Unicode>
                </TextEquiv>
            </TextLine>
            <TextLine id="r4l30" custom="readingOrder {index:29;}">
                <Coords points="2100,2194 2135,2207 2237,2192 2274,2210 2369,2183 2444,2207 2472,2185 2541,2218 2605,2185 2677,2207 2677,2145 2576,2154 2538,2126 2505,2141 2413,2126 2336,2150 2278,2126 2100,2124"/>
                <Baseline points="2112,2180 2139,2180 2167,2181 2195,2181 2222,2181 2250,2181 2278,2181 2305,2181 2333,2181 2361,2181 2389,2181 2416,2181 2444,2180 2472,2180 2499,2180 2527,2180 2555,2180 2582,2180 2610,2180 2638,2181 2666,2181"/>
                <TextEquiv>
                    <Unicode>ira sin zusagen zehalten, und den</Unicode>
                </TextEquiv>
            </TextLine>
            <TextLine id="r4l31" custom="readingOrder {index:30;}">
                <Coords points="2080,2255 2137,2250 2232,2283 2305,2262 2329,2278 2461,2253 2543,2263 2565,2245 2706,2251 2706,2200 2675,2209 2626,2185 2578,2184 2543,2217 2487,2197 2452,2217 2426,2193 2355,2185 2327,2205 2236,2192 2181,2221 2080,2198"/>
                <Baseline points="2091,2244 2121,2244 2151,2244 2181,2244 2211,2246 2241,2246 2271,2246 2302,2246 2332,2246 2362,2246 2392,2246 2422,2245 2452,2244 2482,2244 2513,2244 2543,2244 2573,2243 2603,2243 2633,2241 2663,2241 2694,2241"/>
                <TextEquiv>
                    <Unicode>kilchgang mitt ira Zeuolnbringenn</Unicode>
                </TextEquiv>
            </TextLine>
            <TextLine id="r4l32" custom="readingOrder {index:31;}">
                <Coords points="2073,2331 2176,2347 2232,2306 2294,2299 2683,2347 2685,2250 2537,2275 2462,2252 2402,2283 2304,2261 2222,2279 2074,2265"/>
                <Baseline points="2084,2304 2113,2304 2142,2304 2172,2304 2201,2304 2231,2304 2260,2304 2290,2304 2319,2304 2349,2305 2378,2306 2407,2306 2437,2307 2466,2307 2496,2309 2525,2309 2555,2312 2584,2313 2614,2314 2643,2316 2673,2319"/>
                <TextEquiv>
                    <Unicode>Entgegen, vermeltte dorothea</Unicode>
                </TextEquiv>
            </TextLine>
            <TextLine id="r4l33" custom="readingOrder {index:32;}">
                <Coords points="2082,2384 2236,2391 2292,2372 2328,2391 2400,2373 2634,2409 2692,2396 2693,2354 2549,2318 2460,2349 2377,2324 2345,2341 2273,2323 2251,2338 2083,2333"/>
                <Baseline points="2094,2364 2123,2364 2152,2364 2182,2364 2211,2364 2241,2365 2270,2366 2299,2366 2329,2367 2358,2367 2388,2369 2417,2369 2446,2370 2476,2372 2505,2373 2535,2375 2564,2376 2593,2376 2623,2378 2652,2379 2682,2381"/>
                <TextEquiv>
                    <Unicode>hartman ime dheiner ehezusagung</Unicode>
                </TextEquiv>
            </TextLine>
            <TextLine id="r4l34" custom="readingOrder {index:33;}">
                <Coords points="2087,2432 2120,2446 2429,2428 2475,2451 2539,2435 2581,2452 2601,2434 2658,2438 2659,2403 2408,2379 2326,2391 2291,2372 2130,2400 2088,2388"/>
                <Baseline points="2099,2420 2126,2420 2153,2420 2181,2420 2208,2420 2236,2421 2263,2421 2291,2421 2318,2421 2346,2421 2373,2423 2400,2423 2428,2424 2455,2424 2483,2426 2510,2426 2538,2427 2565,2428 2593,2430 2620,2432 2648,2433"/>
                <TextEquiv>
                    <Unicode>dan uff vorbehalt ires vatters</Unicode>
                </TextEquiv>
            </TextLine>
            <TextLine id="r4l35" custom="readingOrder {index:34;}">
                <Coords points="2082,2496 2203,2482 2273,2505 2364,2484 2430,2503 2463,2486 2494,2508 2527,2486 2677,2499 2694,2497 2695,2438 2600,2434 2580,2452 2517,2438 2481,2457 2429,2430 2082,2437"/>
                <Baseline points="2093,2481 2122,2480 2152,2478 2181,2477 2211,2477 2240,2475 2270,2475 2299,2475 2329,2475 2358,2475 2388,2476 2418,2477 2447,2478 2477,2478 2506,2480 2536,2480 2565,2481 2595,2483 2624,2483 2654,2484 2684,2486"/>
                <TextEquiv>
                    <Unicode>verheissen habe, vnd diewyl nun der¬</Unicode>
                </TextEquiv>
            </TextLine>
            <TextLine id="r4l36" custom="readingOrder {index:35;}">
                <Coords points="2103,2544 2175,2562 2200,2538 2246,2552 2312,2528 2394,2549 2506,2535 2634,2558 2682,2546 2683,2504 2553,2505 2526,2487 2495,2506 2377,2487 2233,2503 2207,2481 2152,2496 2103,2482"/>
                <Baseline points="2115,2531 2142,2531 2170,2531 2198,2531 2226,2531 2254,2529 2282,2529 2309,2529 2337,2529 2365,2529 2393,2529 2421,2529 2449,2529 2477,2529 2504,2531 2532,2532 2560,2532 2588,2534 2616,2536 2644,2538 2672,2541"/>
                <TextEquiv>
                    <Unicode>als sinen willen nitt darzu geben</Unicode>
                </TextEquiv>
            </TextLine>
            <TextLine id="r4l37" custom="readingOrder {index:36;}">
                <Coords points="2099,2591 2209,2608 2434,2592 2484,2628 2535,2609 2597,2627 2646,2594 2705,2604 2706,2551 2465,2562 2347,2537 2285,2560 2100,2556"/>
                <Baseline points="2111,2592 2140,2592 2169,2591 2198,2591 2227,2591 2256,2591 2285,2589 2315,2589 2344,2590 2373,2591 2402,2591 2431,2591 2460,2591 2489,2592 2519,2592 2548,2594 2577,2594 2606,2595 2635,2595 2664,2597 2694,2597"/>
                <TextEquiv>
                    <Unicode>welle. So vermeine sy ir gethane</Unicode>
                </TextEquiv>
            </TextLine>
            <TextEquiv>
                <Unicode>I
Montag den 23. septembris
184. praeses herr welchert, Carh
herr knecht, minist ambo civium
Dachselhofer Zechender Wiechsel
mann.
Stouffen.
artman Hordin spricht der ehe
an, dorothea harttman, mitt an
zeige, wie das sich hürigen willigen
pfingstags begeben, das er und und
die versprecheren zu Stouffen hinder
einem hus zusammen khommen, daselbst
er sy angesprochen, ob sy ein willen
zu im alls er zu ira thragen, da
habe sy ime geantworttet, wie sy
ein gutten willen zu ime trage, so
ver er solt sin des meyttlins vatter
darumb fragen und wo der vatter
möchte willig sin, so wolle es nitt
darwider reden, daruff er zu ira
gredt, wan er nitt des vatters sel
sonders ira gäre, hiemitt ira ein
berudikpfennig uff die Ehehin ge¬
votten, welchen sy ime abgenommen,
hernach aber, habe sy zur denselben
ettliche mal wider bekheren, er
aber den selben ira nitt abnemmen
wellen, sye noch malen gesinnet
ira sin zusagen zehalten, und den
kilchgang mitt ira Zeuolnbringenn
Entgegen, vermeltte dorothea
hartman ime dheiner ehezusagung
dan uff vorbehalt ires vatters
verheissen habe, vnd diewyl nun der¬
als sinen willen nitt darzu geben
welle. So vermeine sy ir gethane</Unicode>
            </TextEquiv>
        </TextRegion>
    </Page>
</PcGts>
