4032 3024
1176 444 1268 528 32.
1386 469 1589 587 Homberg
1273 562 1877 664 Alg den Barbara Galli den Ehebruch
1291 618 1885 721 ab petter schmid irem eheman klagt,
1302 678 1887 775 mitt anzeig, wie er am letst verschicken
1297 716 1865 798 haltten thun marit, nitt numen
1315 762 1883 852 sich bis in die nacht mitt Cathnage
1314 813 1883 914 einer näyerin ze tringkhen verschienen
1302 868 1870 953 tet, sonders ouch sich mitt derselbenn
1309 922 1879 1003 von ander lütten gselschafft zeuerschlegen
1313 979 1877 1068 begärt, unzimliche üppige wysen und
1308 1035 1885 1127 gebärd mitt ira gebrucht, sondern
1288 1086 1876 1178 ouch by derselben in einem höuw
1313 1143 1873 1218 schürli übernacht gelegen unnd
1312 1189 1895 1277 also söllicher wissen an ira ehebrüchig
1350 1241 1882 1322 wordenn begärt derhalben von
1320 1293 1885 1384 ime aller ehelichen banden, uffgelegt
1314 1347 1885 1434 ze werden, entgegen gesagter
1322 1392 1885 1485 schmid ob anzogner klegt, so vill
1318 1444 1893 1535 das tringken und das übernacht
1346 1501 1907 1602 zn im Hüsli belangt, nitt absin
1324 1550 1903 1664 khonnen, hatt aber das er ettwag
1322 1615 1884 1713 tättlichs mitt ira verbracht
1325 1660 1903 1744 mitt anred hin wellen, vnd hierben
1328 1716 1913 1817 sy ouch anklagt, wie sy mitt eine
1342 1773 1855 1875 hren Vattern Knecht der hur
1312 1826 1893 1924 verdacht, dermassen das Ir vatter
1307 1896 1891 1993 denselb knecht verlouben mugen
1328 1945 1899 2041 und also vermeint, wie sy billicht
1330 2008 1904 2102 mer gefalt haben möchte, dan er vnd
1321 2070 1876 2164 hiemitt auch begärt, von ira
1302 2127 1892 2227 Gelicher band uffgelösst zu werden.
1337 2189 1897 2290 Sind sy dem nach wyl dheines uff
1335 2258 1860 2351 das ander den Ehebruch mitt
1331 2312 1874 2414 gnugsammer khundtschafft, erzeitt
1321 2370 1913 2466 alls ehelütt zusammen bekent, worden
1338 2424 1911 2539 vund ime uffhunden, das er sich fürhin
2453 329 2556 411 133.
1949 375 2521 564 sich diesen ein gedenen
1953 438 2521 621 delche des ein von denen
1961 482 2578 683 derlichen der eine
1971 541 2576 715 nüge gsamen werden laßen, dene
1982 597 2584 773 all jede parchi iren roffen an ira
1979 652 2573 829 vesten ander halten und
1975 707 2585 885 seines wie sie nichten
1977 780 2586 947 gschen, so by imme im heüwschürten
1976 837 2582 1001 übernacht gsin, von siner fülleren
1988 913 2591 1054 wegen, mitt gefangenschafft ge¬
1991 977 2631 1120 strafft werden, allen auch die näyerin
1975 1034 2632 1176 wan sy ze betretten, derhalben dem
1977 1099 2629 1241 schultzung zu thun geschriben worden.
1994 1168 2556 1311 tlichen gegen deren zu erstatten.
