4032 3024
1284 328 1416 431 164
1418 398 1994 549 dlich darnach sy kumpffen anträte
1428 487 1989 618 vnd Ime gesagt, er solle sin tochtet
1409 546 1985 661 fry helffen (dan vff ein zytels
1424 606 1992 721 sy inne kampff geartznet, habe
1392 663 1987 771 Ira selbs bekandt, das er die glaub¬
1431 730 1971 822 mann, aufm habe) da er fra
1412 770 1971 877 gleichet. Die Blöchlinen und sy
1417 840 1973 934 habendt auch Houpina Rubel zu
1414 889 1982 987 Koufflüthen, in mitts zwüsche de
1416 940 1985 1035 glanzmann, vnd he Jungfrauw sitzen
1409 998 1978 1097 hab alwägen eine nach der anders Küste
1383 1043 1962 1150 Die herlocherd und sy sachendt
1405 1119 1979 1216 uff ein zyt zum hauser yn, das ustri
1421 1179 1959 1251 der scheydes, die glautzmannind an
1407 1223 1967 1316 armen hat sya Rust und uff ein
1399 1276 1937 1375 gutschli worff. Man solle auch
1402 1331 1974 1431 Santhers Jungfrauw fragen, wie es
1430 1394 1943 1491 der schafft schärers gangen syn.
1541 1455 1678 1563 Ean
1361 1528 1951 1645 Wilhelm von Wald, und Lienhart
1382 1606 1931 1694 Trempter Brängartter Zugen,
1355 1652 1932 1745 Das sey Jacob Finder, vnd de
1387 1709 1931 1799 Henzine im Brëngartts Im
1380 1761 1929 1853 gestris bey ein anders funden
1383 1787 1954 1906 da sy fürgäbe, wie sy verschynnds
1387 1867 1937 1962 tags, als sy hantzins grosers
1375 1917 1952 2008 ein fläschen Erlore, die suchende
1363 1947 1986 2068 so iezund, habende sy da auch belegen
1507 2064 1678 2168 Bern
1327 2124 1943 2249 Rüngeli Lyser, clagt ab Jacob
1360 2203 1930 2303 Kinder irem ehemmen, wie er über
1372 2263 1951 2350 alle se pott vnd warnung so ime
1355 2307 1962 2404 durch muege hin beschächen den
1379 2361 1941 2454 er sich der Hentzins gantz von
1359 2411 1934 2512 gar entzüchen solle, by iren
1356 2447 1961 2562 Im Brängarts in studen fur
1369 2523 1924 2618 worde allein der halb
1354 2572 1927 2678 begärt, nach Inhadt der setzen
2593 360 2702 445 265.
2650 424 2696 489 .
2098 399 2648 532 ader ehelichen banden vnd Ime
2671 486 2707 536 .
2093 477 2672 585 ledig erkhendt zu werden, daß
2104 535 2680 640 er nit lougnen khönne, sonders
2129 589 2720 690 umb verzichung gebätte. Cogni
2093 643 2737 753 tum. Diewyl sich durch kinder¬
2088 705 2674 819 schafft erfindt, er selbs ouch nit
2087 757 2704 878 pelangen khan, das er in solliches
2092 833 2683 943 ergerönige ders by zu allein
2089 881 2666 975 über alle verwarnung fur den
2052 938 2681 1053 worden, vnd also der ehebrucht
2084 991 2651 1088 mit schyn der warheit sich
2084 1057 2707 1156 nit belongue khan, sy ime auch
2083 1114 2693 1206 nin welle erzichen, haben wir
2076 1172 2708 1277 sy uß Grafft hierob gemachter
2077 1230 2651 1336 sezung, aller ehrlichen band
2075 1269 2684 1394 vnd ein andere ledig erkhendt
2064 1357 2689 1448 inne beider sydts erpotten, sy a
2079 1418 2682 1513 sich vd eine halbe, er sich vor
2079 1462 2696 1552 ander halben jar nit widerumb
2070 1525 2711 1631 zuuerehrlichen sollendt auch zu vor¬
2075 1592 2719 1684 alhie erlauff uns nemme. Insonders
2074 1648 2714 1752 er, soll die person so er willens
2073 1708 2653 1798 Zeeliche alhie für thorgricht
2085 1762 2659 1857 stells dann und ira khönne
2077 1825 2710 1917 für haltte, wie er sich mit sind
2083 1885 2645 1980 wyberen so gar vngepürlich
2080 1938 2683 2032 gehaltte, vnd ob sy es aber die
2077 1992 2681 2084 mit ime waren wolle. Er soll
2085 2050 2693 2151 auch ira 3 kron an den ersten
2072 2120 2360 2212 zustür geben
2204 2197 2572 2333 Niderwychstrach.
2055 2320 2687 2442 Jacob Gfeller ist ingeleit
2128 2393 2362 2471 worden.
