4032 3024
1629 376 2207 527 Hambstag den 22. octobris 177.
1580 446 2002 585 Praesens H. Bochdi
1574 544 1890 628 minist. ambo.
1568 599 2209 713 ciniren hr. Rüsch dachselhcher.
1577 660 2014 764 Rantz Hoffstetter.
1746 797 2216 921 Gastgricht. Lienacheren
1562 949 2196 1042 Alls dan min gnädig herren
1586 1015 2190 1114 minen herren den chorrichterenn
1583 1069 2214 1168 beuolchen, das sy petter Heinig
1610 1136 2203 1239 deß schrybers zu übersche frouw
1606 1194 2215 1286 von irer dochter wegen günstig.
1602 1257 2229 1366 verhören und vernommen und demnach
1588 1323 2223 1435 zu gnaden ires bscheide darüber
1598 1402 1957 1512 verstendigen söllind,
1605 1490 2244 1607 Also ist sy befragt worden, was in
1619 1572 2233 1665 zu wüssen, Irer dochter grossen buchs
1610 1620 2205 1712 halb, und uss wachs ursach sy
1591 1682 2238 1787 ir dochter den abthritt uns ir gnaden
1605 1747 1890 1842 land genommen,
1605 1818 2245 1941 hatt sy des ersten artikels halb anzeigt,
1619 1919 2233 1995 wie war das ein gschrey gangen
1610 1965 2247 2058 wie in döchter mitt dem khind gange
1610 2011 2214 2117 und sy selbs habe vermeint, das
1614 2076 2244 2186 sy schwanger wäre, deßhalb an sye
1627 2132 2234 2251 mitt rüche, vnd gutte an sy gerathen
1598 2193 2234 2306 das sy ira die warheit anzeigt,
1627 2247 2233 2356 habe sy alwegen ira zu antwort
1627 2297 2265 2429 geben, sy wüße nitt, das sy mitt keinem
1621 2354 2253 2487 kind gangen, welches sy aber ira
1630 2419 2220 2550 nitt glouben wollen, und deßhalb
1627 2468 2238 2598 andere wybs bilder zu ira gelegt
2958 278 3045 356 21.
2343 321 3040 477 ob dieselben ettwan by ira erfharen
2352 390 3070 519 mochten, ob sy mitt dem kindseitige
2356 439 3031 581 oder nitt, habend dieselben personen
2344 484 3068 631 Ia dhein bscheid geben können, zu den
2362 559 3036 690 habe sy ettwan die mutter. In
2355 606 3047 742 haupt in ir dochter uff schoß gelegt,
2341 671 3049 792 dardurch zu erfharen, ob sy ettwan
2352 726 3048 858 geschen eines khindes inen werden
2362 782 3036 885 und gespüren möchte, sy habe
2353 836 3048 943 aber nie kein anzeigung von der
2360 897 3012 992 kind mögen innen werdenn
2346 947 3040 1060 Aber sy wüsse wol, das einest ir
2339 1002 3036 1127 Dochter 10 wuchen lang Meistrac
2338 1062 3030 1194 gelaboriert, die habend ein kleine
2349 1118 3031 1228 wyl uffgehört, bald widerumb
2343 1164 3047 1307 angehept, und 14 tag lang gewert
2319 1226 3035 1354 daruff sy ungevarlich by einem
2327 1303 3052 1421 jar verstopft bliben, das sy dero nütt
2339 1355 3033 1459 krank gsin, biss sy einsmals ein
2358 1409 2997 1534 wösch weschen wöllen, und im
2364 1465 3037 1577 bach gestanden, dauon sy erfroren
2353 1530 3029 1645 und der pflich erweicht, also des
2358 1591 3033 1706 sy zu huss gan müssen, sy sich übel
2356 1659 3051 1762 geklagt, und sy menstrung mitt
2350 1723 3026 1830 huffen von ira gangen, und über
2358 1780 3002 1879 die bein abgfloßen, das etan
2362 1833 3029 1930 wol hatt sagen mögen, es syen
2363 1898 3036 1998 massen in der stuben gsechen worden
2369 1957 3028 2052 alle einer frouwen die geboren
2363 2012 3056 2126 hatt, denselben tag sy krank gelegen
2376 2075 3036 2179 morndes aber früy uffgstanden
2363 2129 3043 2240 an die arbeitt gengen. vnd die hussach
2381 2205 3036 2285 helffen verrichten, aber von keinem
2379 2263 3063 2350 kind das sy geboren habe, wüße sy
2375 2315 3081 2410 nütt, so war ira gott helff, daru
2382 2368 2691 2463 welle sy selben
