4032 3024
1244 333 1352 423 362.
1457 365 1783 493 Münstigen
1353 452 1965 607 Margren Kipfer, hatt vmb
1373 519 1967 672 inen fäller fünff tag zighen.
1382 598 1756 708 genschafft absicht,
1517 714 1665 824 Bern.
1338 734 1963 906 der Flammera ein zedel ann
1317 828 1921 948 haltter, das er uff nechst.
1350 887 1948 1003 künfftige montag alhie vor
1331 942 1839 1067 fhorgricht erschynen.
1482 1066 1615 1141 Bern.
1352 1083 1949 1211 Demnach ein gros gaben schrey gangen,
1358 1173 1962 1268 und argwon by mengklichem entstande
1351 1216 1937 1308 von wegen das houptman Rubeli
1364 1252 1949 1348 vill zuzugs, in des thüschen appo¬
1373 1315 1960 1392 Heggers huß gehapt, in des appo
1374 1357 1948 1438 Heggers abwäsen, vil zyth by
1362 1411 1934 1497 tag und nacht früy, und statt
1357 1452 1940 1542 da us und yngangen, das sy
1349 1508 1959 1593 auch ettliche mal ein anderen Recht
1353 1559 1921 1641 die hend trugkt, und es Rubeli
1349 1612 1939 1693 ira sölle zum fürthuch griffenn
1363 1667 1920 1744 haben. Item das Rubeli eines
1361 1711 1951 1799 morgens früy, wie der appothen ge
1349 1765 1925 1846 nitt anheimbs gsin zu einer
1351 1815 1938 1908 brochnen schyben soll usguget haben.
1348 1863 1957 1962 und nach dem man khundtschafft
1354 1923 1933 2002 hierüber verhört, hatt sich durch
1331 1974 1921 2063 dieselb nitt befinden mögen, das
1346 2032 1933 2116 neüweg thättlichs vergangen sye,
1314 2083 1950 2167 Ist sy uff hütt vor Rübeli gewarnet,
1351 2135 1923 2213 und ira anzeigt worden sy sölle.
1338 2184 1947 2266 Rubeli desto fürer dissen laßen,
1351 2227 1935 2318 so werde das gschrein auch nachlag
1329 2261 1919 2361 Item sy solle dero niemandts
1334 2335 1940 2419 so wider sy möchten kundtschafft
1334 2383 1950 2474 geredt haben, darumb weder scherchen
1345 2435 1938 2519 noch schelten und des übeler wollen.
1342 2485 1945 2558 Item sy solle ouch ein ir khindeit
1313 2526 1942 2626 so ruch und schnöd haltten, sonder
2630 360 2735 466 363.
2124 418 2698 516 mitt khindtlicher blödigkeitt, ein
2160 469 2735 563 ittlich haltten. Item sy solle sich
2114 516 2168 563 n
2118 514 2748 625 uuch flyßiger zu des herren thischen
2102 583 2275 672 befugen
2236 653 2396 762 Coppet.
2094 701 2704 820 pernette milliet von Myen, hatt
2088 793 2725 873 sihan quay dict massen, auch von
2088 838 2729 926 Mye der Eheansprochen, mitt an¬
2095 889 2752 970 zeig, wie er verndrigen jars, allen
2095 944 2743 1036 sy mitt einanderen von versapkhen
2093 998 2749 1106 uff fryer strafen die ehe verzeigen und
2099 1067 2747 1160 ein privillioli daruff gebenn etc.
2077 1127 2736 1229 Entgegen der gedachte zuhan gnad
2091 1186 2746 1284 ira keiner ehezusagung bekhandtlich
2083 1253 2735 1326 sin wellen, vill minder das er ira
2089 1304 2718 1393 ützit darffer geben habe, so vill die
2065 1365 2735 1460 parpilliolle anbelangt, habe er ira
2061 1436 2730 1524 dieselb vff bezallung zweyer cartt
2065 1497 2735 1591 so er mitt ira im bei still gloren
2080 1561 2732 1637 geben, vnd zeigt hiebe an wie er
2081 1614 2726 1703 ira nütt wolle, cognitu, die wyl
2077 1691 2681 1772 die Clegerin den versprecher, mitt
2062 1745 2718 1841 keiner khundtschafft underrichten mögen
2066 1807 2699 1896 das sy ime die ehe verheissen, solle
2071 1869 2727 1977 dieselb uffgehapt, und jedem erlaupt
2072 1928 2726 2038 sin, das es sich anderhart rechtlichen
2060 1995 2672 2100 möge, denne solle jede parchen
2050 2071 2703 2165 Iren erlittnen costen an ira selbs
2068 2111 2219 2211 haben.
