4032 3024
1665 387 1801 501 Dern.
1537 495 2223 638 Alls dan der Schärer knecht, so by lassen
1579 569 2192 675 forcht gedienet, parthli Heyller ge
1593 628 2213 742 nampt verschreyt, das er dien
1580 686 2229 816 In der Statt alhie die ehe verheyssen
1591 753 2206 861 hatt man hieruff die gesagten
1592 804 2212 896 personen, mitt denen er in gschrey
1589 863 2222 960 gsin, beschikt und zum ersten ist
1586 931 2214 1024 Elsbett Schaller verhört worden
1605 980 2211 1075 welche anzeigt, er habe sya wol
1598 1038 2220 1137 der ehe aussprochen und syn wil
1598 1105 2222 1209 lig gsin, alle er aber imme vorbe¬
1608 1166 2222 1261 haltten, er welle noch mer mitt
1603 1232 2220 1334 ira reden, habe sy angfangen in
1604 1287 2210 1389 ein bösen zwyfel khon, und imme
1589 1356 2227 1468 daruf ergotten, sy welle sinen
1616 1437 2243 1536 woll alls wenig, allger ira sonst
1603 1496 2251 1607 habe er in mitt uff die ehegeben
1598 1573 2250 1665 derhalben es mitt uff sine redenn
1582 1626 2233 1742 gehafftett. Coquitum, die wylen
1610 1706 2214 1808 nitt gestendig, das er ime weder
1607 1774 2242 1855 wortt zeichen geben, noch die hand
1611 1824 2233 1925 uff die ehe gerekt habe, so wolle
1606 1892 2178 1986 man es darby belyben laßen,
1613 1943 2262 2040 So vill aber Gerorgensten dienst
1612 2003 2232 2102 magt anbelangt, zeigt dieselb an
1606 2062 2239 2165 das er sy woll umb die ehe au
1621 2127 2278 2236 gesprochen, sy habe aber ime nüt
1621 2185 2281 2296 ve heyßen wollen, betreffende aber
1621 2245 2284 2369 Cunradt Selosen Jungfrauw, welchen
1645 2324 2263 2446 von dies ist, sagt dieselb, wie sy
1630 2373 2266 2513 ein anderen die Ehe uffrecht, vnd redlich
2322 329 3030 511 verheysen habe, doch mitt gedingen
2317 401 3030 555 wo er zu viel möge angenommen
2338 518 2524 615 werden
2441 630 2637 755 Künitz.
2265 695 3023 864 Der Fryweybel Gasser, sölle,
2308 767 3021 901 Hanns Willenegger und Mar¬
2349 817 3060 985 grett Schrötter alhar in gfangen,
2343 887 3022 1046 schafft vermögen, Iren fäller,
2350 952 3004 1097 so sy mitt einanderen inn
2341 1016 3043 1170 fibri vergangen, abzebrigen, denne
2340 1080 3060 1220 Sölle er auch eine genampt Barben
2351 1179 3051 1296 so kurtzlich zu oberwangen, einen
2341 1246 3064 1361 kindts gewesen, alhar für Chorgricht
2342 1335 2589 1438 betagenn.
