4032 3024
1295 431 1877 558 das sy ime dieselb, ehelich ver¬
1293 530 1882 619 truwen weltind, habe sich do
1304 578 1886 671 malen, sy die frund den wolge¬
1294 629 1859 721 lerten herren die percollet
1307 683 1889 776 predicanten zu Corsier zu heben
1315 745 1905 850 berüfft, und nach dem sy befunden
1303 811 1884 915 das sy domalen, erst in das
1298 871 1917 977 dry zeichend jar gangen, habind
1305 947 1912 1051 sy, wyl es wider gottes des
1297 1009 1876 1122 herren und einer gnädigen
1304 1073 1912 1177 oberkeyt satzung, ja der natur
1291 1154 1882 1253 zuwider, Ime fründtlich ab¬
1279 1211 1897 1305 Sauben lassen, über solich eine
1288 1273 1914 1371 fangen abschlachen, er zu gfaren
1317 1335 1890 1446 vnd die dochter uff einen
1335 1401 1882 1516 me Ramel zustendigen meyer
1291 1465 1886 1572 hoff, hinder der paroch s ha
1291 1538 1891 1648 pherin gelegen gelörckt, daselbsten
1287 1600 1894 1696 er ira fürgeben, wie ihr mutter
1302 1672 1892 1768 und fründe, in sollichen ehehandel
1291 1736 1894 1838 bewilliget, vnd so vill mitt fra
1290 1802 1881 1917 geredt, das sy ime die ehe schristen
1305 1879 1907 1985 sy vermeinend aber, wyl sollche
1293 1961 1883 2065 inen allen hinderrucks zu dem
1309 2018 1874 2133 y noch under denen jaren
1287 2087 1887 2209 in denen sy nitt gweltig gfür
1308 2168 1906 2296 sich eigens gwalts zeversprechen
1298 2239 1878 2361 zugangen, und beschechen, das
1294 2299 1906 2443 deßhalb solche Eheversprechung
2510 305 2610 399 1771.
1977 384 2601 563 gehalten bachtenstend sie nicht
1999 460 2599 603 ekendt werden solle. Cognitum,
1979 494 2625 669 diewyl die dochter uff das fürgeben
1987 571 2598 729 ster du crest, ira gethan, wie ir
1982 609 2609 780 mutter und fründ, in sollichen ehe
1982 675 2636 864 handel consentiert, die Ehe zugesagte
1980 753 2604 908 welches er aber nitt bybringen
1990 826 2605 967 mögen, sy die fründ bewilligett
1994 892 2583 1036 habind, sonders sy also hiemitt
1998 941 2635 1107 hindergangen, vnd dan die dochte
1988 1011 2623 1143 noch under den haren ist, inn
1989 1104 2606 1216 welcher zytt sy nitt gwelttig
1985 1148 2618 1285 eigens gwalts und one consens
1984 1224 2583 1353 der fründen, und vogt einiche
1992 1293 2609 1407 sche versprechung zethun, vnd sy
1983 1359 2654 1470 die fründ mechtig sind, die beschechen
1989 1431 2654 1531 ne, uffzelösen unnd ze stürtzen
1970 1506 2603 1613 das deshalb dise des du crogt
2000 1568 2664 1688 gesuchte Ehe ansprach, alles vnformi¬
1992 1649 2637 1761 klich bezogen, uffgehept, und jedem
1999 1713 2668 1818 erloupt sin sölle, sich anderharte
2017 1783 2680 1876 einem glück nach zeverehelichens
2001 1847 2650 1950 und die wyl dan er ducrest
2002 1912 2674 2002 wol bericht gsin, das die dochter
1995 1968 2637 2069 w nitt befugt gsin, sich für
2002 2034 2681 2139 sich selbs zeuersprechen, vnd vndt
1996 2103 2652 2208 vogts gwaltt gsin, das deshalb
1999 2154 2676 2269 er, inen den verantwortteren
1993 2216 2690 2341 der dochter und bystenderen, allen
2012 2290 2649 2402 zimlich billichen costen, so die
2012 2348 2673 2480 shandels halb uffgelüffen abtragen,
2034 2412 2125 2507 ollen
