4032 3024
1258 349 1362 431 332
1392 391 1980 540 wurde man sy, wan es merkan
1395 439 1982 587 inen sol zu klag khomen, anderen
1387 501 1811 608 gstalt straffen müsen.
1515 603 1750 701 hiltterfingen
1386 651 1966 798 Frena Studer spricht der ehramm
1378 724 1961 827 Jacob Ryser uss dem Zürich piett
1403 772 1978 896 mitt anzeige, wie er ira für zwen
1393 800 2006 932 batzen, und ettwas thuch daruff
1392 866 1984 958 zum wortzeichen geben habe, dem
1384 911 1987 1021 nach syn auch beredt, das sy ir
1384 963 2014 1076 den byschlaff vergünstiget, der halbe
1386 1023 1988 1112 begäre sy, das er ira sin zusagen
1380 1071 2016 1179 haltte, und den kilchgang volubringen
1375 1124 2010 1240 entgegen, er ira dheiner ehezusagen
1376 1173 1979 1283 bekhandtlich ein wellen, das by
1375 1226 2004 1343 schlaffs aber nitt lougnende nit
1369 1288 2002 1411 vermeldung, das sy ime die anzogen
1388 1363 1962 1443 2. beten, und das auch selbs
1391 1404 1986 1513 genommen, und das habe er za
1374 1461 1956 1562 alls einer anderen by derer
1392 1517 2003 1608 in juri gelegen, vergont cognitu
1384 1568 1983 1663 diewyl der versprecher der Clegen
1385 1629 1995 1728 dheiner Ehezusagung bekhandtlich
1374 1686 1994 1782 sin wellen, und sy inne mitt keiner
1374 1743 1977 1833 khundthafft dero vnderrichten
1383 1802 1992 1890 mögen, so solle deshalb dise der
1376 1859 1988 1955 kleger ansprach uffgehept, und
1361 1908 1986 2019 jedem erlangt, das er sich andern
1381 1974 1968 2081 fart verehelichen möge, denne
1389 2042 1989 2141 soll er ira allen zimlichen billichen
1406 2114 1970 2210 offen, so mitt disem ehehandel
1389 2175 1955 2282 uffgelüffen abthragen, Irem soll
1358 2253 1945 2350 er, wan sy schwäger von imme
1367 2295 1945 2414 gadt, ira das kind abzenemen
1384 2368 1952 2474 vnd, dentzmal dry kronen
1357 2420 1957 2547 In die khindtberein ze geben
1373 2492 1635 2581 schuldig sein,
1389 2536 1957 2630 schuldtheit zu thun, solle inne mitt furch
1408 2599 1931 2681 a aber mitt er tägiger alls umb aber
1413 2635 1647 2711 der mal began
1722 2651 1913 2735 oppigkeitstan
2673 436 2766 524 333.
2280 459 2430 560 Blonay.
2126 509 2764 599 Maria Gron von Lussiez, In der
2140 580 2773 662 ampt daulte ville hinder der Graff
2144 624 2737 702 schafft sany, yetz hinder Blondig
2171 677 2744 755 esschafft, spricht der ehr an Johan
2150 713 2790 791 Gnadens von Fercici, hinder verhielter
2151 773 2785 851 kilcher Blonay seschafft, mitt anzeig
2156 817 2755 896 wie er im verschinen herbst zu dem
2146 868 2754 946 trihl, uff die ehe ze tringken gepotten,
2154 913 2732 990 vnd daruff hin eines mortens
2160 954 2733 1031 bim schiefblatz zu Cosonen syn
2145 1018 2725 1091 beschloffen, der nachen das sy von de
2147 1051 2776 1140 schwenger gange, da sy nun an ime
2149 1103 2795 1190 begäre er syn zu kilchfhüren solten
2143 1153 2786 1241 Entgegen gesagter Gnadens ira
2147 1207 2785 1284 weder der Ehelichen zu sag, noch auch
2151 1259 2761 1342 des byschlaffs nitt bekhandtlich
2154 1310 2764 1398 sin wollen, und begärt, heran
2152 1364 2736 1452 sprach ledig usgegen, Cogniti
2124 1417 2757 1515 Diewyl der versprochen der Cleger
2136 1472 2751 1581 dheiner ehezusagung bekandtlich sin
2160 1534 2763 1623 wellen, vnd sy inne dero mitt bemer¬
2156 1583 2751 1676 khundtschafft underricht mögen, so
2164 1640 2762 1733 solle deshalb der versprecher hier der
2157 1694 2766 1792 Cleger gesuchter Ehr ansprach vffge¬
2157 1755 2764 1846 hart, ledig erkent sin und mitthin
2160 1807 2780 1901 Jedem erloupt, das es sich andersart
2161 1862 2764 1948 verehelich wöge, er soll ira den rosten
2149 1907 2766 2000 dißser fart alhar abthragen, wie auch
2145 1951 2754 2046 den costen, so sinethalb mitt eine
2161 2014 2758 2112 Chorgricht zu Glonag uffgangen
2191 2075 2747 2154 annothin ira das khind, wan
2140 2134 2763 2209 sy ime daselbigen wie brüchlich kei
2130 2179 2765 2267 gibt, abnemmen, und daselbige für
2143 2225 2765 2314 das ein erzüchen, und antzmallen
2154 2274 2754 2385 ira dey kronen für die khindbetten
2148 2336 2305 2413 abricht
2124 2397 2756 2506 an landtvogt Schilligen, solle imme
2146 2473 2757 2546 mitt fünfftagiger vnd stehe, mitt
2127 2510 2768 2615 zwislicher gfangenschafft straffen
