4032 3024
1500 512 1668 614 Thun
1448 616 1986 722 Der schultheis zu thun, solle er
1415 673 1948 776 Cunrad Berner gewesnen
1417 733 1990 828 predicanden zu verstetten im
1405 775 1997 888 Nider sibenthal von sines begangenen
1403 837 2006 955 Ehebruchs wegen, mitt gfangeschen
1406 891 1596 986 straffen
1546 1006 1713 1106 Bern.
1424 1077 1985 1198 Demnach Ulrich Glantzman vnnd
1430 1169 2000 1262 sin husfrouw beschikt worden nun
1430 1219 1994 1324 zum anderen mal und inen fürge¬
1423 1286 1989 1369 haltten worden, wie mine hr. die
1421 1335 1970 1426 Horrichter bericht, wie das
1419 1395 1998 1485 Hans Kempf der pfister geloffen
1417 1444 1993 1539 abgescheidne, vnd meister Imberg
1417 1501 2003 1594 des Fischmachers dochter, so züch
1428 1553 1986 1644 tigen läbens übel verschreytt, by
1441 1601 1991 1687 inen uss und yngangind und
1425 1648 1997 1744 derhalben inen übel darumb
1430 1708 1966 1802 nachgeredt werde, hatt er
1423 1763 1998 1859 Glantzman hierüber zu bscheid geben
1425 1814 2006 1922 wie kampf ein bystand, und hinte
1432 1875 1975 1970 mangelbar in dem Rechthandel
1448 1913 2002 2026 so er wider Herren Nicant metzger
1427 1970 2003 2092 habe, den übrigen zweyen wybe
1414 2017 1999 2149 personen, habe er sin hus spotten
1425 2071 1999 2193 sind vermant worden sich fürhin
1417 2118 2002 2251 derglychen lütten ze müsige
1430 2166 1995 2295 vnd sich eherlicher lütten anzeig
1589 2298 1719 2389 Bern.
1417 2333 1980 2475 Caspar Selos der schlager ist be¬
1420 2390 2005 2544 schikt und ime fürgehaltten werden.
1416 2457 1961 2594 wie das er vnd sin husfrouw
2690 437 2763 512 87
2079 482 2769 625 In irem zänkischen uncristenlichem
2103 556 2783 665 läben, mitt fluchen schweren schlachen
2100 608 2776 720 vnd stoffen, mitt großer ehergerung
2102 644 2708 774 Ir nachpuren und mengkliches
2096 695 2788 838 fhürscharind, und beharrind, darab
2101 756 2771 885 min herren ein groß mitfallen tragend
2094 817 2697 933 Demnach er vermant solle sin
2110 860 2731 987 mänlich ansechen, gegen siner
2095 929 2737 1041 husfrouwen beher dan er bisshar
2101 969 2729 1105 gethan, erhaltten, sich nitt von
2095 1027 2769 1162 ina usshagen lassen, und uff den
2115 1090 2760 1225 thächeren vor ira verbergen, und
2093 1154 2760 1266 wie man sagt, gar under denn
2104 1219 2760 1332 bank stoßen laßen, sondern wo
2120 1262 2776 1394 sy mitt ime überfharen wurde
2115 1333 2777 1451 möge er die hand wol louffen
2110 1402 2781 1506 lasen, hatt er hierüber anzeigt
2127 1461 2727 1574 er habe bis hat alles mitt ira
2117 1519 2766 1625 versucht guter und böse es wolle
2116 1561 2792 1667 aber alles nütt helffen, sy gebruche
2125 1629 2764 1728 sich aber allermeist, Inermeister
2106 1703 2757 1795 hose, wenn sy schwanger gange
2116 1755 2761 1849 wie sy yetz auch schwanger sye,
2141 1810 2763 1901 snst weltte er die wortt so sy
2121 1873 2770 1956 ime verwisen, nitt gelitten haben,
2126 1925 2788 2009 vnd hatt hieneben min h pätten
2102 1984 2766 2074 wan sy mer in derglychen faller
2104 2032 2799 2133 fallen wurde, das sy ime zu hilff
2121 2096 2488 2180 khommen wellind.
