4032 3024
1256 344 1379 465 252.
1408 392 1980 589 und erschen, das diren begereig
1396 508 1974 655 by ime vorhanden, begäre sy von
1386 575 1965 712 Ime aller ehelichen pflicht vn
1397 631 1965 791 zuw uffgelögt, und gescheiden
1400 706 1952 867 zewordenn, Erbgesterer den
1382 816 1976 940 klagten fällers nitt gelaugnet, sye
1370 881 1988 1041 derselb ime leid, vnd hatt sy hierich
1384 970 1987 1102 umb verzychung gepätten, Cognit
1368 1046 1971 1199 diewyl er des klagten ehebruche
1382 1136 1930 1257 nitt ab syn können, und sy ime
1377 1205 1954 1338 denselben nitt verzychen wollenn,
1368 1304 1926 1425 Solle deshalb dise Burgula
1371 1393 1913 1502 Joum, aller ehelichen pflicht
1364 1455 1914 1571 von imme uffgelöst, und inen
1365 1528 1908 1665 die ehe verpotten sein, ira in imme
1346 1624 1907 1731 jar lang, und wan sy nach
1353 1683 1907 1823 verloffnen zill sich widerumb
1345 1790 1929 1880 Zeuerehelich vorhabens warten
1364 1857 1928 1959 soll es des zu vor alhie ordenlich
1351 1917 1956 2036 erlouptnus erlang und er ein sein
1344 1998 1933 2108 siner besserung von der kilcher, da
1357 2096 1951 2192 er hie zwüschen wonen wirtt, mit
1346 2155 1910 2255 sach bringen, denne solle er ira
1345 2231 1938 2338 allen zimlichen billichen costen diser
1328 2298 1932 2416 schidigung halb uffgelieffen abthraben.
1266 2361 1891 2507 Denne soll der landtvogt zu In¬
1324 2454 1906 2551 derlappen, inne mitt etc. vermeltt
1343 2507 1900 2607 Berhouwers wittwen aber, mitt
1339 2557 1944 2674 5 tägiger gfangenschafft straffen
2607 353 2709 453 233.
2022 410 2614 570 Minruchen den 5. maii 1794.
2066 501 2677 624 Praeses herr Waltharte con herr
2078 558 2675 683 Galdi Minist am linin Rüsch
2055 616 2514 732 Dachselhoffer zechender,
2192 693 2346 809 Bern.
2054 769 2703 873 Anderes metzger. Ist fürgehaltten, wie
2073 827 2692 914 das er ein grossen ynzug von hie¬
2066 884 2698 971 derlichen lütten disen wintter
2056 943 2704 1057 gehapt, die ettwan bis in die mit
2070 964 2735 1101 nacht by einanderen gesehen suchet
2066 1051 2739 1157 braget, und wild gschrey gefürtt
2045 1127 2708 1225 jn das sich die nachpuren darab
2068 1185 2717 1288 geergeret, hatt er sich versprochen
2067 1234 2713 1342 wie das er niemandts, dan sine
2073 1304 2724 1408 vogts dochteren inzüche, die ettwan
2068 1354 2679 1461 ein mas wan sy ungevärd
2072 1415 2718 1520 darkhomend) bezallend. Ist vnnd
2077 1481 2705 1580 abzestan, sonst werde man inne
2071 1540 2505 1630 nach gepür straffenn,
2209 1616 2348 1703 Bern
2041 1653 2705 1790 Heini Brunsperger, ist fürgehaltenn
2047 1740 2672 1843 wie er an werchtagen in wirts
2059 1789 2693 1891 hüseren habe, vnd das sin verhüe¬
2059 1853 2712 1942 ann sontagen aber arbey stehend
2066 1901 2713 2004 den die kegler ynzüchen, hatt sich
2060 1950 2731 2046 versprochen, es sye ime wol noturff
2050 2000 2721 2083 das er arbeytte, den er habe kleinen
2074 2056 2714 2156 win, der befleien halb bringind
2049 2100 2717 2197 dieselb Ime das geltt zum hut, vnd
2056 2147 2660 2244 habe sonst kein vertheil nitt ist
2065 2209 2695 2299 vermant, das er sin arbeitt ai
2060 2257 2680 2366 werchtagen verbringe, flyßig
2052 2303 2702 2423 zurpredig gange und die Kehler
2051 2361 2312 2458 dichen lagen
2745 2210 2803 2333 ey
