4032 3024
1307 395 1395 501 82.
1454 436 2020 608 fritag den verliffen Janua
1477 541 1579 612 1594.
1463 576 1808 682 Proses St. Paren.
1451 657 1822 739 Ministrorum ambo.
1439 708 2061 854 Cinin H. Rantz Rüsch hoffste
1537 822 2030 940 Handt Steffen im Obersche
1605 894 1714 970 thal
1307 948 2053 1065 semel gutter mermet, spricht der Ehe au
1473 1024 2047 1111 rein wysen, mitt anzeig wie
1463 1092 2040 1194 er dieselb steffan wyß abgefordert,
1460 1159 2060 1267 Irem vetter, welcher ime dieselb zugestehen
1476 1216 2037 1311 und in deselben hus gesagter verenten
1469 1279 2051 1384 ettwas gelts uff die ehe geben begant
1478 1343 2037 1429 derhalben, wie der dieselb mitt
1481 1407 2056 1487 unser Urtheill dahin binden weltlic
1469 1458 2056 1548 ime sin zusagen zehaltten. Entgegen
1470 1522 2050 1606 Cristen hellen gesagter Vrena vogt
1467 1589 2056 1667 innamen der übrigen irer der Vrene
1471 1628 2049 1719 fründen zeuerstangeben, wie solche
1454 1693 2057 1785 eheversprechung inen allen hinderencken
1467 1747 2030 1838 beschechen, derhalben vermeine er
1469 1803 2045 1889 diewyl sy keinen willen darzu geben
1474 1871 2041 1961 und noch nitt willig syend, datzu
1477 1921 2029 2006 vnd zu dem die dochter under den
1485 1975 2055 2059 haren, da sy noch wol befugt syend
1462 2030 2059 2117 dieselbe zu züchen, und zu betrachtung
1470 2089 2058 2189 sin scheydbrieff, den er den hievor den
1465 2150 2063 2245 18. Decembris 15902 am sorte
1474 2195 2052 2305 alhie erlanget, uss wyse, das er
1479 2244 2060 2348 sich mitt verehlichen möge er solte
1473 2310 2076 2405 dan die jhenige person, so er zuchtlich
1470 2361 2064 2485 willens, Es solle solche ehezusagung
1478 2405 2064 2537 offgegt werden, und nüt gelegen cognition
1477 2453 2048 2580 Diewyl dise ehezusagung, dem vog
1470 2509 2048 2627 und fründen hinderruks zugangen
1488 2557 1543 2599 vnd
1551 2566 2051 2658 sy noch under jaren, als uns un
1479 2588 2063 2707 dan unzug des toust Rades beschienen
1533 2654 2037 2753 so den wol befügt, sind, dieselb
1493 2680 2047 2803 gezeichen, so solle nun dieselb er haus guet
1498 2731 1714 2794 engebracht fin.
1770 2766 2049 2842 sich nitt wehrlichen
1489 2748 2047 2865 soll zu fründe wegen und willen, er aber
1616 2804 2062 2900 ssin stellen hier geschel er ich aber
1895 2876 2064 2921 dra abtragen
2070 587 2116 682 4
2726 399 2802 489 83.
2309 452 2458 567 Grancy
2127 536 2790 657 Lolette Jacquiet von Grancy. Ist mitt
2148 594 2805 696 einer attestation, so sy von einem richer
2150 650 2781 761 vnd gantzem Chorgricht zu Grancier
2152 696 2786 829 vsbracht, uff hett vor minen herren
2133 728 2832 881 den eherichteren erschinen, welche auch
2143 800 2835 939 das pierre denanten von grantz ettwa
2160 867 2821 984 vor acht jaren, in eheman zu Orbach
2163 909 2847 1052 von seiner mitschatten wegen in gefengking
2168 989 2808 1120 gelegt worden, nach dem und aber er
2153 1048 2833 1165 widerledig gsin, sye er uff ir gnaden
2167 1121 2801 1229 gepiett zu wallig land gezogenn
2151 1169 2808 1288 daselbst er sich husshäblichen gesetzt,
2170 1227 2807 1336 und ein ander wyb genommen, by
2146 1299 2773 1403 dero er ein wyl khind erzüget,
2145 1360 2786 1460 er habe auch einen irer sonnen zu
2171 1416 2783 1507 ime gefordert, und sya hienebenn
2165 1470 2804 1573 hilff und trostlos setzen lassen, das
2166 1523 2816 1626 alles minen h. glaubwürdig durch
2177 1580 2836 1677 gemeltte attestation beschinnen, vn
2154 1636 2808 1743 Datum wyst 3. januarii 1794. die
2166 1694 2831 1806 begärt dem nach man sya von imme
2170 1753 2820 1845 aller ehelichen landen vnd pflicht
2182 1820 2844 1912 ledig sprechen woltte, dan sy nitt
2182 1875 2819 1970 hier daruff inne wartten köndte
2187 1938 2820 2023 lieben dem das wol zeerachten, er
2171 1981 2868 2085 nitt bald mer, in ir hr. land ynlachten
2339 2046 2855 2153 Cognitu, diewyl sich durch
2197 2081 2277 2144 wer
2170 2109 2856 2207 die yngelegte khundtschafft sag heytter
2179 2175 2820 2264 befunden, das er devanten vonn
2182 2212 2819 2324 mich thatten wegen, zu Orbach In
2191 2283 2817 2393 gefangenschafft gelegen, demnach
2200 2326 2814 2439 aber er derselbigen losen worden, undt
2205 2390 2838 2482 rümig worden, und sich volgents
2209 2454 2877 2542 In wöllig widerumb verhüwrattet
2196 2512 2870 2595 dermassen er nitt allein trüwlos, sondern
2213 2574 2851 2675 auch lyb, vnd läben durch solche ander
