4032 3024
1400 484 1997 638 Hambstag den 29. januarii 1
1404 545 1795 645 Praeses herr Tharin
1389 610 1652 695 minist. ambo.
1373 657 1933 767 Civium Rüsch. Dachselhofer.
1514 757 1752 884 Gastgricht.
1477 860 1679 993 Losanner.
1390 974 1988 1075 Estienne, wyll und mannis Gron
1387 1034 1971 1145 sälligen verlaser dochter, ist
1396 1094 1956 1189 von Laurentz font tod, irem
1393 1152 1955 1255 eheman, von wegen er zu
1401 1213 1974 1311 menschlichen natürlichen werken
1403 1265 1956 1368 vntauglich der Ehe halb ab
1390 1327 1957 1445 gescheiden, und ira erloupt
1405 1395 1969 1518 sich anderfart zeverehelich.
1379 1467 1960 1580 Ime aber verretten soll es
1402 1518 1967 1643 verpotten sin, er stelle dan
1383 1578 1947 1709 die jhenige person, so sy ze
1397 1635 1939 1771 schelichen willens, denne
1424 1708 1950 1851 soll er ina allen zimlichen
1417 1787 1961 1903 billich costen dieser schidigung
1417 1837 1966 1970 halb uffgelüffen abthragenn
2657 444 2723 515 92
2071 485 2752 626 Montag den 21. januarii 1594
2085 582 2454 702 Dieses herr Galdi
2083 658 2380 761 prinit. §. deb.
2088 708 2738 836 Civium Rüsch Dachsehhoffer, Rantz
2088 796 2317 904 hoffstetter.
2232 891 2426 1006 kilchberg.
2093 971 2761 1076 Anderes abi, so sin recht mitt citieren
2105 1037 2774 1140 gegen Anna Sterchi, siner hingeloffen
2112 1097 2776 1204 ehefrouwen, verfürt, ist der ehehalb
2107 1162 2757 1275 abgescheiden und ime erloupt, sich an
2103 1227 2768 1324 derfart zeverehelichen, er mag sich
2127 1295 2775 1393 nng erlittnen costens uff irem
2130 1371 2394 1446 hutt erhollen,
2092 1434 2760 1545 an schuldtheis zu Burgdorff solle
2103 1501 2766 1593 uff gedachte Anna Sterhin ein flysigs
2108 1566 2745 1637 uffsachen haltten, also das wan er sy
2091 1605 2764 1695 hinder siner verwaltung betretten
2110 1666 2734 1760 wurde, er sy mitt dem eyd uß in
2104 1728 2503 1816 j land verwysen.
2265 1803 2383 1911 Bern
2107 1864 2749 1971 Baschi Falckynn der schmid klagt, wie
2118 1941 2764 2016 ggschinnen nüwen jars tag, er allgei
2109 1991 2742 2074 nüwer angender stuben gsel, habe zu
2106 2038 2765 2117 tisch dienet, Es sich zugetragen, das
2083 2083 2780 2163 Niclaus hirtz der tütschwynschent, imme
2092 2129 2776 2221 gepfiffen, das er inne Inschande, Nach
2093 2178 2764 2263 dem und aber er zum sollen thisch khommen,
2098 2231 2781 2304 da dan Heinrich Ratsdorffer auch ge¬
2228 2287 2786 2362 sye er Rordorffer zu pfharen
2111 2291 2209 2365 posten
2095 2328 2766 2397 und zu ime gesagt, du lagker, wer
2106 2370 2784 2449 du nitt vom thuch wilt. Ich wilder
2100 2410 2766 2507 wol dauon helffen, da er nun v.
2109 2455 2787 2545 meiner kein lägkher zesind, vnd habe
2105 2512 2766 2595 Inne auch hiemitt nitt zetragen v.
2122 2561 2760 2648 meint, dan wo ime hirtz nitt ge¬
2121 2616 2772 2707 pfiffen, hätte er sich wol überheben
2130 2673 2699 2771 wellen zu gesagtem tisch zegand
