4032 3024
1364 334 1518 432 240.
1636 345 1870 468 Bern.
1990 498 2133 605 durs
1472 561 2122 685 zurs des dencken knächt, sampt
1915 638 2135 728 sind gefrage
1511 673 2155 796 warumb sy zusammen wandt,
1523 755 2122 858 zeigen sy an das es zu eheren
1531 811 2138 916 sye, daruff gemandt, das sy in¬
1524 866 2122 951 19. tagen mit einanderen
1509 921 2131 1023 zu Kilchen gangendt, das sy
1508 985 2021 1078 beide zuthun glopt.
1599 1073 1883 1198 Rosanne
1479 1173 2143 1297 Thomaz Cadoz ist ein citation
1522 1243 2128 1341 wider Januar vieret, sin
1539 1299 2106 1395 hingeloffne ehe frouw zu
1547 1363 1926 1460 17. tage erkendt.
1693 1421 1946 1550 Vtzistorff.
1498 1531 2152 1651 Barbli Tüscher spricht des
1547 1603 2143 1696 ehr an, Moris feng, das er ira
1532 1654 2128 1755 die uffrächt verheißen, fra
1549 1722 2124 1805 ein bazen daruff gaben,
1550 1771 2129 1861 vnd nach fangen anhaltten
1542 1824 2152 1911 habe, so ime als irem vermeind
1561 1874 2147 1971 eheman den byschlaff, bewillen
1549 1935 2145 2025 liget und ime schwangen worden
1547 1989 2148 2074 gmeindt er solle dahin gehaltten
1557 2039 2083 2129 werden siner zu sag statt
1558 2090 2160 2187 zuthun, und sy zkilchen füren.
1559 2142 2167 2240 Antgegen der antwortter ira
1569 2206 2118 2297 dheiner ehe zusagung be¬
1585 2261 2130 2352 entlich, auch das er fraden
1551 2310 2157 2388 dazu daruff gäben habe, des
1559 2357 2180 2442 byschlaffs aber nit lougnende
1552 2414 2168 2509 begärt von ira ledig rehtend
1562 2471 2136 2560 wwerden. Cognitum
1546 2507 2155 2615 diewyl die eliger den ver¬
1552 2573 2172 2668 antwortteren, mit gnugsammen
1540 2612 2168 2726 Kundtschafft dheiner Ehe¬
2855 272 2945 344 41.
2853 351 2886 382 1
2232 318 2863 519 dchenstendern zu sehenen
2256 366 2966 566 So sollend, sy nun aller ehe ansprach
2260 431 2919 609 von ein anderen ledig erkendt
2204 500 2928 672 und mithin jeder parochen nachge
2251 555 2929 717 laßsen, sich ander fart zuuer¬
2258 603 2886 764 ehelichen, und wan sy geist,
2247 688 2895 826 das sind ime antwortteren
2254 725 2892 895 wie brüchlich, zu eignet, so sol
2264 780 2887 930 ers für das sie erzüchen, fra¬
2265 830 2844 991 10 lb die für die kinder petti
2263 871 2963 1040 ußrichten, ira auch allein billiche
2250 955 2941 1117 zimmlichen coste, diß handels halb,
2273 1035 2854 1165 uffglüffen, abtrage, und
2266 1092 2826 1226 entlich ihre für den Krantz
2260 1168 2904 1273 30 flor. p. 26 batzen erleggen.
2263 1187 2908 1327 und das in nächster monats fryst
2231 1264 2922 1381 er möge dan in sollicher zytt
2261 1306 2939 1440 nach form Richtens bybringk,
2262 1393 2920 1497 das ein andere sya vor hin verfelt
2261 1456 2916 1549 daß er aldan (so viel recht ist
2268 1503 2868 1610 zugenieße, vnd ira der für
2702 1569 2742 1639 so
2274 1567 2707 1677 ytzit schuldig sin sol
2356 1648 2702 1771 Landtsfur
2243 1753 2883 1852 in hin vogt, diewyl er schon
2254 1811 2910 1906 zum anders mal gfält, inne
2263 1878 2880 1978 Marti Leng, mit 10. tag, vnd
2263 1936 2891 2041 so vil nacht, zu Waßer vnd
2248 2002 2850 2110 Bbrot, in gfencknus glegge
2413 2092 2611 2192 thun.
2264 2144 2967 2269 Als dan uff 31 Octob. E. Ehli Meyer
2286 2230 2950 2346 vor uns erschynne, sich hochlich
2287 2282 2947 2397 ab Rath Balsinger ir eheman der
2299 2330 2954 2455 er sich mit zu ein halten an
2285 2398 2947 2508 clagt, vergange, mit zuerat zuzu
2292 2429 2960 2569 frauw, vnnd wie ir man, auch es
2279 2488 2854 2624 hut und sin frouw, sy übel
2313 2550 2915 2689 schlachindt, das sy umb ein kind
2306 2599 2992 2765 than, (wie hievor der ange nach
2275 2652 2962 2815 gescheyb) nach dem uff hut ein
