4032 3024
1258 336 1394 446 936.
1418 433 1898 569 Frytag den 10. maii 1794.
1413 482 1966 631 Praeses Herr Galdin in ist ambos
1407 551 1994 719 Cinium Rüsch dachselhofer zechend
1417 609 1679 696 wiechselman
1559 712 1696 810 Bern.
1378 773 1983 896 Anderes Metzger vnd sin frouw, sind
1392 840 1970 958 vermant, das sy sich alles ynzugs
1402 898 1988 1028 entziechen und sy fürhin flyßiger
1400 945 1817 1068 zuor predig gan solle,
1510 1012 1810 1161 Nüwenegg
1354 1081 1965 1251 Anna Eheli von Nüwen ego
1376 1176 1959 1307 Ist wider Cunradt pfander
1368 1251 1453 1322 von
1700 1270 1960 1363 ein Citation
1391 1309 1952 1441 zu 3 wuchen vergünstigett,
1375 1386 1628 1472 ad formam.
1521 1478 1849 1609 Dienstingenn.
1345 1577 1977 1705 Alls dan bara Tüscher. Ab Niclau
1356 1646 1922 1768 klosner irem eheman geklagt.
1353 1709 1955 1821 wie das sy in vierzeichen jaren
1359 1780 1962 1898 so lang sy inne gehapt, vil kümer
1345 1856 1962 1966 angst und nott mitt ime ufgstanden
1348 1923 1960 2039 dan er jemallen vnsernig, vnd
1349 2005 1890 2110 wüttig werde, also das er
1351 2050 1933 2179 fürnemen in die waßer, und
1361 2130 1954 2235 sin abzespringen, oder zue sunst
1360 2204 1935 2306 de wan darzu khome, das er
1337 2257 1928 2392 zin lütten sage, sy söllind ein
1329 2324 1955 2452 biel, der aps nemmen und ime des
2590 347 2699 432 237
2077 400 2729 573 houpt abhouwen, item er habe vill
2091 465 2738 622 gstollen, man solle inne gen Winis
2086 532 2721 660 in gfengknus fhuren, das alles
2085 605 2735 731 sy dahar gedultigklich gelittenn
2091 650 2732 790 der hoffnung es sich mitt Ime bese¬
2098 720 2689 837 ren möchte, dero sy aber dheine
2092 767 2704 901 an ime gespürre, begärt also
2098 818 2731 960 von imme aller ehr ansprach uff
2096 908 2710 1014 gelösst zu werdenn, Cognitum
2087 955 2720 1081 diewyl sy noch bis har disen
2088 1018 2738 1131 mangel noch nitt klagt, und sich
2095 1073 2732 1180 so lang mitt Ime gelitten, So solle
2070 1141 2721 1245 sy recht noch ein halb jar zebest
2079 1201 2683 1306 thun, in der zytt sollind sie
2070 1282 2699 1362 bruder artznen lassen, ob Ime
2062 1332 2684 1431 möchte geholffen werden, wie
2045 1394 2704 1504 sy sich dessen erpotten und inne
2063 1455 2716 1556 hiezwüschen in schiren vnd hatt
2070 1518 2649 1600 haben, wan aber ime in
2063 1577 2698 1669 diser zytt nitt möchte geholffen
2071 1640 2729 1740 werden, so sollind, sy nach derselben
2071 1709 2707 1808 zytt widerumb umbhin khon
2056 1767 2718 1880 werde man ira gutt recht wolten
2069 1840 2250 1930 lasenn,
2228 1976 2369 2069 Bern.
2072 2035 2693 2133 die altte Salnigern, vnd die junge
2095 2103 2711 2182 sind vermant, niemandts ire diensten
2077 2154 2714 2239 ynzezüchen, sonst werde man sy
2065 2209 2725 2300 wan es mer zu klag khommen solt
2081 2255 2521 2349 nach verdienen straffen.
2245 2310 2360 2386 Bern
2071 2358 2719 2448 Heini Müller von Ösch, herdenner
2071 2408 2729 2493 Wyßhannen knecht ist vermant sich
2078 2466 2707 2533 der Salniger huß gemütigenn
2077 2507 2722 2600 und einem herren flyssiger zedienen
