4032 3024
1514 371 1920 514 Schwertzenburg.
1355 423 1951 600 Eagter auch heren ist bereiten
1342 512 1941 633 wyl ir uffsetzt wort zill
1350 562 1935 709 für und verlüffen, das
1364 624 1950 773 sich widerumb verehelichen nich
1354 687 1939 820 doch das sy dem so sy ehelichen
1363 745 1960 891 möchte, gehorsam, vnd schelict
1362 796 1811 911 bywonung leyste
1472 892 1718 989 Murtten
1325 936 1923 1089 Allen dan das prediret Schul¬
1336 1022 1916 1141 meisters zu murtten dochter
1361 1084 1892 1198 welche von Reinhart Murri
1333 1134 1907 1259 von Thun gescheiden, von wegen
1329 1188 1893 1301 das er sie mitt vnderrichtenn
1333 1256 1903 1361 mögen, das sy ime die ehe ver¬
1307 1308 1898 1413 geryssen habe, hieneben aber er
1328 1366 1889 1476 Murri fürgeben, wie er sya
1301 1418 1876 1527 beschlaffen, welches sy aber
1300 1476 1875 1594 domalen, vnd noch gemeinet,
1310 1537 1908 1642 alhie by minen herren Rhatt gsucht
1312 1599 1888 1716 ob sy im krantz möge, und dorfft
1314 1644 1904 1771 zu kilchen gan. Cognit und ist
1305 1717 1864 1840 dem jhenigen so in irem nammen
1318 1763 1894 1890 erschinen zu antwort geben worden.
1302 1828 1900 1937 man setze es ira heim, man wolle
1302 1872 1888 1993 es ira nitt bewilliget, vnd auch
1314 1915 1873 2050 nitt verpotten haben, sy wüßen am
1298 1973 1884 2127 aller besten, ob sy ein magt sy
1300 2023 1514 2136 oder nitt
2583 313 2667 404 139.
2015 379 2660 515 Montag den 4. tag martii 1594
2008 455 2652 583 Prases herr Galdi herr Berchtolld
2018 531 2481 633 viceterens herr Carmen
2001 589 2447 693 minist. herr Schneüwli
2020 622 2645 741 civium herr Rüsch Dachschoffen
2014 713 2347 812 Rantz hoffstetter.
2159 827 2302 918 Arberg.
1989 878 2648 1002 Margredt Gay von Arberg spricht
2013 958 2682 1055 der Ehe an Moyse Lardi der Tischmacher
2007 1021 2643 1110 mitt anzeig, wie er ira, wyl er
1998 1075 2667 1176 zu arbeige gearbeittet, in der altten
1993 1138 2655 1230 Krämer hus, die ehe uffrecht unnd
2011 1200 2655 1294 redlich verheysen und einen trag
2007 1258 2675 1353 so er zu yns ghan, daruf ze gebenn
2009 1315 2663 1416 versprochen, mitt wir inne dahin
2006 1376 2670 1470 haltten vnd vermögen welttind, tra
1999 1429 2659 1539 sin zusagen zehalttenn. Entgegenn
2000 1502 2642 1601 gesagter Meyse, ira dheiner Ehezu¬
2010 1565 2654 1663 sagung bekhandtlich ein wellenn
1994 1635 2646 1729 mitt begär, wir inne von irer
2002 1678 2645 1777 ansprach ledig sprechen weltind
1998 1738 2634 1837 Cognitum, die wyl der verant¬
1989 1813 2655 1910 wortter, der Cleger, dheiner
1982 1863 2656 1979 ehezusagung bekhandtlich sin wellen
1987 1927 2622 2038 und sy zum dero mitt keiner
1966 1980 2651 2099 khundtschafft underrichten mögenn
1973 2035 2661 2143 deshalb solle dise ehe ansprach uff
1974 2099 2670 2201 gehept, und jedem erloupt sin sich
1976 2148 2651 2270 anderfart zeuerehelichen der costen
1978 2210 2633 2318 Ist theilt, denne Ist Ime dem
1987 2271 2659 2383 verantwortter uff erlegt und gepotten
1974 2325 2670 2437 worden, fürderlich den kilchgang mitt
1981 2396 2661 2495 einer von Kertzeret, so er geehrlichet
1953 2440 2545 2557 haben soll. Zeuolnbringenn.
