4032 3024
1232 346 1327 445 118.
1437 394 1744 508 Bolttingen.
1310 491 1934 624 Jacob Zabli, spricht der ehe an diesen
1336 543 1897 675 angehen, mitt anzeig wie sy
1323 600 1927 736 dieselb imme uff vorbehaltt verheyten,
1330 679 1924 788 namlich, wan es dem vogt und
1314 723 1926 849 nechsten verwantten gefellig vnd
1322 793 1915 909 uff ein ehe tag hin vnd habe
1320 849 1919 979 Ime dessen zu einem worttzeich
1325 902 1917 1044 ein sonen kronnen abgenommen
1305 970 1917 1113 begärt derhalben sy der kilchgang
1322 1040 1917 1175 mitt Ime vorbringen soltte Entgeg
1301 1112 1915 1234 sy nitt absin können, dan das sy
1301 1176 1906 1296 ihme die anzeigt kronen abgenommen,
1302 1226 1894 1346 vnd hieneben inen vogt, vnd ver¬
1312 1278 1888 1404 wandt und ein ehe tag vorbehalten
1303 1330 1899 1460 Siderhar aber habe er gredt, sy mögt
1300 1379 1863 1508 sich wol verehelichen, dann er
1307 1441 1886 1573 habe nütt an ira zusprechen
1291 1487 1862 1611 deßhalben vermeine sy, die wyl er
1306 1561 1883 1680 sy selbs ledig gesprochen, sy solle
1306 1609 1883 1732 von imme und sein ansprachlidig
1303 1671 1869 1804 erkent sein. Cognitum. Diewyl sy
1281 1722 1861 1849 ihme deiner schransprach, dan uff
1285 1784 1873 1903 vorbehaltt, bekhandtlich sin wellen
1285 1824 1871 1946 und sy nun ire fründ, so sy vorbehal¬
1281 1875 1858 2017 ten nitt willig, und in ansuchten
1279 1926 1878 2054 uns nitt gepüren willen. Jemandt
1286 1976 1868 2117 zu keinet ehe zu zwingen, das
1264 2017 1865 2192 deßhalb dise ehr ansprach uffgehabt,
1279 2089 1846 2224 und jedem erloupt sin solle, sich an¬
1263 2144 1838 2271 derfart Heufrehelich und die wyl
1264 2193 1851 2332 sy anred, das sy ime die gold Cons
1259 2244 1828 2401 abgenommen, soll sy ime den ersten
1247 2309 1545 2404 abtragenn.
2554 333 2667 430 149.
2155 404 2280 481 Bern.
2018 441 2661 568 vo dan Anna Knüwbüller vonn
2022 467 2694 625 Willisouw ein dienstmagt, by schaff
2035 542 2642 666 ner Tillman dienende befragt,
2030 598 2660 715 worden, ob der goldschmid gsel, so
2019 658 2661 799 by Josua Tillman dienet, ira
2017 696 2682 843 die ehe verheysen habe, hatt sy daruf
2014 777 2684 908 zu bscheid geben, wie er ira fürgeben
2015 836 2692 975 er welle gan Strasburg sine kleider
2016 901 2674 1019 reychen, vnd dan widerumb allhar
2002 972 2674 1070 khommen, da habind sy sich mitt ein
2010 1034 2670 1146 anderen verlaßen, wan er innerhalb
2012 1094 2666 1194 einem monat, nitt widerumb hie
2004 1159 2643 1263 sin wurde, das alle den Jordes
2010 1231 2664 1331 sich siner gelegenheit nach behelichen
1993 1288 2683 1394 möchte, vnd habe ime mitt eigentliche
2005 1356 2235 1455 verheisenn.
2054 1415 2628 1547 Mentag den 21. martii 1594
1981 1480 2588 1588 Praeses Herr Tharin. Con. S. Gald
1988 1571 2630 1651 minist. ambo. Civium Rüsch, dachselhoffer
1989 1607 2281 1699 Rantz, hoffsteter.
2148 1699 2249 1762 Bern.
1970 1730 2658 1835 Margrett seyller genampt Spycher gredt
1974 1787 2610 1876 Ist fürgehaltten, wie sy ein bösen ynzug,
1974 1822 2644 1904 mitt pussen, und brachten, ettlicher manner
1975 1865 2646 1958 vnd Selossen abgescheidnen halb, haltte, vnd
1990 1905 2636 2001 sonderlich solle Josua morigkher, vill da
1989 1966 2622 2064 es und yn wandlen hatt sy nitt gstendig
1971 2006 2636 2112 in wellen, das sy jemandts ynzogenn
1985 2051 2636 2145 so vill aber morigkhers zu wandlenn
1963 2079 2633 2200 belange, habe derhalb sy angsprochen, sy
1957 2146 2662 2248 Ime vmb geltt helffen weltt, da sy ime
1966 2194 2639 2290 dan uff ein were zwo kronen unnd
1970 2248 2320 2347 ettlich batzen glychen
2172 2339 2269 2406 ger
1963 2317 2637 2473 Josua Mörigkher, Ist vermant, solle sich
2055 2415 2490 2508 schlüpfhüseren mutzigenn
