4032 3024
1237 346 1310 425 150
1495 396 1616 476 Bern.
1312 438 1937 588 Batt Buwman dem schnyder ist fürgehalten
1338 508 1931 615 wie er sinem gsind gestatte, das sy vil
1328 562 1918 655 malen in f. f a Negelis huß wendlind
1336 601 1927 700 und daselbst vil springens und tantzen
1334 637 1939 753 bruchind, hatt er es also versprochen, wie
1331 698 1924 789 nagelis frouw nach inen geschikt und
1313 726 1938 845 habe inne selbs turet, das sin gsind st
1337 784 1913 892 offt dahin gelüffen, ja numen zuvill
1314 836 1906 929 dan wan er vermeint sy wärind
1325 883 1902 978 daheimen, ob der arbeite, syend sy
1323 921 1888 1017 In des jungkheren huß gsin, er habe
1329 966 1907 1059 aber dem selben gsind urlaub gebenn.
1304 1018 1925 1112 Denne habe ime die kleinere jungfraw
1322 1068 1919 1158 anzeigt, wie elti, die grossere dienstmag
1322 1117 1936 1225 so by ime negeli dienet, so von Solothur
1305 1166 1903 1261 Ist ein bar bschlagne meher bstellen.
1320 1212 1911 1307 machen laßen. Item habe sy ein bschlecht
1317 1262 1876 1370 zu einer portten, Ittem ein guldig
1318 1307 1862 1412 arm ketteli, Ittem ein hutt zeichen
1317 1358 1894 1456 von perlinen bestillt, welches ein
1301 1410 1878 1501 weliche frouw von implitz by den
1327 1465 1855 1562 goldschmiden verkouffen wellen, da
1316 1521 1871 1609 aber die frouw anordnung geben
1326 1569 1870 1656 das wan man inen derglychenn
1319 1610 1867 1703 stuk zu bringen worden, sy ira die
1311 1664 1855 1749 zubringenden, verzeigen woltind
1307 1721 1830 1800 welches beschechen, da dan die
1304 1765 1870 1850 welße frouw bekhendt, wie solches
1293 1811 1892 1912 pra die obgedachte größere Jungfrauwe
1297 1857 1863 1962 zeuerkhouffen uffgeben, ist darüber
1294 1919 1853 2013 gerachen. Es solle, der richer herr
1288 1964 1889 2067 harin, solches in Furstliche herren schuldtheil
1297 2014 1838 2124 anzeigt, damit er sy ynlegen lasse,
1306 2056 1856 2165 welches angentz in ira erstattet
1306 2105 1463 2191 worden.
1488 2167 1611 2252 Bern.
1276 2201 1862 2343 Gsarel Thumhart zuget, wie er Elias
1287 2268 1832 2395 schöpf, eines abendts spatt by gesagts
1294 2332 1824 2438 Nägelis Jungfrouwen, an der gassen
1304 2368 1844 2485 gegen dem platz stan funden, Ittem
1280 2417 1890 2547 Niclaus Küchli zeigt an, er habe berich
1292 2455 1859 2588 sistor den schnyder eingabendts statt
1275 2501 1473 2577 zu Negelis zu
1501 2525 1724 2632 uch gefunden habe,
1966 978 2015 1046 .
1978 562 2043 657 9.
2594 311 2679 400 159
2627 373 2695 436 .
2132 393 2295 492 Berne.
3532 397 3615 502 37.
2234 504 3581 640 Alls dan Jacob Tholett der eltter, uff hütt vor minen herren den
2300 586 3614 691 therichteren erschinen und men fürgebracht, wie inne das so vier gnad
2298 652 3565 764 zwüschen in und siner husfrouwen gesprochen, das jedes sin
2285 714 3583 809 brott vnd muß, besonderbar essen soltte, so hochlich beschwache, unnd
2286 779 3572 872 beture, das Ime nitt vol möglich sone sie endtlich verderben, in de
2277 837 3575 923 lenge, söllich läben, zuerschwingen, und deshalb an sy begärt, sy eint
2282 904 3583 997 wäders, widerumb zusamen zu bekhennen, und ira uffzebindenn,
2272 965 3565 1065 das sy zu inne ehere wie vorhin ehelich bytrow, vnd mitt Ime hus
2264 1002 3566 1127 haltte, oder aber sy allenklich von einanderen zescheiden, also das
2237 1101 3574 1198 Gettwäderem nachgelesen werde, sich anderfart ehelich zeuersechen,
2283 1208 3579 1333 Entgegen erschein ouch gesagts Thomets husfrouw, mitt Irem dochte
2275 1277 3533 1385 man Hherren Jacob Faber, predicant zu Buchse, mitt gantz underste
2272 1364 3560 1452 thäniger ritt, vnd begären, man sya by erlangter ruw, schützen schwerten
2257 1427 3519 1528 vnd nitt dauon treugen weltte, dan ob sy wol widerumb gewisen
2268 1492 3510 1578 werden soltten, mitt einanderen husgehaltten, so wüsse sy doch
2275 1559 3525 1654 woll, das er immerdar, in sin erbärmbkliche unserigkeytt vnd
2265 1613 3494 1727 kostloss unbescheiden haben, richtlich geratten werde, das sich un
2252 1671 3501 1775 dem beschyne, die wyl er je lenger je verbitterter sich gegen
2244 1748 3476 1852 ira, vnd den iren erzeige, wie er dessen am letst verschinnen
2241 1801 3486 1899 zirgmentag ein ergerlich exempel haben, begärt ouch hiemit
2253 1866 3504 2004 In ansechen sy kein beßerung und miltterung, sonders böserung von
2242 1957 3442 2071 sey imme verhoffe, besorgende, das sy ires lybs und habens by
2246 2011 3492 2129 Imme nitt sicher sin wurde, vnd es ie nitt anderest gehin möge, das
2256 2094 3501 2197 man sy gar von einanderen scheiden wolle, dan sy zu ime nitt ze kheren
2260 2129 2423 2225 wyche
2250 2212 3485 2315 Demnach, vnd aber mine Herren die Eherichter vermeint, Inen nitt gewie¬
2245 2301 3452 2380 den welle one üwer gen sonderlichen und usstrukenlichen bevelch, dise
2242 2338 3490 2434 zbett, und itisch schidigung, in ein absolut schidigung zuuerwandten
2239 2394 3461 2489 und inen die ergangelassen, habend sy beuor, sollichen wellen
2236 2460 3436 2540 an v. g. langen laßen, inen willen, vnd meinung darob ze¬
2242 2497 3451 2600 vernemmen, ob disen, gewilfharen oder sy abzewysen synnnd
2222 2550 2872 2662 Act. 4. Marty 1794.
3057 2639 3356 2758 Gorschryber
