4032 3024
1382 439 1909 596 frytag den 8. februarii
1327 514 1712 625 Praeses herr Gald
1333 588 1913 706 minist herr Schneüwli herr
1345 645 1492 725 Haller
1328 685 1917 812 Cinin Rüsch Dachselhoffen,
1318 750 1742 860 Rantz Hoffstetter.
1457 843 1801 979 Niderlindach
1508 929 1582 987 des
1263 917 1903 1046 Sy söllind herren von werdt
1357 1004 1915 1119 gewesenen husman, so sin jung
1310 1066 1925 1184 frouw geschwengeret, inhin ver¬
1332 1141 1883 1250 mögen sinen fäller abzebüssen,
1346 1255 1902 1387 Mentag den 11. februarii
1393 1324 1560 1418 1594
1360 1354 1396 1424 i
1322 1394 1732 1486 Praeses herr Galdin.
1333 1455 1676 1542 Cons. herr Tharin
1330 1501 1914 1613 Minist. herr Schneuwen s halber.
1336 1550 1868 1664 Einin Rüsch dachselhoffer
1323 1615 1707 1708 Rantz, hoffstetter.
1492 1742 1626 1848 Bern.
1340 1821 1903 1940 Bläslin oder sod, soll fürhin, herr
1504 1898 1904 1994 Walchartts sälligenn
1347 1946 1929 2050 wittwen, dero er über empfangen
1348 1980 1916 2091 abschlachung für und an nach
1337 2039 1913 2153 hengele, muthig gan und sych
1351 2112 1914 2210 nitt wytter weder mitt
1362 2149 1900 2275 stumpfieren, noch verieren
1347 2218 1915 2337 antasten, sondern mitt friden
1335 2272 1895 2425 lasse, vnd seine liedli mer
1332 2326 1853 2488 guht zu werffenn
2654 423 2704 481 n
2141 428 2339 555 goffingen.
2027 462 2660 614 Melcher hoch ein metzger kriecht von
2038 516 2703 683 Zoffingen Münster us lucernet
2054 590 2653 723 spricht der ehe an Maria laber
2047 653 2694 775 von Hoffnigen mitt anzeig, das by wyl
2049 697 2685 834 erhoffingen dienet, ein gutte liebe
2049 767 2681 886 zu gesagter Maria gewunnen
2055 805 2698 916 und nach dem er gespurt, das sy glychs
2045 854 2695 988 fhals Ime ettwas liebe gethraben, habe
2058 914 2655 1028 er syn umb die ehe angeprochen, da
2051 956 2660 1083 sy ime zu antwort geben, wenn sy
2051 1017 2672 1110 einen welle, so wolle sy inne vor
2052 1054 2664 1173 allen anderen nemmen, so er iren
2045 1117 2688 1225 fründen gefellig, uff welches hin er
2066 1162 2693 1268 na ein hafftpfennig geben, da syenun
2059 1218 2689 1324 sin begab sy ime herr zusagen halte,
2048 1274 2694 1363 Mitthin erschein ouch petter Baldern
2039 1328 2679 1414 von Zoffingen, welcher sy ouch umb
2055 1366 2699 1463 die Ehe angesprochen, mitt Semelden
2042 1422 2669 1519 wie sy ime dieselb von vill eheren
2052 1461 2707 1550 lutt. Insonders vor einem ehegricht
2050 1511 2701 1616 zoffingen versprochen, der vermeint
2060 1571 2671 1681 sy ime solle zugsprochen wordenn,
2045 1616 2671 1728 Entgegen, die veantwortten, Ime
2048 1667 2727 1769 hasen, dheiner ehezusagung bekandtlich
2065 1724 2712 1821 in wellen, und so vill das anbelangen
2052 1783 2697 1876 so er ira geben, zeigt sy an, wie er
2050 1836 2716 1931 Ina dasselb zum gutt Jar, aber nitt
2056 1898 2664 1979 uff die ehe geben, so vill aber
2048 1946 2703 2028 des Balde wyn ansprach belange,
2032 1999 2723 2093 Ist sy ime derselben anred gsin, mitt
2047 2059 2701 2147 erklärung, das sy ime dieselb gern
2044 2121 2716 2203 haltten wolle, und die wil sy imme habe
2044 2168 2736 2269 nüt verheysen, so verhoffe sy von ine
2050 2210 2744 2325 lidig erkent ze werden. Cognitum, die wylen
2058 2260 2718 2362 gesagte Läberli ine hosten dheiner Ehe
2053 2320 2738 2420 zusagung bekandtlich ein wellen, und
2065 2374 2732 2464 er sy dero mitt dheiner Khundtschafft
2063 2413 2689 2531 underrichten mögen, so sollind sy
2046 2467 2700 2567 deshalb, aller er ansprach von ein
2059 2533 2718 2646 anderen ledig sein, und hieneben ime
2735 1092 2782 1187 h
