4032 3024
1280 324 1389 431 328
1576 396 1752 507 Bern.
1410 447 2011 639 Hans grob wir der pfisteren
1416 538 2000 684 Daniel korn sind von wegenn
1400 594 2013 742 irer liederlichen hußhaltung wegen
1418 648 2004 790 vnd gebruchten schlachenn, vnd
1396 697 2017 852 stoffens, gegen iren husfrouwen
1393 763 2002 908 big nechst khünfftig montag in
1391 820 1809 944 gelegt worden.
1580 904 1704 1009 Bern.
1408 966 1990 1118 die ehe zusagung, so Barthli Jeli der
1397 1041 1988 1150 jung und Elsbett Kolhop von Brug ein
1401 1080 1983 1190 anderen gethan, ist von wegen der knab
1401 1142 1991 1246 noch gar jung und khindtlich ist uff
1404 1188 1966 1286 gept worden, und soll er der knab sich
1399 1235 1986 1329 mitt vehelich mögen, es bescheche dan
1404 1283 1981 1367 mitt siner eltteren gunst wüssen und
1386 1336 1995 1434 willen, vnd habe eine Voln khome Jar
1395 1383 2001 1474 erlangt, jede parthi soll iren kosten an
1384 1435 1994 1544 ira selbs haben, sy sind vor einanderen
1390 1488 1602 1580 gewarnet,
1546 1559 1787 1637 Asoltingenn.
1368 1615 1976 1742 die ehezusagung zweischen, so petter
1398 1679 1541 1769 Galli.
1536 1698 2001 1783 und Barbara Marthli einanderen
1387 1726 1973 1834 gethan. Ist widerumb uffgehaben, vnd
1402 1785 1975 1887 krafftlos erkhent worden, von wehen,
1389 1836 1979 1935 das Thoman Mafflin ir vatter nitt
1390 1888 1958 1981 daryn consentieren wellen, deßen
1396 1945 1967 2032 will, und wolgfal, sy aber hierin
1402 1992 1977 2089 vorbehaltten gehapt, ein jede parchen
1387 2043 1970 2139 soll iren usgebnen costen an ira
1385 2106 1976 2195 selbs haben, und mag jedes sich einer
1375 2159 1977 2249 gelegenheitt nach verehelichen, vnd
1372 2205 1961 2303 will man inen nitt abstrickt
1364 2262 1971 2354 haben, wan sy neüwen das einen
1377 2314 1977 2421 werden mögend, das sy einanderen
1379 2376 1684 2470 nitt nemmind,
2626 355 2723 450 329.
2073 409 2703 577 Mentag den 5. augusti 1594
2109 498 2758 597 Nahls Herr Baldi Cons. Herr Walthart
2106 552 2667 636 minist. ambo. Civium Rüsch
2110 600 2607 707 Zeihender, Wiechselman
2244 687 2394 781 Belp
2087 765 2730 875 Anna dedi, welche Ir Recht mitt
2104 830 2751 917 citieren gegen Anni pfander, item
2086 879 2753 969 hingeloffnen Eheman, verfhurt hatt
2089 938 2731 1026 Ist von Ime der Ehehalb gescheiden
2096 996 2735 1095 und ira erloupt, das sy sich verehen
2100 1053 2740 1157 lichen möge, denne mag sy ires
2098 1115 2729 1221 erlittnen costens uff und an hyem
2083 1172 2460 1275 gutt zukhommen.
2080 1277 2703 1394 An Fryweybel zu Belp solle uff
2085 1360 2718 1452 gedacht pfander ein uffschens haben
2091 1409 2717 1514 und wan sy sich widerumb in das
2086 1491 2714 1586 land ynlassen wurde, soll er inne
2101 1551 2644 1648 mitt dem eyd daruss wysenn
2186 1641 2490 1765 roffensenn.
2076 1748 2720 1863 Hans Daller spricht der ehe an Bar¬
2083 1837 2718 1914 bara Rami von Zoffingen, mitt anzeigen
2091 1885 2718 1964 wie er ira ein gürttel brautt und
2091 1930 2706 2013 wie eruira geben wellen, da habe
2085 1984 2711 2062 er ira vorbehaltten, wen sy den
2080 2033 2704 2121 gürttel näme, so müsse sy inne
2092 2085 2699 2175 ouch nan, denselben sy ime abge¬
2085 2139 2696 2231 nomen, vnd nitt daruff geant¬
2092 2194 2707 2283 worttet, und derhalb vermeint
2077 2249 2713 2344 sy wurde den kilchgang mitt Ime
2088 2314 2713 2390 volnbringen, diewyl und aber er nun
2093 2363 2729 2447 gespüre, das sy kein gutten willen zu ime tage
2105 2415 2700 2502 rage er ira auch mitt nie nach, sich hiemitt
2095 2462 2753 2545 dem rechten underwerffenden entgegen die ver
2079 2514 2736 2618 sprechen, imo deiner ehezusagung bekandt,
