<?xml version="1.0" encoding="UTF-8" standalone="yes"?>
<PcGts xmlns="http://schema.primaresearch.org/PAGE/gts/pagecontent/2013-07-15" xmlns:xsi="http://www.w3.org/2001/XMLSchema-instance" xsi:schemaLocation="http://schema.primaresearch.org/PAGE/gts/pagecontent/2013-07-15 http://schema.primaresearch.org/PAGE/gts/pagecontent/2013-07-15/pagecontent.xsd">
    <Metadata>
        <Creator>prov=University of Rostock/Institute of Mathematics/CITlab|PLANET AI GmbH/Gundram Leifert/gundram.leifert@planet-ai.de:name=German_Kurrent_XVI-XVIII_M5.2(htr_id=38305)::::v=2.6.7
prov=University of Rostock/Institute of Mathematics/CITlab|PLANET AI GmbH/Tobias Gruening/tobias.gruening@planet-ai.de:name=de.uros.citlab.module.baseline2polygon.B2PSeamMultiOriented:v=2.6.7
prov=University of Rostock/Institute of Mathematics/CITlab|PLANET AI GmbH/Tobias Gruening/tobias.gruening@planet-ai.de:name=/net_tf/LA73_249_0mod360.pb:de.uros.citlab.segmentation.CITlab_LA_ML:v=2.6.7
Transkribus</Creator>
        <Created>2021-11-02T15:14:21.093+01:00</Created>
        <LastChange>2021-12-05T14:42:00.838+01:00</LastChange>
        <TranskribusMetadata docId="822504" pageId="30662367" pageNr="143" tsid="69419443" status="IN_PROGRESS" userId="101542" imgUrl="https://files.transkribus.eu/Get?id=RANJIMHSRLXQJZPOSVADVJWW&amp;fileType=view" xmlUrl="https://files.transkribus.eu/Get?id=CZMNMCRPZVTHIMYDKASOLHPU" imageId="24122438"/>
    </Metadata>
    <Page imageFilename="Foto 26.10.21, 3 07 21 PM.jpg" imageWidth="4032" imageHeight="3024">
        <ReadingOrder>
            <OrderedGroup id="ro_1687514396321" caption="Regions reading order">
                <RegionRefIndexed index="0" regionRef="r1"/>
                <RegionRefIndexed index="1" regionRef="r2"/>
                <RegionRefIndexed index="2" regionRef="r3"/>
                <RegionRefIndexed index="3" regionRef="r4"/>
            </OrderedGroup>
        </ReadingOrder>
        <TextRegion orientation="0.0" id="r1" custom="readingOrder {index:0;}">
            <Coords points="1295,307 1295,469 1358,469 1358,307"/>
            <TextLine id="r1l1" custom="readingOrder {index:0;}">
                <Coords points="1289,445 1306,439 1316,446 1328,443 1331,438 1354,451 1365,440 1375,438 1357,346 1341,349 1319,339 1313,342 1290,340 1281,350 1271,352"/>
                <Baseline points="1295,419 1326,419 1358,407"/>
                <TextEquiv>
                    <Unicode>27.</Unicode>
                </TextEquiv>
            </TextLine>
            <TextEquiv>
                <Unicode>27.</Unicode>
            </TextEquiv>
        </TextRegion>
        <TextRegion orientation="0.0" id="r2" custom="readingOrder {index:1;}">
            <Coords points="1353,461 1353,2511 2000,2511 2000,461"/>
            <TextLine id="r2l1" custom="readingOrder {index:0;}">
                <Coords points="1566,494 1622,493 1639,509 1675,517 1687,533 1719,523 1740,506 1757,515 1782,512 1791,436 1766,442 1749,431 1723,441 1674,416 1630,426 1576,415"/>
                <Baseline points="1578,485 1605,487 1633,491 1661,494 1688,497 1716,501 1744,504 1772,507"/>
                <TextEquiv>
                    <Unicode>köüttigen.</Unicode>
                </TextEquiv>
            </TextLine>
            <TextLine id="r2l2" custom="readingOrder {index:1;}">
                <Coords points="1401,533 1578,528 1600,556 1680,545 1719,564 1744,549 1782,573 1900,582 1921,608 1989,606 1994,578 1902,514 1700,526 1622,493 1411,466"/>
                <Baseline points="1416,510 1444,513 1472,515 1500,518 1528,522 1557,525 1585,528 1613,531 1641,535 1669,539 1698,543 1726,546 1754,551 1782,555 1810,560 1839,565 1867,572 1895,577 1923,583 1951,589 1980,596"/>
                <TextEquiv>
                    <Unicode>Alls dan Ester lieb von Thun pfarr</Unicode>
                </TextEquiv>
            </TextLine>
            <TextLine id="r2l3" custom="readingOrder {index:2;}">
                <Coords points="1416,562 1552,566 1633,601 1668,587 1718,613 1743,600 1960,643 1976,643 1981,611 1910,582 1773,573 1744,550 1721,564 1597,548 1578,529 1421,529"/>
                <Baseline points="1428,552 1455,556 1482,559 1509,562 1536,566 1563,568 1590,572 1617,575 1644,578 1671,581 1698,585 1725,589 1752,592 1779,596 1806,600 1833,605 1860,610 1887,615 1914,621 1941,626 1968,633"/>
                <TextEquiv>
                    <Unicode>matter von Roüttigen der ehefange</Unicode>
                </TextEquiv>
            </TextLine>
            <TextLine id="r2l4" custom="readingOrder {index:3;}">
                <Coords points="1423,626 1514,613 1601,640 1656,627 1783,647 1815,672 1867,654 1914,686 1976,684 1981,643 1936,625 1718,612 1667,587 1630,603 1559,596 1522,566 1431,567"/>
                <Baseline points="1437,606 1463,608 1490,609 1516,611 1543,613 1569,616 1596,618 1622,621 1649,623 1675,627 1702,630 1728,633 1755,637 1781,641 1808,645 1834,649 1861,654 1887,658 1914,663 1940,668 1967,675"/>
                <TextEquiv>
                    <Unicode>esprochen, mitt anzeig, wie sy schon</Unicode>
                </TextEquiv>
            </TextLine>
            <TextLine id="r2l5" custom="readingOrder {index:4;}">
                <Coords points="1416,655 1465,676 1754,684 1907,729 1926,715 1954,737 1994,729 1999,687 1913,685 1867,654 1818,669 1767,644 1628,627 1599,640 1575,621 1420,627"/>
                <Baseline points="1428,650 1455,651 1483,654 1511,656 1539,659 1567,661 1595,664 1622,667 1650,670 1678,672 1706,676 1734,679 1762,682 1790,687 1817,691 1845,694 1873,698 1901,703 1929,708 1957,713 1985,719"/>
                <TextEquiv>
                    <Unicode>vor ettwas zytts auch am thorgricht</Unicode>
                </TextEquiv>
            </TextLine>
            <TextLine id="r2l6" custom="readingOrder {index:5;}">
                <Coords points="1417,713 1524,705 1554,737 1637,744 1685,722 1730,758 1808,738 1976,784 1983,739 1926,714 1908,727 1871,708 1817,713 1793,693 1710,701 1685,681 1554,681 1539,663 1486,680 1422,662"/>
                <Baseline points="1428,701 1455,702 1482,702 1509,704 1536,705 1563,707 1590,708 1617,711 1644,713 1671,716 1699,719 1726,722 1753,725 1780,729 1807,733 1834,736 1861,741 1888,746 1915,751 1942,756 1970,762"/>
                <TextEquiv>
                    <Unicode>von des wegen, das sy inne der ehren</Unicode>
                </TextEquiv>
            </TextLine>
            <TextLine id="r2l7" custom="readingOrder {index:6;}">
                <Coords points="1410,768 1720,772 1985,828 1990,779 1898,774 1876,753 1827,765 1779,739 1724,748 1682,721 1641,744 1559,738 1524,705 1415,727"/>
                <Baseline points="1422,755 1449,755 1477,755 1505,755 1532,756 1560,756 1588,758 1615,760 1643,762 1671,765 1699,768 1726,771 1754,774 1782,778 1809,782 1837,785 1865,791 1892,794 1920,800 1948,804 1976,810"/>
                <TextEquiv>
                    <Unicode>gesprochen, erschinen, domalen aber</Unicode>
                </TextEquiv>
            </TextLine>
            <TextLine id="r2l8" custom="readingOrder {index:7;}">
                <Coords points="1415,835 1474,818 1563,826 1592,808 1677,843 1803,834 1824,853 2000,874 2005,817 1929,822 1866,793 1570,761 1420,780"/>
                <Baseline points="1428,810 1456,809 1484,809 1512,809 1540,809 1568,810 1596,812 1625,813 1653,815 1681,817 1709,819 1737,823 1765,826 1793,830 1822,834 1850,838 1878,841 1906,846 1934,851 1962,856 1991,861"/>
                <TextEquiv>
                    <Unicode>gescheiden worden, vnd fider hat habe</Unicode>
                </TextEquiv>
            </TextLine>
            <TextLine id="r2l9" custom="readingOrder {index:8;}">
                <Coords points="1414,876 1557,867 1604,888 1667,870 1748,899 1817,887 1868,917 1902,899 1960,940 2008,930 2011,896 1979,870 1925,877 1886,853 1629,838 1600,820 1418,835"/>
                <Baseline points="1427,858 1455,858 1484,859 1512,860 1541,861 1570,863 1598,865 1627,867 1656,869 1684,871 1713,873 1742,876 1770,879 1799,884 1828,886 1856,891 1885,896 1914,899 1942,904 1971,909 2000,915"/>
                <TextEquiv>
                    <Unicode>er ira uff ein nüws die ehe verhöfen</Unicode>
                </TextEquiv>
            </TextLine>
            <TextLine id="r2l10" custom="readingOrder {index:9;}">
                <Coords points="1418,922 1607,921 1748,957 1817,941 1833,962 1914,954 1994,979 1998,936 1951,935 1904,899 1846,916 1799,894 1745,899 1725,878 1692,897 1650,872 1484,884 1425,857"/>
                <Baseline points="1430,906 1457,906 1485,906 1513,908 1541,909 1568,912 1596,914 1624,916 1652,919 1679,921 1707,926 1735,928 1763,932 1790,935 1818,939 1846,942 1874,946 1901,950 1929,953 1957,957 1985,960"/>
                <TextEquiv>
                    <Unicode>mitt andern und sya geschwengeret</Unicode>
                </TextEquiv>
            </TextLine>
            <TextLine id="r2l11" custom="readingOrder {index:10;}">
                <Coords points="1395,964 1535,961 1565,992 1655,972 1712,1000 1885,989 1956,1022 1996,1014 1985,964 1399,917"/>
                <Baseline points="1407,956 1437,957 1467,957 1498,959 1528,960 1559,963 1589,964 1620,966 1650,969 1681,972 1711,974 1742,976 1772,979 1803,982 1833,985 1864,989 1894,991 1925,995 1955,998 1986,1001"/>
                <TextEquiv>
                    <Unicode>dermahlen, das sy ein khind erzüget</Unicode>
                </TextEquiv>
            </TextLine>
            <TextLine id="r2l12" custom="readingOrder {index:11;}">
                <Coords points="1405,1023 1477,1018 1587,1052 1613,1033 1632,1051 1699,1034 1998,1056 2001,1021 1881,995 1693,997 1654,972 1564,993 1534,962 1472,993 1407,991"/>
                <Baseline points="1416,1013 1444,1013 1473,1014 1501,1014 1530,1016 1559,1016 1587,1018 1616,1019 1644,1020 1673,1022 1702,1025 1730,1027 1759,1029 1787,1031 1816,1034 1845,1035 1873,1038 1902,1041 1930,1043 1959,1046 1988,1050"/>
                <TextEquiv>
                    <Unicode>welches sy für ehelich achte, dargeg</Unicode>
                </TextEquiv>
            </TextLine>
            <TextLine id="r2l13" custom="readingOrder {index:12;}">
                <Coords points="1407,1083 1468,1098 1565,1075 1639,1097 1726,1088 1768,1105 1803,1088 1855,1114 1907,1098 1964,1113 1999,1108 2001,1049 1904,1068 1885,1046 1737,1052 1695,1036 1408,1050"/>
                <Baseline points="1418,1074 1446,1073 1475,1072 1503,1071 1532,1071 1560,1071 1589,1072 1617,1073 1646,1074 1674,1076 1703,1077 1732,1079 1760,1080 1789,1082 1817,1084 1846,1086 1874,1088 1903,1090 1931,1091 1960,1092 1989,1094"/>
                <TextEquiv>
                    <Unicode>er ira keiner ehezusagung bekandt,</Unicode>
                </TextEquiv>
            </TextLine>
            <TextLine id="r2l14" custom="readingOrder {index:13;}">
                <Coords points="1406,1141 1460,1156 1571,1124 1639,1152 1742,1136 1861,1169 1933,1151 1971,1164 1996,1161 1999,1108 1908,1098 1868,1115 1804,1086 1768,1105 1753,1091 1688,1106 1669,1086 1629,1103 1535,1074 1460,1099 1409,1088"/>
                <Baseline points="1418,1122 1446,1122 1474,1122 1503,1122 1531,1124 1560,1125 1588,1127 1616,1128 1645,1130 1673,1132 1702,1135 1730,1137 1758,1138 1787,1141 1815,1143 1844,1144 1872,1146 1900,1148 1929,1148 1957,1149 1986,1149"/>
                <TextEquiv>
                    <Unicode>lich sin wellen, deß byschlaffs aber</Unicode>
                </TextEquiv>
            </TextLine>
            <TextLine id="r2l15" custom="readingOrder {index:14;}">
                <Coords points="1411,1177 1468,1172 1508,1199 1564,1182 1620,1204 1831,1197 1856,1218 1904,1204 1971,1221 1994,1212 1997,1161 1851,1168 1690,1137 1642,1151 1610,1132 1568,1152 1463,1154 1413,1136"/>
                <Baseline points="1421,1170 1449,1170 1477,1170 1505,1172 1533,1173 1562,1175 1590,1177 1618,1179 1646,1181 1674,1184 1703,1186 1731,1189 1759,1191 1787,1193 1815,1194 1844,1197 1872,1197 1900,1199 1928,1199 1956,1199 1985,1197"/>
                <TextEquiv>
                    <Unicode>nitt lougnenden sind sy haruff</Unicode>
                </TextEquiv>
            </TextLine>
            <TextLine id="r2l16" custom="readingOrder {index:15;}">
                <Coords points="1398,1237 1540,1230 1600,1257 1644,1235 1734,1264 1776,1246 1840,1275 1861,1260 1951,1271 1954,1226 1916,1207 1850,1219 1807,1195 1734,1213 1716,1197 1679,1209 1541,1185 1509,1200 1402,1190"/>
                <Baseline points="1409,1224 1435,1224 1462,1224 1488,1224 1515,1226 1542,1227 1568,1229 1595,1229 1621,1232 1648,1233 1675,1236 1701,1238 1728,1240 1754,1242 1781,1245 1808,1247 1834,1248 1861,1251 1887,1253 1914,1254 1941,1256"/>
                <TextEquiv>
                    <Unicode>alls eelütt zusamen bekent</Unicode>
                </TextEquiv>
            </TextLine>
            <TextLine id="r2l17" custom="readingOrder {index:16;}">
                <Coords points="1397,1300 1568,1284 1624,1304 1659,1288 1931,1323 1986,1308 1988,1276 1902,1264 1860,1280 1777,1246 1741,1265 1650,1236 1586,1257 1544,1230 1451,1257 1400,1245"/>
                <Baseline points="1409,1275 1437,1275 1465,1276 1494,1277 1522,1278 1550,1279 1579,1281 1607,1283 1635,1285 1664,1287 1692,1289 1720,1290 1749,1292 1777,1295 1805,1296 1834,1299 1862,1301 1890,1302 1919,1304 1947,1305 1976,1307"/>
                <TextEquiv>
                    <Unicode>worden, und sollend innerthalb den</Unicode>
                </TextEquiv>
            </TextLine>
            <TextLine id="r2l18" custom="readingOrder {index:17;}">
                <Coords points="1399,1336 1501,1339 1544,1365 1595,1345 1648,1378 1713,1347 1897,1384 1974,1365 1976,1338 1940,1326 1912,1340 1867,1310 1794,1330 1719,1294 1633,1319 1509,1286 1448,1307 1401,1296"/>
                <Baseline points="1409,1326 1436,1327 1464,1328 1492,1330 1520,1332 1547,1333 1575,1335 1603,1337 1631,1340 1658,1341 1686,1344 1714,1346 1742,1347 1769,1350 1797,1352 1825,1353 1853,1355 1880,1357 1908,1358 1936,1359 1964,1359"/>
                <TextEquiv>
                    <Unicode>nechst khomenden vierzeichen tagenn</Unicode>
                </TextEquiv>
            </TextLine>
            <TextLine id="r2l19" custom="readingOrder {index:18;}">
                <Coords points="1383,1408 1440,1382 1598,1418 1646,1394 1805,1433 1831,1416 1978,1420 1981,1386 1953,1371 1878,1385 1839,1361 1783,1376 1760,1353 1701,1351 1643,1378 1600,1350 1544,1365 1501,1339 1475,1355 1446,1331 1388,1337"/>
                <Baseline points="1395,1376 1423,1377 1452,1379 1480,1381 1509,1382 1538,1385 1566,1388 1595,1391 1624,1394 1652,1396 1681,1399 1710,1401 1738,1404 1767,1407 1796,1407 1824,1410 1853,1410 1882,1412 1910,1412 1939,1410 1968,1409"/>
                <TextEquiv>
                    <Unicode>kilchen rechte thun, sy habennd</Unicode>
                </TextEquiv>
            </TextLine>
            <TextLine id="r2l20" custom="readingOrder {index:19;}">
                <Coords points="1394,1446 1429,1465 1533,1435 1586,1453 1631,1439 1693,1470 1859,1460 1942,1480 1959,1475 1963,1414 1810,1437 1780,1416 1739,1424 1712,1399 1618,1399 1594,1418 1524,1389 1396,1401"/>
                <Baseline points="1404,1430 1431,1431 1458,1432 1485,1433 1513,1435 1540,1437 1567,1438 1595,1440 1622,1442 1649,1445 1677,1446 1704,1448 1731,1451 1758,1452 1786,1454 1813,1456 1840,1458 1868,1458 1895,1461 1922,1461 1950,1463"/>
                <TextEquiv>
                    <Unicode>gelopt. und ist sollichen den Chor¬</Unicode>
                </TextEquiv>
            </TextLine>
            <TextLine id="r2l21" custom="readingOrder {index:20;}">
                <Coords points="1389,1504 1416,1495 1448,1515 1605,1490 1638,1508 1680,1498 1719,1525 1785,1517 1824,1548 1861,1552 1889,1531 1943,1548 1948,1465 1765,1477 1551,1435 1473,1461 1392,1457"/>
                <Baseline points="1401,1487 1427,1486 1454,1485 1481,1485 1507,1487 1534,1487 1561,1488 1587,1490 1614,1491 1641,1491 1668,1494 1694,1497 1721,1498 1748,1500 1774,1502 1801,1504 1828,1507 1854,1508 1881,1511 1908,1512 1935,1514"/>
                <TextEquiv>
                    <Unicode>gricht zu Röüttigen zugschriben</Unicode>
                </TextEquiv>
            </TextLine>
            <TextLine id="r2l22" custom="readingOrder {index:21;}">
                <Coords points="1399,1543 1416,1543 1425,1552 1446,1543 1472,1553 1487,1549 1512,1575 1531,1574 1534,1501 1498,1501 1489,1506 1479,1500 1467,1501 1450,1515 1430,1511 1419,1521 1400,1522"/>
                <Baseline points="1410,1535 1438,1537 1466,1538 1494,1539 1523,1542"/>
                <TextEquiv>
                    <Unicode>worden.</Unicode>
                </TextEquiv>
            </TextLine>
            <TextLine id="r2l23" custom="readingOrder {index:22;}">
                <Coords points="1498,1663 1529,1660 1537,1666 1558,1654 1594,1655 1655,1682 1692,1679 1693,1601 1669,1609 1645,1588 1610,1577 1569,1589 1549,1578 1518,1588 1500,1582"/>
                <Baseline points="1508,1650 1537,1649 1566,1649 1595,1649 1624,1649 1653,1651 1682,1653"/>
                <TextEquiv>
                    <Unicode>Lonng.</Unicode>
                </TextEquiv>
            </TextLine>
            <TextLine id="r2l24" custom="readingOrder {index:23;}">
                <Coords points="1381,1721 1444,1731 1473,1709 1561,1708 1926,1738 1983,1728 1985,1675 1951,1662 1889,1686 1785,1658 1754,1686 1728,1665 1631,1688 1597,1660 1525,1680 1479,1644 1426,1655 1384,1633"/>
                <Baseline points="1391,1707 1420,1707 1449,1706 1478,1705 1507,1706 1536,1706 1565,1706 1595,1707 1624,1708 1653,1710 1682,1711 1711,1713 1740,1714 1769,1715 1799,1717 1828,1718 1857,1719 1886,1719 1915,1721 1944,1721 1974,1721"/>
                <TextEquiv>
                    <Unicode>Alls den Anna von Heimberg, Jacob</Unicode>
                </TextEquiv>
            </TextLine>
            <TextLine id="r2l25" custom="readingOrder {index:24;}">
                <Coords points="1378,1780 1475,1752 1569,1756 1601,1788 1657,1763 1683,1784 1808,1768 1838,1790 1863,1768 1899,1788 1961,1772 1963,1727 1831,1745 1695,1717 1584,1728 1561,1708 1527,1730 1473,1709 1443,1731 1380,1723"/>
                <Baseline points="1389,1754 1417,1752 1445,1752 1473,1752 1501,1752 1529,1752 1557,1753 1585,1754 1613,1755 1641,1757 1669,1758 1697,1760 1725,1762 1753,1763 1781,1764 1809,1766 1837,1766 1865,1767 1893,1767 1921,1767 1950,1766"/>
                <TextEquiv>
                    <Unicode>Rouber des altten statthaltters</Unicode>
                </TextEquiv>
            </TextLine>
            <TextLine id="r2l26" custom="readingOrder {index:25;}">
                <Coords points="1372,1814 1587,1816 1639,1847 1680,1824 1771,1854 1842,1826 1968,1847 1971,1767 1849,1794 1817,1774 1684,1785 1654,1768 1598,1790 1544,1757 1373,1777"/>
                <Baseline points="1383,1809 1411,1809 1440,1808 1469,1808 1498,1809 1527,1810 1555,1811 1584,1811 1613,1814 1642,1815 1671,1816 1699,1817 1728,1820 1757,1821 1786,1823 1815,1824 1843,1824 1872,1825 1901,1826 1930,1825 1959,1824"/>
                <TextEquiv>
                    <Unicode>im obersibenthal, husfrouw, sich</Unicode>
                </TextEquiv>
            </TextLine>
            <TextLine id="r2l27" custom="readingOrder {index:26;}">
                <Coords points="1378,1868 1533,1880 1562,1866 1628,1906 1699,1882 1735,1909 1840,1874 1899,1895 1962,1887 1964,1848 1842,1825 1771,1854 1672,1825 1639,1847 1587,1816 1523,1840 1458,1811 1380,1819"/>
                <Baseline points="1389,1859 1417,1859 1445,1860 1473,1860 1501,1862 1529,1863 1557,1865 1586,1865 1614,1867 1642,1868 1670,1870 1698,1871 1726,1872 1754,1873 1783,1875 1811,1875 1839,1875 1867,1877 1895,1877 1923,1875 1952,1875"/>
                <TextEquiv>
                    <Unicode>ab ime erklagen laßen durch Hans</Unicode>
                </TextEquiv>
            </TextLine>
            <TextLine id="r2l28" custom="readingOrder {index:27;}">
                <Coords points="1367,1929 1494,1914 1534,1941 1816,1934 1887,1954 1963,1937 1964,1894 1874,1895 1842,1874 1743,1906 1701,1881 1629,1904 1562,1866 1537,1886 1474,1864 1368,1868"/>
                <Baseline points="1377,1919 1405,1917 1434,1917 1463,1919 1492,1919 1521,1920 1549,1921 1578,1923 1607,1925 1636,1926 1665,1927 1693,1928 1722,1929 1751,1929 1780,1931 1809,1930 1837,1929 1866,1928 1895,1927 1924,1924 1953,1920"/>
                <TextEquiv>
                    <Unicode>Stuki und Hans von Heinberg iren</Unicode>
                </TextEquiv>
            </TextLine>
            <TextLine id="r2l29" custom="readingOrder {index:28;}">
                <Coords points="1376,1990 1540,2001 1573,1987 1597,2010 1636,1990 1701,2014 1814,1989 1844,2006 1922,1989 1950,2002 1951,1951 1923,1944 1869,1958 1817,1934 1698,1938 1644,1966 1612,1945 1557,1961 1472,1914 1377,1939"/>
                <Baseline points="1386,1976 1413,1976 1441,1977 1469,1979 1497,1980 1524,1982 1552,1983 1580,1984 1608,1985 1635,1986 1663,1986 1691,1987 1719,1988 1746,1988 1774,1988 1802,1988 1830,1986 1857,1986 1885,1985 1913,1983 1941,1982"/>
                <TextEquiv>
                    <Unicode>bruder, mitt anzeig, wie er sa</Unicode>
                </TextEquiv>
            </TextLine>
            <TextLine id="r2l30" custom="readingOrder {index:29;}">
                <Coords points="1373,2045 1410,2062 1494,2050 1561,2080 1700,2046 1835,2081 1923,2045 1976,2068 1976,2011 1921,1992 1852,2011 1815,1990 1711,2020 1635,1991 1599,2011 1558,1990 1411,1988 1374,2008"/>
                <Baseline points="1383,2036 1412,2036 1441,2037 1470,2038 1499,2039 1528,2040 1557,2041 1586,2042 1615,2042 1644,2043 1674,2044 1703,2045 1732,2045 1761,2045 1790,2045 1819,2045 1848,2043 1877,2043 1906,2042 1935,2040 1965,2039"/>
                <TextEquiv>
                    <Unicode>uff dem heisen ein ehetag uffrichen</Unicode>
                </TextEquiv>
            </TextLine>
            <TextLine id="r2l31" custom="readingOrder {index:30;}">
                <Coords points="1343,2102 1484,2123 1636,2103 1674,2132 1748,2109 1848,2126 1962,2100 1962,2065 1895,2049 1838,2081 1728,2058 1646,2056 1605,2082 1344,2063"/>
                <Baseline points="1353,2097 1384,2097 1416,2098 1447,2099 1479,2099 1510,2101 1542,2102 1573,2103 1605,2105 1636,2105 1668,2106 1699,2106 1731,2106 1762,2106 1794,2105 1825,2104 1857,2102 1888,2099 1920,2096 1952,2091"/>
                <TextEquiv>
                    <Unicode>das er aber bisshar nitt gethann,</Unicode>
                </TextEquiv>
            </TextLine>
            <TextLine id="r2l32" custom="readingOrder {index:31;}">
                <Coords points="1356,2182 1516,2165 1601,2191 1659,2177 1707,2203 1779,2181 1912,2186 1967,2160 1968,2097 1900,2130 1792,2112 1686,2139 1629,2105 1537,2128 1417,2104 1357,2115"/>
                <Baseline points="1367,2159 1396,2159 1426,2159 1455,2159 1485,2161 1514,2162 1544,2163 1573,2165 1603,2166 1632,2168 1662,2170 1692,2171 1721,2172 1751,2172 1780,2172 1810,2172 1839,2170 1869,2169 1898,2166 1928,2163 1958,2159"/>
                <TextEquiv>
                    <Unicode>Stein, wie er järlich by den fünfft der</Unicode>
                </TextEquiv>
            </TextLine>
            <TextLine id="r2l33" custom="readingOrder {index:32;}">
                <Coords points="1357,2233 1468,2223 1571,2264 1623,2244 1669,2267 1698,2245 1847,2272 1882,2242 1919,2263 1964,2240 1965,2162 1875,2199 1828,2178 1783,2208 1518,2167 1358,2182"/>
                <Baseline points="1367,2217 1396,2218 1425,2220 1455,2222 1484,2225 1514,2226 1543,2228 1572,2231 1602,2232 1631,2234 1661,2235 1690,2237 1719,2237 1749,2237 1778,2237 1808,2235 1837,2234 1866,2231 1896,2228 1925,2223 1955,2217"/>
                <TextEquiv>
                    <Unicode>sehr hundert pfunden in seiner husshaltung</Unicode>
                </TextEquiv>
            </TextLine>
            <TextLine id="r2l34" custom="readingOrder {index:33;}">
                <Coords points="1345,2299 1543,2301 1589,2327 1627,2310 1709,2341 1769,2317 1845,2314 1877,2341 1911,2310 1972,2316 1974,2251 1954,2244 1857,2277 1704,2247 1657,2268 1623,2244 1560,2277 1519,2238 1447,2256 1419,2226 1347,2252"/>
                <Baseline points="1356,2277 1386,2279 1416,2282 1446,2285 1477,2288 1507,2290 1537,2294 1568,2297 1598,2300 1628,2302 1659,2303 1689,2305 1719,2306 1749,2307 1780,2307 1810,2306 1840,2305 1871,2303 1901,2299 1931,2295 1962,2289"/>
                <TextEquiv>
                    <Unicode>verthun, Item wie er gredt, es sye dene</Unicode>
                </TextEquiv>
            </TextLine>
            <TextLine id="r2l35" custom="readingOrder {index:34;}">
                <Coords points="1345,2375 1434,2394 1529,2356 1567,2377 1639,2367 1683,2401 1741,2370 1841,2387 1948,2362 1949,2317 1915,2310 1877,2339 1814,2315 1705,2345 1628,2310 1591,2327 1543,2301 1347,2304"/>
                <Baseline points="1355,2340 1384,2343 1413,2346 1442,2349 1471,2351 1500,2354 1529,2357 1559,2358 1588,2361 1617,2363 1646,2363 1675,2364 1704,2366 1733,2366 1763,2366 1792,2364 1821,2363 1850,2362 1879,2359 1908,2357 1938,2352"/>
                <TextEquiv>
                    <Unicode>ein böser bitz zu essen worden, und</Unicode>
                </TextEquiv>
            </TextLine>
            <TextLine id="r2l36" custom="readingOrder {index:35;}">
                <Coords points="1358,2417 1543,2425 1565,2442 1598,2427 1642,2464 1681,2467 1733,2439 1812,2454 1835,2435 1927,2435 1929,2388 1879,2371 1835,2398 1742,2370 1642,2407 1507,2360 1465,2387 1430,2392 1401,2366 1359,2385"/>
                <Baseline points="1368,2408 1395,2409 1422,2411 1450,2413 1477,2415 1505,2418 1532,2421 1560,2422 1587,2425 1615,2428 1642,2429 1669,2431 1697,2432 1724,2433 1752,2433 1779,2433 1807,2432 1834,2431 1862,2429 1889,2426 1917,2421"/>
                <TextEquiv>
                    <Unicode>man dan hingegen inne rouben</Unicode>
                </TextEquiv>
            </TextLine>
            <TextLine id="r2l37" custom="readingOrder {index:36;}">
                <Coords points="1344,2508 1385,2512 1414,2488 1450,2509 1565,2493 1609,2522 1709,2531 1778,2503 1831,2538 1891,2492 1935,2494 1939,2425 1860,2435 1775,2477 1721,2445 1648,2471 1625,2449 1539,2451 1499,2421 1348,2418"/>
                <Baseline points="1356,2475 1384,2474 1413,2475 1441,2475 1470,2477 1498,2479 1527,2481 1555,2484 1584,2487 1612,2489 1641,2492 1669,2495 1698,2495 1726,2498 1755,2499 1783,2499 1812,2498 1840,2497 1869,2494 1897,2492 1926,2486"/>
                <TextEquiv>
                    <Unicode>verstanden, wie das er sich erlütteret</Unicode>
                </TextEquiv>
            </TextLine>
            <TextEquiv>
                <Unicode>köüttigen.
Alls dan Ester lieb von Thun pfarr
matter von Roüttigen der ehefange
esprochen, mitt anzeig, wie sy schon
vor ettwas zytts auch am thorgricht
von des wegen, das sy inne der ehren
gesprochen, erschinen, domalen aber
gescheiden worden, vnd fider hat habe
er ira uff ein nüws die ehe verhöfen
mitt andern und sya geschwengeret
dermahlen, das sy ein khind erzüget
welches sy für ehelich achte, dargeg
er ira keiner ehezusagung bekandt,
lich sin wellen, deß byschlaffs aber
nitt lougnenden sind sy haruff
alls eelütt zusamen bekent
worden, und sollend innerthalb den
nechst khomenden vierzeichen tagenn
kilchen rechte thun, sy habennd
gelopt. und ist sollichen den Chor¬
gricht zu Röüttigen zugschriben
worden.
Lonng.
Alls den Anna von Heimberg, Jacob
Rouber des altten statthaltters
im obersibenthal, husfrouw, sich
ab ime erklagen laßen durch Hans
Stuki und Hans von Heinberg iren
bruder, mitt anzeig, wie er sa
uff dem heisen ein ehetag uffrichen
das er aber bisshar nitt gethann,
Stein, wie er järlich by den fünfft der
sehr hundert pfunden in seiner husshaltung
verthun, Item wie er gredt, es sye dene
ein böser bitz zu essen worden, und
man dan hingegen inne rouben
verstanden, wie das er sich erlütteret</Unicode>
            </TextEquiv>
        </TextRegion>
        <TextRegion orientation="0.0" id="r3" custom="readingOrder {index:2;}">
            <Coords points="2061,399 2061,2535 2750,2535 2750,399"/>
            <TextLine id="r3l1" custom="readingOrder {index:0;}">
                <Coords points="2639,459 2656,460 2665,451 2675,452 2687,461 2713,436 2727,433 2722,378 2712,379 2708,375 2697,374 2687,377 2662,365 2650,366 2642,375 2632,375"/>
                <Baseline points="2648,431 2682,425 2717,425"/>
                <TextEquiv>
                    <Unicode>179.</Unicode>
                </TextEquiv>
            </TextLine>
            <TextLine id="r3l2" custom="readingOrder {index:1;}">
                <Coords points="2126,545 2243,515 2279,538 2392,508 2456,523 2531,501 2579,519 2610,490 2730,518 2746,514 2741,431 2686,461 2571,435 2481,468 2441,438 2367,436 2123,498"/>
                <Baseline points="2135,533 2165,528 2195,521 2225,517 2255,513 2285,510 2315,507 2345,504 2375,504 2405,501 2435,501 2465,500 2495,498 2525,498 2555,497 2585,496 2615,495 2645,493 2675,491 2705,487 2735,485"/>
                <TextEquiv>
                    <Unicode>habe er den ehetag nitt vffgericht, so</Unicode>
                </TextEquiv>
            </TextLine>
            <TextLine id="r3l3" custom="readingOrder {index:2;}">
                <Coords points="2122,592 2384,553 2532,564 2549,546 2651,570 2695,551 2692,500 2611,489 2578,520 2528,502 2419,526 2381,510 2331,532 2192,530 2120,560"/>
                <Baseline points="2132,584 2159,579 2187,574 2214,569 2242,565 2270,562 2297,559 2325,558 2352,555 2380,554 2408,552 2435,551 2463,550 2490,549 2518,549 2546,548 2573,546 2601,545 2628,545 2656,543 2684,540"/>
                <TextEquiv>
                    <Unicode>wellen, er inne aber noch uffrichten</Unicode>
                </TextEquiv>
            </TextLine>
            <TextLine id="r3l4" custom="readingOrder {index:3;}">
                <Coords points="2102,652 2180,625 2334,628 2369,603 2459,631 2520,598 2593,619 2641,595 2693,615 2727,602 2725,566 2385,553 2099,608"/>
                <Baseline points="2112,632 2142,627 2172,623 2202,619 2233,615 2263,613 2293,610 2323,607 2354,606 2384,605 2414,603 2444,602 2475,600 2505,600 2535,599 2565,597 2596,596 2626,595 2656,593 2686,591 2717,588"/>
                <TextEquiv>
                    <Unicode>und erhaltte sy nitt für die jhenige</Unicode>
                </TextEquiv>
            </TextLine>
            <TextLine id="r3l5" custom="readingOrder {index:4;}">
                <Coords points="2118,699 2197,680 2224,693 2253,673 2340,685 2390,661 2430,682 2524,654 2565,676 2612,651 2650,663 2726,642 2724,606 2619,624 2573,602 2460,631 2411,605 2388,629 2350,610 2333,630 2316,616 2114,638"/>
                <Baseline points="2127,686 2156,679 2186,674 2215,669 2245,666 2274,662 2304,660 2333,657 2363,656 2392,654 2422,654 2451,653 2481,653 2510,651 2540,651 2569,650 2599,649 2628,648 2658,647 2687,645 2717,642"/>
                <TextEquiv>
                    <Unicode>so ime den bösen bitz zu essen geben</Unicode>
                </TextEquiv>
            </TextLine>
            <TextLine id="r3l6" custom="readingOrder {index:5;}">
                <Coords points="2110,759 2271,747 2302,721 2346,748 2394,719 2428,735 2545,703 2757,729 2753,656 2717,672 2683,653 2644,682 2570,683 2526,655 2431,682 2381,662 2339,685 2200,677 2107,706"/>
                <Baseline points="2118,738 2149,734 2180,729 2211,725 2243,722 2274,719 2305,717 2337,714 2368,714 2399,712 2431,711 2462,710 2493,709 2524,708 2556,708 2587,707 2618,705 2650,705 2681,704 2712,702 2744,699"/>
                <TextEquiv>
                    <Unicode>habe, vnd begäre mitt ira redlich</Unicode>
                </TextEquiv>
            </TextLine>
            <TextLine id="r3l7" custom="readingOrder {index:6;}">
                <Coords points="2083,812 2137,825 2201,788 2272,783 2392,802 2474,768 2526,787 2604,758 2689,779 2760,764 2757,727 2690,705 2641,727 2545,702 2434,732 2393,718 2349,746 2313,725 2272,749 2224,735 2080,765"/>
                <Baseline points="2093,803 2125,798 2158,793 2191,788 2224,785 2257,780 2290,778 2322,774 2355,771 2388,770 2421,767 2454,765 2487,764 2520,762 2552,761 2585,761 2618,760 2651,759 2684,758 2717,758 2750,758"/>
                <TextEquiv>
                    <Unicode>hußgehaltten, Ist daruf an ein Erben</Unicode>
                </TextEquiv>
            </TextLine>
            <TextLine id="r3l8" custom="readingOrder {index:7;}">
                <Coords points="2095,858 2168,881 2294,836 2359,857 2425,831 2463,858 2586,820 2651,814 2677,837 2707,823 2704,778 2648,763 2592,781 2560,764 2527,786 2468,771 2411,801 2275,784 2197,789 2172,813 2092,809"/>
                <Baseline points="2105,848 2134,843 2164,841 2193,838 2223,836 2252,833 2282,831 2311,830 2341,828 2370,827 2400,825 2430,824 2459,822 2489,821 2518,819 2548,819 2577,817 2607,815 2636,813 2666,812 2696,809"/>
                <TextEquiv>
                    <Unicode>keitt geschriben worden, sy sollind sy</Unicode>
                </TextEquiv>
            </TextLine>
            <TextLine id="r3l9" custom="readingOrder {index:8;}">
                <Coords points="2103,939 2156,903 2272,893 2337,914 2390,887 2547,899 2601,877 2655,901 2752,881 2749,816 2554,843 2524,828 2465,858 2414,832 2324,864 2286,851 2165,878 2125,862 2100,880"/>
                <Baseline points="2111,903 2142,901 2174,897 2205,894 2237,892 2268,890 2300,888 2331,887 2363,884 2394,884 2426,882 2457,881 2489,879 2520,878 2552,876 2583,875 2615,873 2646,872 2678,870 2709,867 2741,864"/>
                <TextEquiv>
                    <Unicode>vermanen widerumb zu ime zekheren</Unicode>
                </TextEquiv>
            </TextLine>
            <TextLine id="r3l10" custom="readingOrder {index:9;}">
                <Coords points="2095,965 2344,948 2425,971 2475,946 2734,941 2732,884 2614,904 2580,883 2546,899 2390,886 2338,914 2309,893 2289,910 2156,902 2123,937 2094,932"/>
                <Baseline points="2106,957 2136,954 2167,952 2198,951 2229,948 2260,946 2291,944 2321,943 2352,940 2383,939 2414,937 2445,936 2476,933 2507,933 2537,932 2568,930 2599,929 2630,929 2661,927 2692,927 2723,927"/>
                <TextEquiv>
                    <Unicode>und ime das best ze thun, wo das</Unicode>
                </TextEquiv>
            </TextLine>
            <TextLine id="r3l11" custom="readingOrder {index:10;}">
                <Coords points="2090,1030 2209,1043 2332,999 2497,988 2522,1003 2572,979 2661,1009 2696,996 2692,929 2428,969 2275,947 2088,995"/>
                <Baseline points="2099,1014 2128,1013 2157,1010 2186,1008 2216,1006 2245,1003 2274,1001 2304,999 2333,996 2362,995 2392,992 2421,990 2450,989 2479,987 2509,986 2538,985 2567,984 2597,983 2626,983 2655,983 2685,984"/>
                <TextEquiv>
                    <Unicode>erheblich ist mitt heill, wo sy</Unicode>
                </TextEquiv>
            </TextLine>
            <TextLine id="r3l12" custom="readingOrder {index:11;}">
                <Coords points="2088,1102 2290,1057 2338,1082 2474,1046 2746,1060 2743,982 2644,1012 2591,988 2444,993 2373,1002 2346,1028 2315,1013 2289,1033 2085,1045"/>
                <Baseline points="2096,1073 2128,1070 2160,1066 2192,1063 2224,1061 2256,1058 2288,1056 2320,1053 2352,1052 2384,1050 2416,1049 2448,1047 2480,1046 2512,1045 2544,1044 2576,1043 2608,1043 2640,1043 2672,1041 2704,1041 2736,1041"/>
                <TextEquiv>
                    <Unicode>aber mitt darab thun wurde, soll</Unicode>
                </TextEquiv>
            </TextLine>
            <TextLine id="r3l13" custom="readingOrder {index:12;}">
                <Coords points="2095,1127 2184,1147 2281,1113 2427,1146 2481,1105 2554,1107 2606,1137 2685,1112 2747,1126 2745,1069 2616,1042 2568,1070 2475,1048 2337,1081 2289,1058 2094,1101"/>
                <Baseline points="2105,1118 2136,1118 2168,1118 2199,1116 2231,1115 2262,1113 2294,1112 2325,1110 2357,1108 2388,1107 2420,1106 2452,1104 2483,1103 2515,1103 2546,1101 2578,1101 2609,1101 2641,1101 2672,1103 2704,1104 2736,1107"/>
                <TextEquiv>
                    <Unicode>man sy mitt gfengknus straffen,</Unicode>
                </TextEquiv>
            </TextLine>
            <TextLine id="r3l14" custom="readingOrder {index:13;}">
                <Coords points="2110,1174 2194,1171 2263,1201 2463,1161 2686,1181 2712,1170 2712,1121 2632,1116 2606,1137 2481,1106 2348,1138 2281,1115 2203,1147 2109,1138"/>
                <Baseline points="2120,1166 2149,1166 2178,1166 2207,1167 2236,1167 2265,1166 2294,1166 2323,1166 2352,1164 2381,1164 2411,1163 2440,1163 2469,1161 2498,1161 2527,1160 2556,1160 2585,1160 2614,1160 2643,1161 2672,1161 2702,1163"/>
                <TextEquiv>
                    <Unicode>denne soll sy imme Rauber, wyl</Unicode>
                </TextEquiv>
            </TextLine>
            <TextLine id="r3l15" custom="readingOrder {index:14;}">
                <Coords points="2091,1237 2222,1217 2392,1250 2518,1213 2584,1233 2684,1215 2683,1175 2464,1161 2281,1196 2166,1171 2091,1182"/>
                <Baseline points="2102,1221 2130,1220 2159,1219 2187,1218 2216,1218 2244,1217 2273,1217 2301,1216 2330,1215 2358,1215 2387,1215 2416,1215 2444,1215 2473,1215 2501,1214 2530,1214 2558,1214 2587,1214 2615,1213 2644,1212 2673,1212"/>
                <TextEquiv>
                    <Unicode>sy kein rechtmeßige ursach zu</Unicode>
                </TextEquiv>
            </TextLine>
            <TextLine id="r3l16" custom="readingOrder {index:15;}">
                <Coords points="2094,1294 2149,1276 2179,1296 2228,1274 2310,1310 2335,1298 2469,1304 2490,1295 2490,1224 2435,1244 2337,1251 2306,1235 2249,1245 2232,1235 2204,1251 2093,1235"/>
                <Baseline points="2103,1272 2128,1271 2153,1271 2178,1271 2203,1271 2228,1271 2253,1272 2278,1272 2304,1272 2329,1272 2354,1272 2379,1272 2404,1271 2429,1271 2454,1269 2480,1268"/>
                <TextEquiv>
                    <Unicode>klagen nitt gehapt</Unicode>
                </TextEquiv>
            </TextLine>
            <TextLine id="r3l17" custom="readingOrder {index:16;}">
                <Coords points="2587,1277 2600,1276 2631,1303 2646,1293 2652,1298 2671,1292 2687,1301 2709,1291 2726,1292 2727,1235 2717,1234 2707,1224 2699,1226 2687,1217 2679,1223 2664,1218 2658,1224 2650,1218 2629,1238 2588,1235"/>
                <Baseline points="2597,1272 2627,1272 2657,1272 2687,1274 2717,1275"/>
                <TextEquiv>
                    <Unicode>costen</Unicode>
                </TextEquiv>
            </TextLine>
            <TextLine id="r3l18" custom="readingOrder {index:17;}">
                <Coords points="2090,1345 2143,1361 2173,1339 2200,1355 2280,1333 2306,1355 2357,1343 2419,1364 2443,1345 2494,1356 2533,1337 2572,1354 2572,1305 2541,1309 2513,1286 2406,1313 2357,1294 2298,1308 2229,1274 2180,1294 2151,1278 2090,1296"/>
                <Baseline points="2099,1332 2124,1332 2150,1331 2176,1331 2201,1329 2227,1329 2253,1329 2279,1329 2304,1329 2330,1330 2356,1331 2381,1331 2407,1331 2433,1331 2459,1331 2484,1331 2510,1331 2536,1331 2562,1331"/>
                <TextEquiv>
                    <Unicode>diser fart alhar abthras</Unicode>
                </TextEquiv>
            </TextLine>
            <TextLine id="r3l19" custom="readingOrder {index:18;}">
                <Coords points="2174,1414 2227,1404 2272,1438 2368,1415 2483,1431 2525,1399 2576,1409 2576,1347 2533,1337 2462,1364 2443,1348 2403,1350 2370,1373 2354,1362 2327,1377 2282,1346 2207,1381 2174,1373"/>
                <Baseline points="2184,1404 2209,1402 2235,1401 2260,1400 2286,1400 2311,1400 2337,1401 2362,1401 2388,1401 2413,1401 2439,1401 2464,1401 2490,1401 2515,1401 2541,1400 2567,1398"/>
                <TextEquiv>
                    <Unicode>Zinstag den 18. junii</Unicode>
                </TextEquiv>
            </TextLine>
            <TextLine id="r3l20" custom="readingOrder {index:19;}">
                <Coords points="2066,1477 2315,1496 2378,1475 2417,1502 2456,1485 2541,1515 2613,1484 2733,1501 2734,1456 2577,1444 2535,1405 2465,1440 2369,1416 2254,1440 2208,1404 2146,1438 2100,1408 2067,1426"/>
                <Baseline points="2075,1472 2107,1472 2139,1472 2172,1473 2204,1473 2237,1473 2269,1475 2302,1475 2334,1475 2367,1476 2399,1477 2431,1478 2464,1478 2496,1479 2529,1480 2561,1481 2594,1481 2626,1482 2659,1483 2691,1484 2724,1484"/>
                <TextEquiv>
                    <Unicode>Praeses Herr Galdi. Cons. H. Walthartt.</Unicode>
                </TextEquiv>
            </TextLine>
            <TextLine id="r3l21" custom="readingOrder {index:20;}">
                <Coords points="2079,1533 2189,1523 2342,1547 2387,1530 2432,1562 2483,1534 2595,1566 2653,1541 2726,1573 2727,1504 2677,1484 2650,1506 2566,1489 2543,1511 2456,1485 2417,1502 2373,1472 2274,1497 2080,1486"/>
                <Baseline points="2090,1518 2121,1520 2152,1521 2184,1521 2215,1521 2246,1523 2278,1523 2309,1524 2340,1524 2372,1524 2403,1526 2434,1526 2466,1526 2497,1527 2528,1528 2560,1529 2591,1530 2622,1532 2654,1533 2685,1535 2717,1536"/>
                <TextEquiv>
                    <Unicode>mincht. Herr haller linin Rüsch, doch</Unicode>
                </TextEquiv>
            </TextLine>
            <TextLine id="r3l22" custom="readingOrder {index:21;}">
                <Coords points="2097,1606 2197,1592 2209,1600 2232,1586 2254,1607 2273,1600 2321,1613 2381,1582 2430,1593 2431,1549 2392,1554 2368,1531 2339,1548 2313,1535 2227,1537 2179,1524 2162,1538 2138,1521 2127,1531 2099,1522"/>
                <Baseline points="2108,1572 2134,1571 2160,1571 2186,1571 2212,1572 2238,1572 2264,1574 2290,1574 2316,1575 2342,1576 2368,1577 2394,1577 2420,1578"/>
                <TextEquiv>
                    <Unicode>selhofer, zechender.</Unicode>
                </TextEquiv>
            </TextLine>
            <TextLine id="r3l23" custom="readingOrder {index:22;}">
                <Coords points="2238,1712 2297,1720 2317,1709 2334,1725 2383,1709 2414,1717 2434,1702 2458,1702 2458,1639 2429,1639 2384,1666 2358,1658 2327,1634 2237,1624"/>
                <Baseline points="2247,1692 2272,1690 2297,1689 2322,1688 2347,1688 2372,1689 2397,1689 2422,1689 2447,1688"/>
                <TextEquiv>
                    <Unicode>Gastgricht.</Unicode>
                </TextEquiv>
            </TextLine>
            <TextLine id="r3l24" custom="readingOrder {index:23;}">
                <Coords points="2247,1777 2281,1760 2345,1794 2400,1777 2425,1793 2453,1768 2506,1783 2505,1732 2477,1737 2456,1723 2384,1710 2340,1731 2313,1711 2295,1715 2266,1687 2245,1685"/>
                <Baseline points="2256,1764 2282,1763 2309,1762 2336,1761 2362,1761 2389,1760 2416,1760 2442,1760 2469,1760 2496,1761"/>
                <TextEquiv>
                    <Unicode>Diemptingen.</Unicode>
                </TextEquiv>
            </TextLine>
            <TextLine id="r3l25" custom="readingOrder {index:24;}">
                <Coords points="2083,1844 2255,1819 2316,1849 2480,1830 2612,1850 2708,1843 2709,1812 2650,1808 2628,1785 2576,1804 2538,1778 2395,1801 2279,1760 2201,1788 2135,1741 2086,1750"/>
                <Baseline points="2094,1817 2124,1817 2154,1818 2184,1818 2215,1820 2245,1820 2275,1821 2305,1823 2336,1823 2366,1824 2396,1826 2426,1826 2457,1827 2487,1829 2517,1829 2547,1830 2578,1832 2608,1832 2638,1833 2668,1833 2699,1833"/>
                <TextEquiv>
                    <Unicode>Salome Klassner, spricht der Ehe an</Unicode>
                </TextEquiv>
            </TextLine>
            <TextLine id="r3l26" custom="readingOrder {index:25;}">
                <Coords points="2092,1884 2233,1872 2332,1894 2358,1874 2551,1889 2591,1913 2733,1889 2735,1848 2498,1846 2480,1829 2438,1848 2316,1849 2263,1826 2093,1837"/>
                <Baseline points="2103,1866 2134,1868 2165,1868 2196,1869 2227,1869 2258,1870 2289,1871 2320,1871 2351,1872 2382,1872 2413,1874 2444,1874 2475,1875 2506,1877 2537,1878 2568,1880 2599,1881 2630,1883 2661,1885 2692,1886 2723,1889"/>
                <TextEquiv>
                    <Unicode>Hans Kammer, mitt anzeig, wie er dra</Unicode>
                </TextEquiv>
            </TextLine>
            <TextLine id="r3l27" custom="readingOrder {index:26;}">
                <Coords points="2091,1923 2264,1947 2428,1927 2579,1961 2649,1940 2724,1961 2726,1889 2582,1910 2552,1890 2395,1879 2092,1884"/>
                <Baseline points="2102,1917 2132,1919 2163,1920 2193,1920 2224,1922 2255,1922 2285,1923 2316,1924 2346,1925 2377,1926 2408,1926 2438,1926 2469,1928 2499,1929 2530,1930 2561,1931 2591,1932 2622,1933 2652,1935 2683,1936 2714,1938"/>
                <TextEquiv>
                    <Unicode>die Ehe vffrecht, vnd redlich verheisen,</Unicode>
                </TextEquiv>
            </TextLine>
            <TextLine id="r3l28" custom="readingOrder {index:27;}">
                <Coords points="2094,1986 2147,1976 2185,1997 2230,1977 2337,1998 2412,1980 2506,2010 2535,1987 2710,1985 2711,1950 2682,1960 2639,1939 2574,1957 2409,1931 2284,1933 2257,1951 2094,1941"/>
                <Baseline points="2103,1976 2132,1976 2162,1976 2192,1976 2222,1976 2252,1976 2282,1976 2311,1976 2341,1977 2371,1977 2401,1977 2431,1977 2461,1979 2491,1979 2520,1979 2550,1979 2580,1979 2610,1979 2640,1979 2670,1979 2700,1979"/>
                <TextEquiv>
                    <Unicode>sy ouch dahin beredt, das sy ime denn</Unicode>
                </TextEquiv>
            </TextLine>
            <TextLine id="r3l29" custom="readingOrder {index:28;}">
                <Coords points="2074,2033 2131,2046 2174,2026 2274,2050 2295,2029 2333,2055 2429,2056 2615,2030 2650,2053 2725,2052 2726,1982 2636,2002 2563,1982 2509,2006 2467,1979 2295,2001 2228,1977 2074,1992"/>
                <Baseline points="2084,2027 2115,2025 2147,2024 2178,2024 2210,2024 2241,2022 2273,2023 2304,2024 2336,2024 2367,2024 2399,2025 2431,2025 2462,2027 2494,2027 2525,2028 2557,2030 2588,2030 2620,2031 2651,2031 2683,2031 2715,2031"/>
                <TextEquiv>
                    <Unicode>byschlaff vergünstiget, also das sy von</Unicode>
                </TextEquiv>
            </TextLine>
            <TextLine id="r3l30" custom="readingOrder {index:29;}">
                <Coords points="2080,2091 2262,2082 2300,2105 2353,2075 2382,2102 2411,2080 2468,2104 2558,2081 2723,2092 2723,2049 2650,2053 2615,2030 2566,2050 2515,2033 2331,2056 2303,2030 2270,2052 2080,2034"/>
                <Baseline points="2090,2075 2121,2075 2152,2075 2183,2075 2214,2075 2245,2075 2276,2076 2307,2076 2338,2076 2369,2076 2401,2076 2432,2076 2463,2078 2494,2078 2525,2078 2556,2078 2587,2078 2618,2078 2649,2079 2680,2079 2712,2079"/>
                <TextEquiv>
                    <Unicode>ime schwanger gange, sye derhalben</Unicode>
                </TextEquiv>
            </TextLine>
            <TextLine id="r3l31" custom="readingOrder {index:30;}">
                <Coords points="2077,2154 2163,2123 2384,2144 2413,2128 2465,2164 2507,2128 2729,2151 2730,2090 2560,2108 2411,2079 2384,2104 2350,2081 2303,2102 2078,2091"/>
                <Baseline points="2087,2124 2118,2123 2150,2123 2181,2123 2213,2123 2244,2124 2276,2124 2307,2124 2339,2126 2370,2126 2402,2127 2434,2127 2465,2127 2497,2129 2528,2129 2560,2130 2591,2130 2623,2130 2654,2130 2686,2130 2718,2129"/>
                <TextEquiv>
                    <Unicode>Ir begär an inne das sy inne er ira</Unicode>
                </TextEquiv>
            </TextLine>
            <TextLine id="r3l32" custom="readingOrder {index:31;}">
                <Coords points="2089,2187 2234,2205 2255,2184 2449,2179 2565,2201 2665,2189 2698,2210 2713,2144 2680,2157 2566,2133 2543,2152 2463,2126 2281,2154 2163,2122 2089,2155"/>
                <Baseline points="2099,2175 2129,2175 2159,2175 2189,2175 2219,2175 2250,2175 2280,2175 2310,2175 2340,2175 2370,2175 2401,2177 2431,2177 2461,2177 2491,2177 2521,2177 2552,2177 2582,2178 2612,2178 2642,2178 2672,2178 2703,2178"/>
                <TextEquiv>
                    <Unicode>in zusagen haltte, und den kirchgang</Unicode>
                </TextEquiv>
            </TextLine>
            <TextLine id="r3l33" custom="readingOrder {index:32;}">
                <Coords points="2083,2235 2267,2225 2506,2255 2541,2229 2594,2263 2647,2235 2725,2236 2725,2210 2672,2192 2507,2184 2458,2204 2386,2184 2333,2210 2264,2184 2233,2204 2084,2184"/>
                <Baseline points="2093,2223 2124,2223 2155,2224 2186,2225 2217,2225 2248,2226 2279,2226 2310,2226 2341,2228 2372,2228 2404,2228 2435,2228 2466,2228 2497,2229 2528,2229 2559,2229 2590,2231 2621,2231 2652,2231 2683,2232 2715,2234"/>
                <TextEquiv>
                    <Unicode>mitt ira volnbringe, entgegen er</Unicode>
                </TextEquiv>
            </TextLine>
            <TextLine id="r3l34" custom="readingOrder {index:33;}">
                <Coords points="2080,2284 2316,2303 2345,2282 2454,2282 2558,2290 2598,2318 2727,2290 2729,2227 2601,2261 2541,2229 2475,2256 2377,2231 2287,2256 2081,2235"/>
                <Baseline points="2090,2274 2121,2274 2152,2274 2184,2274 2215,2274 2247,2276 2278,2276 2309,2277 2341,2277 2372,2279 2404,2279 2435,2280 2466,2281 2498,2282 2529,2283 2561,2283 2592,2285 2623,2285 2655,2285 2686,2285 2718,2285"/>
                <TextEquiv>
                    <Unicode>ira keiner ehezusagung bekhandtlich</Unicode>
                </TextEquiv>
            </TextLine>
            <TextLine id="r3l35" custom="readingOrder {index:34;}">
                <Coords points="2086,2341 2148,2324 2280,2347 2352,2325 2386,2361 2574,2345 2612,2370 2650,2347 2720,2370 2722,2319 2676,2295 2595,2317 2564,2289 2345,2282 2271,2306 2214,2281 2144,2300 2088,2281"/>
                <Baseline points="2096,2328 2126,2327 2157,2327 2188,2327 2219,2327 2249,2327 2280,2327 2311,2328 2342,2328 2372,2330 2403,2331 2434,2333 2465,2334 2495,2335 2526,2337 2557,2339 2588,2340 2618,2342 2649,2343 2680,2344 2711,2346"/>
                <TextEquiv>
                    <Unicode>sin wellen, des byschlaffs aber nitt</Unicode>
                </TextEquiv>
            </TextLine>
            <TextLine id="r3l36" custom="readingOrder {index:35;}">
                <Coords points="2071,2383 2127,2406 2249,2378 2334,2406 2461,2383 2562,2411 2692,2400 2694,2349 2613,2371 2567,2348 2332,2351 2310,2329 2281,2347 2255,2331 2073,2344"/>
                <Baseline points="2082,2375 2112,2373 2142,2373 2172,2373 2202,2373 2232,2374 2262,2375 2292,2376 2322,2376 2352,2378 2382,2380 2412,2381 2442,2382 2472,2384 2502,2385 2532,2387 2562,2390 2592,2391 2622,2393 2652,2394 2682,2396"/>
                <TextEquiv>
                    <Unicode>lougnenden Cognitum, die wyl</Unicode>
                </TextEquiv>
            </TextLine>
            <TextLine id="r3l37" custom="readingOrder {index:36;}">
                <Coords points="2074,2430 2220,2450 2372,2440 2428,2462 2482,2447 2514,2470 2600,2459 2670,2486 2705,2484 2710,2411 2515,2396 2437,2420 2388,2390 2334,2407 2316,2391 2119,2405 2077,2389"/>
                <Baseline points="2084,2427 2114,2427 2145,2427 2175,2427 2206,2427 2237,2429 2267,2430 2298,2432 2329,2433 2359,2435 2390,2437 2421,2440 2451,2442 2482,2445 2513,2447 2543,2451 2574,2453 2605,2456 2635,2459 2666,2462 2697,2465"/>
                <TextEquiv>
                    <Unicode>der verantwortter, ira keiner</Unicode>
                </TextEquiv>
            </TextLine>
            <TextLine id="r3l38" custom="readingOrder {index:37;}">
                <Coords points="2050,2519 2102,2507 2288,2538 2375,2514 2482,2551 2563,2527 2592,2551 2692,2553 2721,2550 2725,2487 2555,2455 2478,2471 2355,2438 2221,2453 2198,2435 2055,2435"/>
                <Baseline points="2061,2501 2093,2496 2126,2492 2158,2489 2191,2488 2223,2487 2256,2487 2288,2489 2321,2490 2353,2493 2386,2496 2419,2499 2451,2502 2484,2506 2516,2510 2549,2512 2581,2515 2614,2517 2646,2520 2679,2522 2712,2522"/>
                <TextEquiv>
                    <Unicode>ehezusagung bekhandtlich sin wellen</Unicode>
                </TextEquiv>
            </TextLine>
            <TextEquiv>
                <Unicode>179.
habe er den ehetag nitt vffgericht, so
wellen, er inne aber noch uffrichten
und erhaltte sy nitt für die jhenige
so ime den bösen bitz zu essen geben
habe, vnd begäre mitt ira redlich
hußgehaltten, Ist daruf an ein Erben
keitt geschriben worden, sy sollind sy
vermanen widerumb zu ime zekheren
und ime das best ze thun, wo das
erheblich ist mitt heill, wo sy
aber mitt darab thun wurde, soll
man sy mitt gfengknus straffen,
denne soll sy imme Rauber, wyl
sy kein rechtmeßige ursach zu
klagen nitt gehapt
costen
diser fart alhar abthras
Zinstag den 18. junii
Praeses Herr Galdi. Cons. H. Walthartt.
mincht. Herr haller linin Rüsch, doch
selhofer, zechender.
Gastgricht.
Diemptingen.
Salome Klassner, spricht der Ehe an
Hans Kammer, mitt anzeig, wie er dra
die Ehe vffrecht, vnd redlich verheisen,
sy ouch dahin beredt, das sy ime denn
byschlaff vergünstiget, also das sy von
ime schwanger gange, sye derhalben
Ir begär an inne das sy inne er ira
in zusagen haltte, und den kirchgang
mitt ira volnbringe, entgegen er
ira keiner ehezusagung bekhandtlich
sin wellen, des byschlaffs aber nitt
lougnenden Cognitum, die wyl
der verantwortter, ira keiner
ehezusagung bekhandtlich sin wellen</Unicode>
            </TextEquiv>
        </TextRegion>
        <TextRegion orientation="0.0" id="r4" custom="readingOrder {index:3;}">
            <Coords points="2733,2191 2733,2342 2778,2342 2778,2191"/>
            <TextLine id="r4l1" custom="readingOrder {index:0;}">
                <Coords points="2724,2302 2734,2302 2746,2308 2758,2295 2779,2315 2789,2314 2788,2255 2765,2256 2757,2262 2755,2260 2751,2265 2739,2265 2723,2270"/>
                <Baseline points="2733,2292 2778,2291"/>
                <TextEquiv>
                    <Unicode>h</Unicode>
                </TextEquiv>
            </TextLine>
            <TextEquiv>
                <Unicode>h</Unicode>
            </TextEquiv>
        </TextRegion>
    </Page>
</PcGts>
