4032 3024
1289 333 1409 438 312.
1543 403 1703 512 Riez.
1394 461 2019 651 Danient schonet hart zu geblichen
1439 561 2018 702 der Ehe ansprochen, mitt anzeig ver¬
1428 612 1486 694 6
1484 616 1999 732 eines abendts spatt uss glande
1407 660 2006 794 sorestiers hus zu die gangen zu
1397 719 1984 829 da er sy angsprochen, sy nitt
1417 769 2014 901 willens wären, die veranlagete
1409 824 2005 949 ehe in volkstellen welchen, spreche
1408 882 2019 1013 so es müsste an ira nitt erwenden
1393 921 2009 1050 daruff er zu ira gesprochen, erwelte
1399 1004 2010 1111 kein ander wyb haben, dan sy und
1395 1047 1983 1171 sy seytte, sy weltte auch keinen
1405 1121 2001 1225 anderen man haben dan inne
1402 1179 1991 1278 begärtt hiemitt, das sy den kilch¬
1405 1238 1948 1337 gang mitt ime volnbringe
1393 1287 1979 1386 entgegen, die versprecher ime
1394 1351 2001 1452 dheiner ehezusagung bekhendtlich
1388 1392 2000 1490 sin wellen, vnd begärtt hiemitt
1400 1455 1984 1539 von im aller ehelich ansprach
1401 1498 1975 1584 ledig erkent ze werden. Cognitio
1394 1553 1984 1630 Diewyl die verantworter dem
1402 1600 1995 1687 Cleger dhein er ehelichen zusagung
1394 1648 1979 1735 bekhandtlich sin wellen, und er sy
1384 1701 1998 1790 mitt keiner thundtschafft, der vnder¬
1390 1761 1976 1835 richt mögen, so sölle deshalb
1374 1803 1993 1903 diße Eheansprach uffgehept, vnd
1366 1865 1983 1950 jedem erloupt sin, sich anderhal
1365 1915 1951 2015 Zeuerehelich, vnd Jede parchen
1374 1976 1981 2069 Iten costen an ira selbs haben
1375 2025 1981 2120 wyl das Consistorium die sach
1372 2087 1589 2171 anchriben.
1356 2139 1972 2245 der landtvogt zu Losanna solle
1383 2221 1951 2291 vermeltten Thoret, von wegen
1351 2264 1963 2346 er die dochter im wirttshusshing
1367 2314 1971 2401 schlüßel alhie in irer Camerenn
1369 2367 1987 2463 überfallen, und die ehe angemuttet,
1368 2416 1959 2524 aber das, das sy mitt einanderenn
1344 2480 1984 2581 in anhanigendem rechten gestannden.
1372 2531 1945 2638 mitt 3 tägiger gfangenschafft
1385 2587 1544 2674 taffen,
2638 377 2721 452 313.
2106 404 2708 530 Mitwuchen den 17. julii 15942
2102 494 2513 575 Praeses herr Walthart,
2099 519 2694 613 minist herr die h. walthartt
2109 579 2737 689 linium Rüsch dachselhofer zechenderen.
2243 650 2434 755 Losanna
2096 734 2752 829 Maria faure, welche Ir Recht mitt
2114 800 2756 879 citiren, gegen Johan Canz, Iren
2112 843 2726 928 hingeloffnen Eheman verfurtt, Ist
2125 900 2740 986 von ime der ehehalb uffgelegt, und
2099 943 2749 1038 ira erloupt, sich ander fart zeuereche.
2102 1018 2735 1081 lichen, sy mag sich iren erlittnen
2106 1049 2719 1145 fostens, uff sinem gutt erhollen.
2251 1117 2475 1203 Losanna
2101 1171 2753 1303 gsable Baillich, welche Ir Recht mitt
2104 1275 2738 1367 citieren gegen Jacques Pitten iren
2083 1332 2743 1427 hin geloffnen eheman verfhurt, ist
2083 1389 2724 1485 von demselben, wyl ira niemandt
2082 1452 2718 1554 im rechten begägnet, der ehehalb
2104 1513 2721 1630 uffgelegt, und ime erlaupt, das sy
2099 1580 2712 1693 sich anderfart verehelichen möge, sy
2099 1650 2733 1766 mag sich ires erlittnen costens uff
2100 1711 2456 1824 sinem gutt erhollen,
2228 1817 2437 1905 Losanna.
2095 1897 2752 2013 francoise Thibauld, welche ir recht
2101 1983 2726 2062 mitt citieren, gegen Johan Luccas
2092 2036 2757 2123 irem hingeloffnen eheman verfurt
2087 2090 2714 2188 Ist der ehehalb von imme uffgelöst,
2098 2157 2738 2266 und ira erloupt, das sy sich ander
2089 2229 2735 2327 fart verehelich möge. Sy mag sich
2727 2223 2764 2313 .
2092 2301 2769 2403 ouuch iren erlittnen costenn, uff sinem
2103 2359 2369 2452 gutt erhollen,
2078 2427 2746 2544 Man hatt diser dryen mans personen
2104 2496 2732 2581 halb, wyl sy in krieg zogen, nütt an
2107 2547 2705 2624 landtvogt gschriben, das er sy mitt
2113 2591 2548 2681 dem eyd verwysen solle,
