4032 3024
662 484 743 557 152.
1205 348 1299 460 150
857 530 1157 627 Uff eweren würden
1190 500 1916 634 derren der Chorrichteren turtza
888 572 1900 690 was Jacob Germanet der ellter anlich lange
893 611 1862 717 lassenn, da aber ir vermeint doch mit
906 661 1860 753 rrürenn wellen, darüber ettwas wytters
878 701 1861 807 geterkennen, sonsters die sach zuuor an nun
863 764 1822 856 gnädig herren gebringen, habend ir g
881 803 1894 903 sy widerumb für vel geschlagenn, und gerha
884 844 1879 930 tenn, das ir heren endtschlussenen der
881 892 1832 967 Satzung darüber geben, ob namlich imme
882 961 1894 1036 gewillfaret, oder er by der schidigung zbet
877 994 1899 1102 und bisch nochmalen blyben sölle. Actum
861 1040 1152 1129 9. Marti
1160 1065 1375 1142 d 4.
1279 1239 1811 1362 Sunderschryber etc.
1826 2530 1882 2641 .
2536 295 2617 385 133
2097 394 2242 504 Per.
2101 385 2639 558 ossers Ehemanderen sie
2015 470 2573 622 vor minen herren den eherichteren
1977 486 2101 589 Dem
2017 509 2628 674 erklagt, wie ihme schwerlich fallen wolle
2022 561 2617 715 in haben, also in einsam keytt zeuer¬
2010 628 2627 790 schlyhen und deshalb an min herren
2006 668 2612 838 begartt, sy eintwäders ein frouw
1999 722 2606 883 ferena Fischer dahin halttend, das
2031 776 2633 908 widerumb zu ime eheren oder aber
2039 843 2600 962 allerdingen von einanderen
2012 875 2629 1021 heidind, vnd die schidigung zbett, vnd
1992 943 2625 1075 stisch uffhebind, habend gesagt mine
1993 984 2629 1145 Herren zuur an Ir gnaden die Rhatt
2007 1061 2630 1174 gewisen, und nach den dieselb inne
1993 1119 2629 1242 beuolchen, das sy ir urtheil darüber
2004 1188 2629 1282 geben söltind, habend sy demnach
1984 1245 2638 1359 Ich krafft der satzung, so meldung thun
1981 1317 2595 1399 wen eine ehementsch, wittig.
1985 1375 2621 1463 und unserig werde, also das das
1985 1426 2598 1526 ander sines lybs und läbens
1984 1493 2616 1583 neben Ime nitt sicher sye, vnd
1986 1548 2643 1650 sich nun augen schynlich vilmal
1973 1612 2631 1704 befunden, das er Gomett Wüttig
1983 1670 2636 1772 nd unsinig worden, dermahlen
1965 1719 2648 1838 das sy mitt neben ime ires lybs
1963 1783 2612 1885 und läbens nitt sicher glin, und
1964 1849 2617 1951 dhein besserung vorhanden, das
1961 1902 2618 2014 deßhalb sy aller ehelichen ansprach
1984 1970 2635 2073 von ein anderen ledig sin sollend.
1962 2024 2646 2141 mitt erlouptnus sich beider sydts
1969 2072 2644 2199 anderfart zeuer ehelichen, doch das
1969 2131 2652 2248 rdomet sich mitt dheiner verspreche, mit
1955 2194 2615 2317 dero er furi getheilen haben möchte,
1947 2244 2648 2375 denne soller die personster zechelichen
1960 2319 2650 2426 willens, vor einen herren stellen
2058 2369 2648 2460 werde zuen erloupt denne
1966 2405 2671 2533 soll er sich ab der gassen, da sie vorigen
1974 2450 2657 2558 husfrouw, frena fischer sesschafft mitt
1973 2500 2638 2622 husshäblichen sich entschen der ersten
1984 2549 2176 2631 sttheiltt,
