4032 3024
1433 422 1756 553 Rothmend.
1313 535 1939 695 an landtvogt zu Sammen, soll
1330 611 1934 752 Anthoine Rossier, von wegen
1359 685 1932 796 es jacgnes Rossier zu ime zu
1373 741 1926 859 fast geladen, vnd erpatten
1325 802 1925 913 das er wyl es nacht unnd
1363 868 1917 992 böss wetter gsin, by ime in
1355 933 1931 1058 sinem hus übernacht blyben
1346 1031 1928 1127 weltte, nach dem er sich zu
1349 1102 1919 1200 bett gelegt, er Anthonie zu
1364 1167 1931 1281 gfharen, ein wer zugke und
1354 1234 1914 1343 troüwt im Jacgnds, damit
1333 1298 1896 1422 zeschlachen und uffgemachten,
1354 1377 1908 1458 vnd nitt für khan, dan das er
1335 1429 1940 1539 Anthoine, imer Jacques entschuldigen
1345 1507 1939 1592 muß, das er keiner bösten meinung
1348 1560 1928 1666 zu ime khon, und selbs nitt getellen
1345 1631 1913 1737 das er von dess bösen wetters
1351 1695 1931 1813 wegen heimbgienge, vnd selbs
1358 1760 1926 1874 behaltten, mitt dry tägiger
1349 1831 1909 1948 gfangen schafft straffen, Jaggind
1353 1909 1928 2024 Rossier aber, solle aller straff fry
1354 1982 1890 2091 sin. Denne solle er authoine
1685 2069 1891 2151 den costenn,
1358 2115 1899 2238 so er von seiet wägen alhie us
1344 2189 1889 2315 geben, und doben erlitten haben
1343 2252 1754 2374 möchte widerbekheren,
2520 322 2640 420 107
2078 439 2303 549 getschmünde.
2016 462 2618 626 Ils den Maria Rossier, Anthoine
2013 540 2659 670 Rosiers tochter von Ehebruchs wegen
2026 581 2667 719 s sy mitt Anthoine Rossier, Hans Rosser
2014 631 2622 763 son begangen, von Anthoine platet
2020 670 2608 818 gescheiden worden, und ira in jar
1989 744 2640 855 wartzill zil uffgeleitt wordenn
2035 783 2662 895 Ich daruor mitt niemandts zeuer¬
2034 824 2643 977 ehelichen degen ungeacht, hatt sy
2032 885 2630 1014 ich mitt quillaume verthollet
2018 937 2674 1073 ehelich versprochen, und den byschlaff
2007 995 2669 1156 gethan, hiezwüschen ouch sidt der
2019 1068 2666 1189 schidigung, mitt obnermeltten
2015 1112 2615 1244 Anthoine Rossier, welcher ein
2016 1154 2683 1294 ursach der schidigung zwüschen Ire
2031 1224 2687 1368 theman, vnd ira gsin, ein verhe¬
2022 1292 2681 1413 lich khind erzüget, hiemitt den
2011 1345 2679 1460 dritten ehebruch vergangen, dan
2027 1388 2683 1509 diewyl sy vor erlouptnus sich
2020 1458 2697 1574 ehelich versprochen, und den byschlaf
2022 1509 2686 1641 verbracht, wirtt solliches ira auch
2017 1588 2629 1680 für ein ehebruch gerechnet
2008 1648 2647 1737 Ist ir mitt Ime verhollet
2029 1690 2647 1798 bezogne ehe hiemitt fur vnbe
2207 1748 2666 1838 erkent worden, und ir
2028 1803 2671 1910 handel für ein hoche oberkeytt
2022 1863 2707 1970 geschlagen worden sy nach gefallen
2012 1940 2275 2061 zestraffen
