4032 3024
1292 330 1427 445 262
1510 399 1963 557 Mitwuchen 5. Jung ihre
1532 500 1997 612 H. Baldin Ministri er sammen
1540 553 1996 670 Er halle, eines Dachselhoffen
1570 607 1976 723 zechender, wiechselman
1602 710 1755 802 Bern
1401 763 2002 903 Hans Stäli züget, das Ulli Glanzen
1428 858 1986 971 und Jacob Müller inne uff ein zytt
1411 915 1988 1011 In sin glanzends hus gfür zum
1415 968 1991 1056 nachmal, vnd als sie glautmas
1387 1013 1976 1115 jung frouw für sin hur abhin
1407 1074 1980 1182 gangen wyn reicht, habe sin zu
1408 1129 1987 1239 frouw, vnd andere zusamme gredt,
1403 1183 1981 1275 ob sy sonst nienert hinkhomendt
1413 1233 1985 1324 khommen, dan in ein sollich verlündet
1408 1287 1976 1378 hus, welliches gemeltt Jungfraw
1399 1344 1963 1424 etwas baß gefideret, der glantz¬
1400 1403 1982 1494 naminis zu den tragen, die Ime
1407 1443 1977 1545 angehaltte, vnd gesagt, wan er ein
1399 1491 1954 1600 byder man sye solle er sy schlachen,
1393 1568 1960 1654 Ja wan er eins mans wärt, dan
1385 1614 1935 1697 wan sy je man wäre, so weltte sy
1398 1664 1961 1756 ruch mit Iren handtes vnd Ime
1384 1727 1955 1816 so lang angehaltte, das er gesagt
1400 1785 1965 1870 er wolle heim, wan es also er gede
1390 1830 1952 1917 so wil ich sy mit diserem stäcken
1380 1884 1950 1973 den er genomme, so ime zue hand
1372 1930 1912 2028 gelegt worden sey schiene be¬
1368 1980 1947 2078 hab aber doch solliches nit in vog
1380 2044 1927 2125 gestelt, das er syn gestehagen. Item
1369 2095 1947 2187 er sy unlangest zu khoufflüthe
1362 2128 1962 2235 bin wyn gsin, dahin die gemelte
1363 2190 1929 2297 jung frouw Cancellers tochter
1369 2248 1938 2347 khommen, gefragt, ob ir frauw die
1377 2306 1922 2409 glantzmanninen nit da sye, auch
1365 2354 1915 2459 Rubeli nach gefragt, do man fra
1375 2414 1960 2510 anzeige zu, hat sy gesagt es schul
1372 2461 1933 2566 dis hab er uff das schweige gehörten.
1356 2520 1930 2625 und glich die ging frauw sachen
2593 351 2705 435 265.
2108 410 2712 527 ein purdi schlüssel heimtragen, das
2058 456 2729 590 wol zeit maße, das die glanzemend
2088 560 2274 657 zn gsin seyn
2083 607 2716 732 Die hus frouw zum khouff lüthen
2077 668 2714 789 zeigt an, das wol er schynner tagen
2087 717 2700 848 houpt und Rubeli dahin khommen und
2075 779 2666 908 nach der glanzmannine geschickt
2084 835 2674 953 mit anzeig wie er nit mehr zu zu
2082 885 2707 1005 husdorff, da sy dan ires handels
2076 956 2682 1062 halb in by sin ir der gezügen gredt,
2605 1016 2682 1066 .
2089 1009 2611 1117 wa auch gepatte, das sy es lasse
2084 1072 2698 1174 fründtlich abhandlen, dan sy zu ein
2073 1131 2699 1232 bos geschreykhommen, habendt da mit
2082 1183 2709 1269 einander wäder geste noch truncke
2070 1231 2707 1331 vnd mit vneherlichs volbracht. Werk
2070 1287 2636 1384 schynnes mertzen sye der Amman zu
2058 1352 2715 1446 Ostermundigen, ir glanzmannind pfarter
2068 1402 2702 1491 vnd sin husfrouw, sampt Rubeli, vnd
2071 1453 2719 1548 andere daher mit lob vns des bad zum
2065 1507 2705 1607 wynkhome, da sy nach zu geschickt, die
2076 1571 2714 1663 mit Inne da geste vnd truncken jedoch
2071 1624 2500 1711 nit vieherliches angefügen
2027 1673 2678 1793 Die Flintzind züget, als sy nächst
2071 1756 2686 1838 krütter gwünne, sy Rubeli, nöttins
2079 1811 2698 1889 sauth Müller in glanzmans mants
2075 1855 2689 1940 Sachen gut geschir machen, vnd wie
2089 1899 2710 1992 Sauthes frouw, letst vor Chagricht
2083 1959 2703 2046 min der glanzind gsin, hab sy bath
2080 2009 2723 2098 uff selbigen tag by ir glantz mannind
2079 2060 2721 2138 gesachen. Sy habe auch Otters frouw
2089 2111 2732 2200 in des altes kampffs hus heimgsuche
2072 2159 2678 2256 da selbst, die glanzmannind ent¬
2060 2212 2672 2305 Is knächte (die kempff spyße
2080 2270 2707 2345 domit sy ire mögend undtschafft
2079 2328 2696 2405 reden) uff das aller best Fisch vnd fleiss
2080 2372 2674 2454 eitfundessen, vnd trincke, da sy
2089 2422 2707 2499 glanzmanni gredt, das auch zu rath
2091 2466 2676 2558 Otters frauw gehört, das wüstli
2089 2516 2662 2614 muß mir daduren, es mit erlogen
2070 2564 2627 2666 haben, vnd mich entschlachen,
