4032 3024
1258 452 1336 548 9.
1387 455 1969 583 das er sich zu inen zum tisch setzen
1422 530 1980 634 weltte, welches er gethan, nach
1405 564 1975 670 dem und aber das abend brochen
1418 623 1979 714 uff gsin, sye er hinweg gangen
1403 663 1979 775 und habe weder vill nach wer
1417 715 1985 806 mitt der dienstmagt, mitt der
1487 765 1987 849 verschreyt, geredt, so vill
1437 793 1485 860 5
1394 817 1981 911 aber das anbelangt, das er nach
1421 872 1983 957 dia der jungfrouwen, in des
1402 925 1983 1018 bestetten machers hus geschikt
1401 978 1979 1073 haben solle, zeigt er an wie
1406 1040 1971 1115 er eines sontags zu predig
1402 1088 1977 1181 gan wollen, und do er zur
1406 1141 1981 1233 kilchen khomen, habe es schon
1413 1200 1975 1293 verlüttet than, und syend die
1410 1256 2002 1352 kilchthüren beschloßen gsin, das
1412 1308 1993 1400 dan er widerumb khert, habe
1419 1366 1989 1456 er den bestetten macher vor
1399 1415 1977 1507 dem hus stan funden, mitt
1402 1473 1993 1548 dem er in die stuben gangen
1407 1521 1995 1617 bald sye die alter frouw, so die
1405 1578 1964 1668 bottschafft sölle verricht haben.
1419 1631 1973 1720 ouch dahin zu inen khomen,
1417 1689 1925 1780 die ein barhosen, so trad
1424 1734 1962 1824 zuuerkauffen geben, in einem
1436 1798 1989 1877 korb gehabt, die zeigt an, wie
1429 1841 1982 1935 ein Kriegsman, dry kronen
1424 1891 1984 1979 daruff gotten hätte, das aber er
1580 1958 1990 2047 darumb nitt hingeben
1434 1996 2003 2100 und bewilligen wollen, und zuge
1431 2053 1992 2160 hiemitt an Gott, das er vonn
1437 2107 1986 2211 keiner der anklagten gottschafft
1432 2157 1959 2254 nütt wüße, so vill das
1437 2202 2002 2308 antrifft, das er eines donstige
1435 2263 2001 2383 wyl man in der predig gsin un
1432 2310 1993 2422 gsagt herrn Summels hin lange
1438 2369 1994 2488 ie, vermeinet er sölliches mitt
1442 2412 2009 2533 anzeigen, das kein biderman sölliche
1450 2471 2002 2586 von ime nitt reden solle, dem
1453 2525 2008 2668 uff das so er gezogen wirtt, das
2705 442 2757 509 3.
2081 464 2704 600 man inne vill im Stiffthoff
2079 523 2752 649 gesechen, zeigt er an, wie er eing
2089 578 2725 683 mals ein fast mitt wyn vor den
2091 614 2748 735 mören habe ligen gehapt, hätte er
2105 664 2717 775 dern ein zug gehapt, so ime das
2085 698 2786 832 für sin huß geschleüfft hätte, deshalb
2096 755 2771 870 er uff die stifft gangen, in meinung
2089 803 2771 937 den stifftschaffner umb seine roß
2106 854 2782 983 anzesprechen, welchen er aber nit
2105 907 2760 1020 anheimbsch funden, sondern allein
2117 965 2785 1080 in husfrauw, die inne zum knecht
2093 1023 2784 1126 gewisen, zu dem er in stal gangen
2092 1074 2789 1175 vnd Ine gepätt, das er Ime gesagten
2102 1124 2784 1233 faß zu seinem huss schleypfen wolten
2091 1172 2755 1292 der ime anzeigt, wie er solches
2101 1225 2750 1341 one sines etc. geheyß nitt thun
2104 1285 2752 1402 dörffe, damitt er hinus gangen
2122 1354 2759 1446 anderst sye es nitt ergangenen
2110 1397 2788 1477 mitt gutt man söllich ein versprechen
2102 1441 2750 1547 khommen woltte, und solliches zu
2130 1493 2738 1594 gfallen annemen. Cognitum
2109 1552 2752 1657 die wyl man inne nun vill und
2137 1606 2761 1710 dik gewarnet, das er sich seiner
2144 1674 2765 1767 schergerlichen wandels ab hätte,
2133 1723 2779 1815 das aber an Ime nitt erschoffenh
2128 1774 2762 1873 zu dem er sich von nichtiger sachen
2121 1830 2793 1924 wegen, da der hafft siner entschuldig,
2099 1890 2815 1982 gung nitt gelegen, hochlich verschrei¬
2121 1939 2783 2026 ren, da man aber zum Theill das
2130 1989 2790 2085 widerspill wol weyßt, so solle
2135 2039 2783 2139 er zur straff, bis nechstkünfftig
2115 2079 2821 2209 Iten tag in gefangenschafft geleget
2125 2168 2328 2266 werden.
2134 2246 2813 2347 uff montag dem 21. januarii ward gemelter
2142 2315 2792 2396 wyß us gefangen schafft gelassen und uff
2132 2359 2813 2437 das höchst vermandt, siner ehergerlichen und
2131 2406 2810 2484 verdechtigen läbens und wandels ze müßigen
2132 2452 2776 2530 Sonst werde er so die und vill es zu
2125 2499 2814 2585 beschulden khommen wurde, uff ein nütte
2148 2546 2797 2640 gestrafft werden, imme ist fünff pfundt
2124 2596 2725 2689 bus in die büchsen zegeben ufferlegt,
