4032 3024
1165 440 1217 523 15
1268 457 1874 580 Diewyl die Cleger, den veranttworten
1290 521 1868 616 mitt keiner khundtschafft, vnderrichte
1290 565 1865 667 mogen, das er ira die eheverheyschen
1280 614 1856 712 So sollind sy deshalb aller ehelichen an
1303 668 1878 770 von ein anderen ledig erkendt, und zu
1308 722 1887 810 nachgelassenen syn, das es sich anderseit
1298 768 1885 873 verehelichen möge, denne wenn syde
1292 833 1877 924 obgemeltten bylag geschwengerten
1304 877 1874 969 re, solle ira das khind, wan sy des
1308 924 1879 1009 genicht, vnd Ime wie brüchlich zu
1315 978 1880 1068 eignen wirdt, abnemmen, vnd für den
1314 1027 1875 1116 sie erzüchen, denne soller ira
1311 1088 1876 1161 allen zimlichen billichen fosten, die
1315 1133 1885 1224 handels halb uffgelüffen, ab ihre
1294 1185 1893 1277 hiemitt sollend auch die wortt vnd
1298 1241 1883 1331 werk, so zu beiden syden möchten kle
1318 1292 1887 1396 sine uff gehept, thod hin abfin
1312 1355 1635 1444 und mitt geltten.
1418 1501 1639 1603 Lentzburg.
1283 1558 1898 1674 an vogt zu Lentzburg, solle uff Bal¬
1301 1622 1860 1724 Chazar Rungkher flyßig acht
1317 1677 1858 1777 vnd wan er in ir gnaden land
1321 1739 1879 1814 betrett wurde, soll er Inne mitt
1315 1773 1809 1883 dem eyd daruf verwysenn.
1297 1866 1911 1973 an die vögt zu wangen, und erwangen
1322 1952 1903 2021 man habe uß reden und besprochen
1331 1987 1888 2073 gen, so wilhelm Brügger und sin sin
1318 2036 1718 2115 Uli Brügger, mitt Elbi
1324 2065 1864 2143 Hans Bernhart zu Niderberkenn
1306 2119 1897 2196 der ehhalb gehaltten, nitt finden khonne
1312 2161 1891 2244 das sy ihme brügger dem son die ehe
1324 2201 1909 2283 verheysen habe, der halben man ich
1317 2247 1885 2321 dhein wytter straff ufflegen wolle,
1310 2292 1915 2378 Diewyl und aber sy zu beiden theilten
1326 2335 1893 2431 möchten ettwas gefältt haben,
1329 2379 1894 2481 so söllind sy elffe und gesagter
1330 2420 1880 2522 zeliger, den kosten so die beide
1320 2472 1911 2568 herren vögt, in diser nachforschung
1331 2511 1929 2630 mitt eine und dem anderen gelitten
1326 2555 1829 2674 ein anderen helffen tragung.
2426 315 2507 385 131.
1925 351 2551 597 edlichen et
1909 515 2214 672 Reser gen solten
1948 525 2514 696 ansehenen herren
1945 642 2148 760 her halben
1960 615 2539 782 kienen Rüsch, dachselhoffer, hoff
1963 766 2069 832 stetter.
2049 775 2222 872 Oberburg.
1934 799 2541 959 Margredt dierbergerin, so ir recht
1944 864 2562 997 mitt citieren gegen Machens Sassen
1971 912 2552 1038 von gewyller irem hingeloffnen
1966 976 2553 1108 eheman usgefhürt, ist dieselb von
1972 1030 2561 1150 jure, wyl er ira im rechten nitt
1964 1089 2566 1204 begegnet) der ehe halb abgescheiden
1969 1132 2578 1279 und sie erloupt, sich anderhart ze
1969 1210 2580 1320 verehelichen, sy mag sich ires
1979 1256 2586 1362 erlittnen costens uff ireren gutt
1970 1350 2121 1444 erhollen,
1958 1441 2621 1560 Anhoffmeister zu Küngsfelden, solle
1984 1517 2583 1614 uff gedachtem machens sähen,
1980 1577 2607 1671 achten, vnd wo er in siner Stral¬
1982 1635 2619 1723 tung gebetretten, Inne mitt dem
1963 1696 2599 1807 Eyd darin zeuerwysenn.
2107 1849 2334 1962 Fritzwyl.
2000 1923 2663 2028 Alls dan Hans Urich Rügg vorhabens
2005 1994 2655 2071 und gewillet, sich mitt Anna Heydegger
1995 2030 2638 2115 zuuerehelichen, mitt dero aber er zu
2006 2084 2660 2170 gschwey gsin, alls sy huri mitt einan
1997 2128 2682 2223 deren soltten gethriben haben. Cogniten
2028 2172 2649 2270 sie wyl ein ehegricht zu Eritwyl
2013 2216 2669 2319 züget, das inen nitt bewücht, das
2030 2271 2688 2371 er Rugger und sy heydengere, etwas
2022 2325 2699 2440 thättlichs mitt einanderen verbracht
2036 2380 2705 2497 So welle man ime derhalben bewilliget
2043 2432 2700 2544 haben, sy zu kilchen zefhurenn.
2055 2485 2380 2591 vund zu ehelichen.
