4032 3024
1326 352 1433 456 314.
1422 410 2005 555 zusagung solle nütt geltten und sy
1419 482 2002 597 ime ledig erkendt werden. Cognitz
1416 531 2001 661 diewyl die versprecherin dem Clegen
1408 589 2001 715 dheiner ehezusagung, den uff vorbe¬
1404 656 1994 775 halt ires vatters vnd muttere
1408 702 2003 826 gethan haben, gestendig sin welch
1391 760 1983 869 vnd er sye mitt keiner kundt¬
1375 816 1997 943 schafft dero vnderrichten mögen, so
1397 884 2006 1004 solle deshalb dise ehe ansprach uff
1384 947 2007 1053 gehapt und jedem erloupt sin das
1395 1005 1985 1113 es sich anderfart verehelichem
1405 1063 1978 1179 möge, dannothin soll jede part
1392 1137 1974 1258 Iren costen, mitt der fart alhar
1392 1188 1988 1311 an ira selbs trag und der costen
1398 1250 1965 1358 so daniden mitt dem hergricht
1385 1324 1957 1439 uffgangen were, sollend sy ze
1383 1379 1988 1485 samen stan vnd soll einanderen
1382 1459 1660 1554 tragen helffen.
1550 1570 1713 1649 Trissier.
1363 1611 1951 1711 Clande Bussi. Ist von estienna
1382 1681 1941 1753 Collet von Jogne zu Burgund
1375 1724 1956 1796 siner husfrouwen, die nun in
1372 1766 1948 1839 die acht jar von Ime gsein, und
1375 1814 1971 1892 über alles citieren, nitt wider¬
1361 1864 1953 1935 rumb zu ime eheren wollen, der
1362 1917 1959 1998 Ehehalb gescheid, vnd Ime erloupt
1355 1969 1983 2062 das er sich anderfert verehelichen
1385 2028 1553 2121 möge.
1529 2124 1853 2225 Montrachier.
1358 2185 1979 2287 Jacque mon Jacquemes, von Men¬
1360 2246 1964 2329 trichier. Ist von Herren Sonberts
1386 2294 1958 2383 von Baltens, wen sein für¬
1360 2337 1955 2435 geben warhafft, das sy von
1378 2396 1975 2486 Malefitz wegen, mitt dem Eyd
1412 2454 1962 2532 Ir gnade Statt vnd lannd
1378 2504 1970 2592 verwisen sye, der ehe halb gescheiden
2562 384 2621 465 37
2031 402 2681 517 und ime erloupt, das er sich anderfart
2032 483 2651 566 verehrlichen möge, wo nitt soll das
2044 531 2667 631 Chorgricht zu Montrichter, mine
2033 588 2582 694 herren die Ehe richter berichten.
2220 655 2398 749 Burren
2047 697 2673 814 Alls dan Margredt, Hansen Furers
2050 776 2671 864 von diesbach by Bürren husfrouw
2045 829 2684 932 ab Cristen wys, auch daselbst dannen
2044 900 2671 981 erklagt, wie das einsmals alls
2047 951 2667 1042 sy mitt einem sack mitt gras heim.
2053 1010 2652 1092 gen wellen, vnd vnderwegen ge¬
2059 1064 2664 1162 lüwet, habe er understand sya nott
2046 1123 2647 1235 zezwingen, da sy aber gschruwen
2038 1193 2645 1298 und dermassen gewert, das er sya
2052 1260 2646 1355 mütten gan lassen, entgegen er
2048 1321 2656 1425 dises klegt nitt gestendig sin wollen
2060 1388 2658 1469 vnd mitt anders auren gfunden
2073 1454 2669 1557 das sy inne gefragt habe, ob er
2070 1518 2630 1615 hren man mitt gesechen, sich
2065 1578 2661 1671 doch hiemitt, vnser erkhandtnus
2071 1646 2669 1743 vnderwerffende, Cognitum diewyl
2055 1692 2642 1798 sich befindt, das Ermeltter wyß
2067 1765 2673 1859 anderen gerümpt, er habe ja mitt
2055 1825 2659 1922 vermeltter furrern, einen mutt
2086 1900 2637 1997 willen zeuerbringen begärt,
2051 1961 2653 2059 so sölle er mitt wie tägiger gfan
2048 2032 2650 2132 genschafft gestrafft werden, und ira
2041 2099 2657 2190 allen zimlichen billich ersten abtragen.
2059 2159 2639 2268 hm übrigen, diewyl sich durch kein
2057 2231 2654 2317 kundtschafft befindt, das er sy nott
2022 2296 2627 2400 zu zwingen vnderstande, So will
2070 2362 2632 2470 man finethalb das bester glauben.
2061 2426 2624 2521 vnd dhein wyttere erforschung
2048 2483 2642 2589 gegen ime fürnemmen und sollind sy
2053 2543 2649 2645 fürhin, wie vor gutte nachpuren
2039 2595 2622 2694 sey, und dieser küffner sachen ein
2047 2639 2619 2769 untzen zu seinem argen gewenden.
2691 561 2751 666 in.
