4032 3024
1257 361 1351 453 342
1345 405 1953 583 frytag den 23. augusti 1794.
1347 480 1990 645 Praeses herr Galdi, sons Herr Walthart
1350 554 1995 717 minist. ambo. Civium Rüsch Tachselhoffen
1333 590 1810 722 zechender, wiechselman.
1511 687 1721 825 Signouw
1319 786 1966 937 Margredt Schöne spricht der Ehe an
1314 855 1975 991 herren Noc wäber predicanten zu att
1330 904 1980 1070 tenbach, mitt anzeig, wie sy ime ettliche
1338 973 1955 1119 wuchen lang hußgehaltten, und under
1314 1027 1948 1169 anderen sye sy eines abendts zu ime
1322 1078 1973 1229 In die nebent khammeren khommen, habe
1334 1146 1952 1281 er die thür hinder ira zugschlagen,
1312 1201 1964 1338 und sy umb den byschlaff angesprochen
1309 1257 1969 1395 habe sy sich desselben gewidriget, vnd
1318 1333 1949 1456 Ime nitt zu willen werden, biß er
1316 1390 1952 1509 zu ira gseytt, ob sy inne darfur haltte
1277 1459 1935 1578 der einer herren hus zum huren
1300 1496 1938 1630 hus machen wolle, dan es müte zu
1306 1565 1917 1684 scheren sin, vnd hieruff habe sy den
1308 1619 1915 1731 byschlaff mitt imme volnbracht, das
1303 1678 1935 1786 welle sy uff ir letst und hin nemmen.
1290 1728 1901 1861 begärt hiemitt, das er ira sin
1286 1794 1932 1908 zusagen haltte, und den kilchgang
1287 1871 1930 1973 mitt ira volnbringe, entgegen
1283 1906 1947 2024 gesagter herr Sol Waber ira weder
1285 1975 1948 2081 der ehe ansprach, noch des byschlaff
1285 2038 1936 2137 bekhandtlich sin wellen, hab ouch hiemitt
1273 2093 1938 2198 zeuersten, wie sy den byschlaff allein
1292 2159 1920 2254 darumb klage, das sy inne behaltten
1295 2214 1906 2320 möge, und habe sy glyches, ettwan
1303 2277 1956 2381 vor jaren gegen einer anderen personnen.
1313 2321 1928 2422 gebrucht, den sy angesprochen, damit
1296 2393 1882 2491 sy inne behalten möchte, habe sy ouch
1310 2460 1912 2555 Fürgel, wie schwanger gange, doch
2622 411 2703 479 343
2071 430 2728 553 zuletst, diser klegt abgstanden und denselben
2077 514 2732 593 quittert, wie sich solliches durch khundt,
2057 560 2725 648 schafft gnugsam erfunden wurde, wann
2060 613 2717 699 man soltte nachfrag haben und begärt
2052 668 2703 779 hiemit sollicher Irer ausprach ledig
2047 725 2709 811 erkent gewerden. Cognitum, diewyl
2058 785 2724 898 der versprecher ira keiner ehezusa¬
2047 848 2708 965 gung bekhandtlich sin wellen und sy
2050 910 2682 1011 inne mitt keiner khundtschafft, dero
2050 976 2708 1081 underricht mögen, so solle deshalb dise
2040 1040 2703 1150 der Clegerein ehr ansprach uffgehabt und
2051 1097 2682 1213 jedem erlaupt sin, sich anderfart ze
2056 1159 2719 1280 uerehelichen, des costens halb, solle
2051 1241 2685 1350 jede parthi den costen so dusen zu
2042 1308 2708 1397 Signouw oder Röttenbach und derselben
2043 1364 2718 1482 ersten, und diser anderen fhart uffgangen
2042 1428 2713 1535 an ira selbs haben, und keine der anderen
2043 1504 2704 1604 utzit zegeben schuldig sein. Denne aber
2052 1554 2692 1665 so vill den kosten anbelangt, so mitt
2047 1638 2655 1741 dem vogt zu Signouw und predicant
2048 1679 2685 1797 daselbst, welche uff miner herrenn
2047 1740 2685 1860 der eherichteren gheys gesatter Mar
2058 1819 2662 1923 grett schöni vorhin yngefürttenn
2058 1878 2682 1984 gheytt läbens khundtschafft uffgemein
2047 1942 2672 2047 und den khundtschaffteren uffganngen,
2057 2019 2665 2097 Soll herr vor denselben bezallenn.
2058 2069 2656 2170 So vill den klagten byschlaff, und
2049 2141 2665 2243 das sy schwänger gan solle, anbelangt
2039 2194 2654 2297 Ist dasselb uff diesmal yngstellt,
2058 2251 2643 2348 vnd mitt darüber erkent worden,
2044 2307 2592 2419 bis sy des khindts genicht.
