4032 3024
1180 398 1294 498 123.
1332 453 1926 624 frytag den 15. februarii 1694.
1303 562 1695 671 Praeses Herr Galdi
1309 626 1696 733 con herr Scharn
1289 683 1579 763 Minist. ambo.
1290 749 1914 866 Cinin Rüsch Dachselhoffer, Kantz
1482 872 1673 992 Belpp
1297 944 1903 1065 An das chorgricht zu Belpp.
1313 1011 1907 1109 Sollind Jacob Meysin von
1306 1073 1920 1165 Eiers husfrouwen, dennen
1319 1130 1878 1230 ouch Sebastian Körnli
1304 1187 1884 1304 uff mentag nechstkünfftig
1309 1250 1722 1359 alhar betagenn.
1489 1398 1708 1527 Morgen.
1315 1505 1914 1613 Der landtvogt zu Morfe
1336 1570 1929 1664 sölle Jacob In sollein son
1328 1628 1936 1713 von wegen inn ein vnehelich khind
1333 1680 1949 1768 wyl er alhie zu Bern gewonet, von
1324 1732 1940 1813 den thorachten meittli, in der Ansel
1337 1795 1926 1893 geben worden, mitt fünff tägiger
1338 1844 1957 1956 vnd so vill nechtlicher gefangen schafft
1340 1915 1924 2024 straffen, Demnach soll der pre¬
1320 1988 1924 2091 dirant Guillarie gonet, von Meygne
1318 2050 1905 2144 ion dem fantigen und pernette
1339 2100 1943 2199 Germann, so ein anderen die Ehe ver¬
1338 2168 1927 2259 heyhen, nach gmeinem bruch, in
1341 2222 1933 2326 der versamlung der gläubigenn
1328 2267 1767 2386 gesamen gebennen
2535 362 2651 447 123.
2106 460 2284 557 Thun.
2002 477 2672 642 Jostea Gul von Burgdorff, spricht der
2012 545 2675 697 ehe an, Anna Frölich von Thun mit
2027 589 2694 735 anzeig, wie er in Ulrich Waltharte
2028 663 2658 820 hus eintzig zu ira khommen, da er syden
2030 725 2693 859 umb die ehe angesprochen, da sy dan
2028 789 2639 917 irne, dieselb uff gfallen, irer
2022 837 2685 995 fründen und verwandten usprecht
2040 903 2691 1028 und redlich zugesagt, und versprochen
2034 967 2671 1085 vnd hieruff ime ettwas silberenen
2039 1029 2687 1152 geschmeltzen, abgenommen, Demnach
2033 1098 2680 1197 er aber ein gwüchses, von ira ver
2061 1152 2682 1247 tan wellen, habe er sy den nachvol
2045 1201 2701 1312 genden tag uff ein nüws gefragt,
2039 1257 2677 1358 mitt denen wortten, ob sich ire
2031 1312 2699 1398 fründ darwider setzen wurden, ob sy
2039 1375 2678 1480 dennocht, Ime die Ehe haltten, weltte,
2028 1428 2687 1530 habe sy ime Ja daruf zeantwortt
2039 1476 2713 1574 geben. vnd one allen vorbehaltt zuge¬
2064 1546 2671 1638 sagt, und ime darby ein sonnen
2046 1588 2703 1687 kronen uff die ehegeben derhalbenn
2042 1644 2710 1741 begäre er sy ime ir zusagen halte,
2058 1700 2685 1790 Entgegen die verantworter. Ime
2052 1741 2702 1838 dheiner ehezusagung den nicht vor¬
2055 1804 2672 1877 behalt irer fründen, verheysenn
2051 1846 2717 1934 und stund ir stieffvatter, vetters
2064 1893 2705 1989 und andere ire fründ, zugegen, die
2067 1946 2697 2037 vermeintten, wyl sy die dochter
2079 2005 2699 2087 y darin vorbehalten, vnd sy nun
2060 2046 2735 2146 dhein willen, darzu geben mögind,
2066 2094 2743 2181 undt zu wider sye, es solte die gesagte
2061 2145 2742 2236 versprechung mitt geltten, Cognitum
2052 2197 2732 2275 diewyl der Cleger, die verantworteri
2071 2255 2728 2331 mitt khundtschafft nitt vnderrichten
2075 2294 2709 2383 mögen, das sy ime die ehe allen.
2049 2338 2715 2420 blichen, vnd one vorbehalte gere
2051 2375 2736 2473 fründen versprochen, und die fründ
2069 2439 2752 2532 It der dochter eheversprechung nitt
2083 2478 2732 2567 geltten laßen wellind, das deßhalb
2069 2526 2725 2638 dieselb ehe zusagung hiemitt uffgehept
2086 2574 2759 2675 und jedem erlauff sin solle, sich anderhart
2078 2632 2729 2736 zeverehrlich, denne soll jedes seinen
2087 2685 2524 2789 rossen an imme selbst haben.
