4032 3024
1237 323 1329 434 16.
1310 391 1954 564 für Chorgricht schiken, denne se
1339 470 1942 611 ouuch er ein herren berichten wer¬
1331 522 1928 661 y die gesagten Uli Jost und Barten
1312 578 1932 706 Iunii widerumb vereinbaret
1322 640 1902 749 habind, über das so der handel
1327 711 1907 839 umal für min herren geschlagen
1334 764 1536 868 worden.
1410 865 1928 1021 frytag den 3. marti e
1286 923 1896 1093 Prases herr Theren Cong. Gu
1308 1022 1918 1161 minist. ambo. finium Rüsch doch
1296 1069 1604 1184 selhoffer Rantz
1285 1195 1880 1338 Anvogt zu Nydouw, sölle, uff die
1290 1269 1884 1386 dienstmagt, so zu Schwadernouw
1292 1339 1859 1449 kindts genessen, und das khinnd
1297 1405 1883 1524 Hans Franz dem appothegger geben.
1302 1463 1877 1572 achten, und sy umb den begangnen
1306 1514 1878 1629 fäller, mitt fünff tägiger gfangen.
1293 1573 1575 1662 schafft straffen.
1453 1658 1589 1750 Bern.
1285 1712 1837 1818 Alls dan dimon schaffhuser der
1272 1775 1852 1885 löüffer befragt, was zur der se
1269 1829 1851 1929 losenen halb gewüsten, hatt er an¬
1274 1880 1808 2006 zeigt, wie er Josua mörigkher
1277 1948 1828 2064 den sebeler, zweymal da sechen
1271 2002 1861 2135 uss und yngan, und allen er erwerben
1258 2070 1827 2175 wellen, wenn er ussen khome, habe
1260 2129 1847 2232 er by zweyen stunden gewarttet,
1256 2186 1852 2316 und nach sy darumb ze wortt gstohlen
1264 2253 1845 2377 worden, hatt sy anzeigt, wie ime
1255 2308 1781 2446 habe sollen, umb geltt lugen
2583 322 2684 425 147
2163 396 2397 496 Boltingenn.
2037 442 2685 587 Geffan Hartscher spricht der ehe an
2014 503 2680 651 Margrett Knori, mitt anzeig, wie er
2025 564 2681 708 zun eheren nach iren geworben und
2031 615 2705 772 selbs zu irem vatter gangen, und zwe
2038 690 2648 803 angsprochen, das er Ime dieselb ver¬
2032 747 2675 866 truwen weltte, welcher dan ime gutt
2029 802 2675 923 bscheid geben und zu ime gesagt, wan
2039 863 2669 979 sy beide ein anderen gfallen, möge
2016 910 2650 1032 er es wol geschechen lassen, daruff
2022 977 2666 1093 er dan sich zu ires vatters hus
2019 1019 2680 1151 verfügt, mitt inen ein trungk gethan
2015 1080 2665 1191 demnach mitt ira in die nebend kommen
2016 1163 2661 1258 gangen, und sy mitt denen worttenn
2005 1206 2659 1309 angeredt, wan er ira, so wol für
2003 1274 2668 1366 ein man gefalle, alls sy ime zu einem
2008 1329 2648 1431 wyb, so solle sy es ime verheydenn
2009 1388 2658 1480 welches sy gethan, ime ouch hiemitt
2015 1448 2662 1542 ein pfennig, uff die ehe abgekommen
2005 1513 2657 1614 vermeint derhalben sy solle den kilch
1999 1566 2656 1673 gang mitt ime volnbringen, entgegen
1984 1616 2652 1729 sy ime deiner ehezusagung, den uff vor
1981 1677 2636 1788 behalt ihres vatters vogts, vnd nechsten
1987 1736 2658 1838 verwandten anred sin wollen, und habe sy
1979 1796 2672 1913 ime den pfennig wider iren willen abge¬
1975 1848 2669 1958 nommen, verhoffet der halben, wir werdent
1982 1899 2663 2016 solliche verheysung für kein voln khomme
1974 1962 2634 2081 ehe achten und syn der gesuchten ansprach
1964 2021 2621 2131 ledig sprechen. Cognitum, die wyl sy ime
1962 2070 2644 2182 dheiner ehe versprechung, dan uff vor
1966 2119 2624 2218 behaltt anred syn wollen, und er nitt
1964 2179 2640 2279 erzeigen mögen, das sy die imme one vor¬
1958 2236 2639 2331 behalte verheisen, so solle deshalb dise an¬
1973 2296 2662 2395 sprach uffgehept, und jedem nachgelasen
1977 2343 2652 2436 sin sich anderfert zeverehrlichen, den
1961 2414 2662 2506 diewyl sy anred, das sy imme ein pferung
1959 2454 2622 2564 abgenommen, soll sy ime un costen
1961 2509 2120 2609 abschieden.
