4032 3024
1266 364 1300 437 .
1307 384 1941 551 Mentag den 13. martii 1694.
1311 465 1913 582 Praeses Herr Tharin Con. Herr Gald.
1326 548 1939 678 minist. amba Civium Rüsch doch
1320 582 1708 701 selhofer. Hoffstewer
1455 711 1756 818 hilterfingen.
1286 762 1889 925 Hanns Walttman von hilter
1312 851 1872 986 fingen, Ist ein citation zu 3.
1310 908 1833 1007 wuchen, wider Maria
1297 962 1892 1094 Remoldt, welcheren er die Ehe¬
1321 1030 1878 1148 verheysen, vergünstiget ad
1306 1089 1495 1179 formann.
1492 1131 1750 1267 Stänigburg.
1282 1203 1895 1364 Hanns Gempeller der schuldigen
1304 1299 1889 1416 person, Ist bewilligett, das
1317 1364 1883 1470 er sich anderfart verehelichen
1309 1416 1868 1522 möge, doch vorbehaltten mitt
1301 1469 1893 1606 dheiner mitt dero sych in huri
1310 1528 1891 1642 und ehebruch möge vergangen
1297 1581 1891 1718 haben, und das er sich des kilche
1303 1660 1858 1769 spels, so er mitt sinem fäller ge¬
1298 1719 1876 1848 ergeret, hutthäblichen entsetzen.
1423 1813 1656 1920 Maraison.
1256 1846 1872 1980 longs Collet spricht der Ehe an
1294 1937 1859 2024 Myaz serez, mitt anzeig, wie sy
1273 1979 1843 2075 ime die ehe uffrecht, vnd redlich
1286 2029 1851 2148 verheysen, ein huben guffen und
1289 2087 1857 2212 ein stuk geltts, vier gross wertt
1284 2140 1849 2255 daruff geben, volgend ouch die
1269 2197 1841 2309 selb, Irem bruder, vnd vetter
1268 2246 1857 2387 abforderen lassen, welche zue die
1269 2308 1860 2438 selb ouch uff vorbehaltteren sy
1279 2373 1876 2511 des einen werden möchten bestrechen
2589 334 2656 406 155.
2010 413 2655 538 habind begart derhalben es solte imme
2020 473 2679 594 die verantworterin, alls sin ehewyb
2023 529 2674 671 zu bekent worden, entgegen die ver¬
2019 594 2665 698 antworter ime d seiner ehezusagung
2020 653 2670 761 bekhandtlich sin wellen, vil minder das
2031 714 2687 820 sy die vermeltten stuk von ime empfangen
2026 767 2640 876 habe, cognitum, die wyl die verant¬
2028 813 2686 930 worter Ime dheiner ehezusagung bekand,
2009 880 2637 986 lich sin will, vnd er sy mitt dheiner
2004 941 2680 1048 khundtschafft vermög dersatzung, dero
2024 1008 2690 1116 underrichten mögen, so sölle deshalb die
2010 1073 2692 1175 eh ansprach uffgehept und jedem erlaut
2020 1148 2658 1249 sin sich anderfart zeverehelichenn
1999 1214 2681 1313 denne diewyl der verantworteren bruder
2006 1275 2655 1367 und fründ ime grossen anlaß geben, das
1999 1333 2666 1427 sy dieselb im ehelich versprechen weltun
2006 1395 2662 1485 wie es aber dahin khommen, das sy deß
2003 1468 2668 1556 zyttlichen gutts halb mitt ein anderenn
2000 1528 2681 1624 überkhommen söllen, habend sy sich, so streng
1995 1594 2674 1681 gegen Ime gehaltten, das ers nitt annemen
2006 1655 2669 1738 mögen, und villicht hiedurch ursach gsucht
2000 1698 2643 1792 das sy dieselb ime entzucken, und einem
1993 1761 2669 1864 anderen geben mögind, so solle deshalb der
1994 1814 2322 1917 fosten uffgehet sin
2109 1950 2399 2053 Schwartzenburg
1958 1987 2685 2110 Der landtvogt Hölle Cuni Bingeli, verholffen
1996 2073 2683 2153 sin, das Bendicht wyssenbachs vatter ime
1994 2127 2671 2218 helffen das khind, so sin stieffdochter ime
1983 2183 2690 2278 Bendicht wyssenbach zugeeignet, erzüche.
1984 2240 2655 2338 wo nitt, vnd er wysenbach sich bereden
1993 2289 2641 2372 lassen weltte, den halben theill etzlo
1981 2352 2635 2431 zebezallen, sölle er inen zu beiden sich
1985 2408 2659 2495 tag für ein herren geben, denne wann
1986 2464 2663 2555 sy die dochter, vmb ihren fäller nitt gebuhst
1993 2523 2647 2623 hätte, Soll er sya mitt fünff tägiger fan¬
1982 2584 2275 2678 genschafft straffen
