4032 3024
1263 346 1384 474 234
1492 417 1780 564 Kalchnach
1396 500 1987 685 Crado keinenn sy bey
1409 596 1936 739 spricht der ehe an Barbli
1401 656 1985 788 Tillman von Kalchnach mitt
1400 732 1977 850 anzeig, wie sy vorsechs jaren
1402 770 1981 911 juch die ehe verheiten habe, und
1403 859 1957 985 begärt hiemitt, sy den kilch
1414 933 1972 1045 gang, mitt Ime voln bringen
1391 957 1987 1101 Entgegen gesagte Tillman mitt
1386 1046 1990 1192 bystand Hans Betschen dessweyle
1408 1114 1955 1213 und Cunradt Heines an
1393 1166 1957 1279 zeigt, wie sy ime khein ehe
1382 1241 1957 1332 nitt verbeysen, wolle sinenn
1381 1287 1928 1405 ouch nütt, hie neben ouch
1384 1351 1937 1471 klagt, wie er grobe wortt
1385 1424 1906 1532 ußgan laßen, das er thun
1386 1514 1951 1603 welle, wan sy ime nitt werden
1383 1564 1929 1667 möge. Alls nemlich, wan sy
1385 1626 1933 1752 eim anderer eheliche, so wolle
1374 1697 1940 1802 er in die kilchen gan, das meitli
1353 1783 1952 1860 In zwen theill houwen, vnnd
1355 1842 1953 1932 dem Brüggiman den halben theill
1369 1890 1910 2009 geben, Ittem es müsse iure
1351 1948 1953 2068 sin lyb und läben costenn, mitt
1339 2028 1957 2121 pitt, man inne den man aberkenn
1330 2086 1924 2184 wolle. Cognitum, die wyl die
1338 2149 1926 2241 verantworter dem Cleger
1336 2206 1938 2330 dheiner ehr ansprach bekhandt,
1330 2265 1902 2383 sin wollen, und er sy mitt
1344 2328 1930 2427 khundtschafft nitt vnderrichten
1324 2380 1931 2510 mögen, daß desshalb dise des
2610 363 2710 462 235.
2060 451 2735 584 clegers ehr ansprach uffgehept, und
2083 531 2731 643 jedem erloupt sin solle, sich ander
2069 589 2706 724 fart zeverehelichen, denne solle
2076 661 2729 762 er tia, allen zimlichen billichen
2070 712 2722 839 fosten dieser schidigung halb uffge¬
2070 796 2726 898 lüffen abthragen, Demnach Ist
2069 851 2686 954 er zugelegt, und sin sach von
2069 922 2712 1032 der usgonnen reden wegenn
2067 983 2709 1096 an min gnädig herren gelangt
2084 1054 2325 1164 worden.
