4032 3024
1241 483 1315 572 E
1361 497 1899 618 Mentag den 4. tag februarii
1267 540 1338 635 68.
1363 572 1904 688 1694. Praeses Herr Galdi Con
1314 628 1902 725 Herr Gelden Tharn Minicht herr
1317 694 1916 804 Haller herr Schneüwli Ein die
1294 731 1835 851 Dachselhoffer, Hoffstetter.
1438 834 1709 946 Boltingen.
1262 911 1902 1022 Petter mermet. Ist vergünstiget,
1322 976 1920 1077 Diewyl er des usatzes, rein und
1334 1017 1918 1126 anbefleckt erfunden worden, das
1333 1085 1905 1185 er sich widerumb verehelichem
1332 1149 1476 1220 möge.
1517 1180 1647 1266 Bern.
1317 1229 1894 1341 Machis Mugli dem karer
1321 1301 1901 1398 knecht ist vergünstiget, den
1327 1376 1916 1456 Kilchgang, mitt Cathrina laber
1331 1421 1917 1516 zen anzüchen, der halb solle sy der
1330 1480 1906 1571 predicant zu Bimplitz
1329 1539 1599 1620 zusamen geben.
1468 1639 1662 1737 Cotzwyl.
1351 1687 1933 1794 128. Müller spricht der ehe an Elsbet
1357 1747 1925 1833 Graggin von anwangen, mitt an
1356 1803 1934 1891 zeig, wie sy ime die ehe zugesagt,
1351 1849 1926 1940 daruf er ira ein gürttel, und ein
1358 1908 1910 1998 hurzeichen, und dargegen sy imme
1351 1953 1928 2044 ouch ein huttzeichen geben habe,
1350 2002 1920 2103 Begärt derhalben an sye, sy ime ir
1357 2053 1940 2160 versprechung haltte, entgegen
1346 2112 1947 2205 Die verantworterin ime deiner Ehezu
1374 2153 1950 2258 sagung bekhandtlich sin wollen, vil
1361 2200 1944 2299 minder das er ira, die durch Inne
1365 2267 1950 2363 gemeltte stuk, uff die ehe gebenn
1356 2299 1946 2411 habe, und sy habe ime auch nütt
1367 2346 1962 2456 uff die ehe geben, cognitum, diens
1371 2400 1960 2513 die gesagte verantworten dem Clege
1371 2444 1963 2579 keiner ehezusagung bekandtlich se
1377 2492 1933 2628 wollen, und die sy dero mitt gang
1396 2531 1943 2683 einer kundtschafft vermög hierob
2547 407 2653 470 700.
2527 449 2662 535 rekert
2010 503 2690 668 gemachter ehesatzung nitt underricht
1998 558 2620 709 mögenn, das deshalb die an stra
2015 612 2662 769 durch den Cleger gesuchte ehe an¬
2032 651 2679 808 sprach uffgehapt und mitt hin jeden
2031 691 2686 854 erlaut sin solle, sich anderfart zeuer
2029 764 2695 926 ehrlichen, so vill den tosten belangt,
2012 814 2686 989 Ist gesprochen, das die verantwor¬
2023 864 2687 1036 teri den jhenigen tag ersten, so mit
2016 923 2638 1086 einem ersamen Corgricht daselbs
2024 1014 2679 1138 uffgangen, alls sy uff sya oder iren
2027 1067 2678 1195 bystand gewarttet, da sy aber nitt
2026 1119 2689 1233 khomen, und von deswegen unblieben
2024 1182 2700 1292 das sy vermeint, wyl der weybel
2029 1238 2701 1334 inen nitt selben gepotten, sondern allein
2027 1284 2689 1390 durch ein pott zewügen than, das
2045 1330 2709 1444 sy uff gesagtem tag erschinnd, allein
2026 1405 2691 1498 bezallen und abschragen, des übrigenn
2035 1457 2703 1548 costens halb, so jedes möchte erlitten
2037 1513 2705 1602 haben, soll jedes an imme selbs haben
2022 1564 2703 1657 Denne soll ouch jedes in halben costen
2037 1617 2716 1699 gegen dem Chorgricht stan, diewyl
2050 1666 2707 1758 das selb amptshalben die parthyen
2050 1720 2707 1806 dahin gewisen, das sy ir ansprach
2046 1770 2709 1859 rechtlich und förmbklich an ein end
2052 1832 2246 1929 brächtind
2207 1929 2345 2029 Bern.
2057 1993 2721 2076 Verena Wirt von Birnstorff uf der
2046 2054 2704 2134 landtvogty baum, spricht der ehe an
2052 2103 2731 2189 Hans Jacob Harttman mitt anzeig
2070 2152 2743 2236 wie er ira ein sekel daruf geben
2070 2202 2729 2291 und sya beredt, das sy zur wartten
2085 2250 2758 2328 soltte, bis er vom wandlen, widerum
2074 2311 2768 2397 heim käme, alls weltte er sy zu kilchen
2082 2366 2742 2460 fhuren, da sy nun begäre, er ira
2103 2428 2747 2509 in zusagen haltte. Entgegen der
2084 2473 2766 2552 verantwortter ira dheiner Ehezusagung
2099 2528 2734 2612 bekandtlich sin wellen, so vill aber den
2693 2572 2733 2616 g
2626 2575 2702 2616 werde
2106 2578 2767 2670 sekel belange, habe er ira denselben uff die
