4032 3024
1270 520 1326 588 4
1527 470 1722 568 Bern.
1379 539 1958 679 Herr Samuel Schneüwlis des
1393 626 1966 732 geredicanten dienstmagt. Ist
1394 680 1977 778 ouch beschikt und ir fürgehalten,
1402 729 1985 825 worden, und was ursach sy Jacob
1429 780 1956 876 wysen nachhin schleypfe, vill
1426 838 1976 925 vonung und gsprächs mitt im
1402 891 1974 978 haltte vnd schrybe, vnd warumb
1411 956 1981 1061 sy ime nitt angentz die ufwysung
1400 1006 1977 1097 geben habe, dan sy hiedurch im
1397 1070 1966 1162 ein gros geschrey, und verdencken
1394 1120 1963 1217 komen, das ira ettwan an
1399 1189 1958 1280 Iren eheren nachteil gebaren
1400 1238 1965 1331 möchte, zeigt sy darüber an
1396 1299 1982 1388 Wie Jacob Wys mitt mitt In
1402 1340 1985 1435 geredt, und sy wüge von keinen
1418 1409 1985 1491 Achen nütt, villicht möge er
1402 1454 1969 1543 oder ander lütt sachen von ira
1405 1514 1965 1604 ubringen daran sy aber un¬
1399 1562 1962 1660 schuldig sye, mitt pitte man
1398 1626 1965 1718 inne darumb straffen wolle,
1400 1671 1955 1765 wan man gmeine das er
1403 1734 1977 1826 ettwas vneherlichs, gethan
1393 1782 1979 1882 Cognitum, sy solle sich vor ine
1411 1852 1987 1949 hütten, und sinen müsig ganz
1417 1896 1984 2004 und wan er sy antasten wurde,
1406 1959 1929 2068 ime die verwysung geben.
2652 441 2713 515 9.
2171 480 2723 611 frytag den 18. januarii
2156 582 2275 673 1594
2076 612 2534 742 Praeses herr Charin,
2081 692 2390 783 minst. ambo
2103 698 2738 842 Lin. H Rüsch Dachselhoffer,
2086 806 2483 899 Rantz Hoffstetter
2207 911 2411 998 Morgel
2096 979 2712 1080 Bierte Jachmer von Callochinar
2110 1036 2712 1133 10 Schon gerdit, aimos de vaute
2101 1089 2745 1189 hinderlassne wittwen, ehelich ver¬
2100 1141 2782 1246 sprochen, dieselb sich aber von Irem
2112 1205 2788 1296 ersten man schwanger befunden,
2104 1253 2779 1352 und deshalb innen von einem ersamen
2108 1316 2778 1418 Chorgricht vergotten wyttere
2101 1373 2781 1477 bywonung by ein anderen ze haben
2112 1432 2776 1533 untzit, sy der tragenden frucht
2122 1495 2776 1597 entlediget sin wirt, auch deshalb
2092 1560 2790 1655 inen sy nitt zesamen geben wellich
2108 1620 2724 1717 Ist anzeigt, er sölle die zytt
2107 1681 2780 1771 erwartten, bis sy gott wirdt
2100 1735 2789 1841 der frucht entlediget haben, Alls
2107 1803 2765 1894 dan mögendt, sy den kilchgang
2118 1860 2785 1951 woll mitt einanderen volnzüchen.
2271 1965 2504 2067 Stänigburg
2077 2040 2764 2169 Hans Gradt mitt bystand Bendicht gradt
2119 2111 2730 2187 sinns vetteren provisors zu thun
2113 2156 2744 2243 klagt, wie Bendicht schwyngrüber
2110 2210 2762 2280 jnne angesprochen, in dochter Barbli
2124 2262 2751 2328 gradt, Hans Küng sinem stieffsunn
2105 2300 2764 2384 ehelich zeuersprechen, welche er
2116 2343 2785 2434 der hieruff zugesagt und versprochen
2120 2400 2801 2478 vnd nitt anderst vermeindt das wan
2122 2453 2789 2524 die beide jungen menschen, zu voln khom
2120 2497 2779 2580 nem alter khommen sin wurden, das
2122 2534 2789 2633 es alls dan ein Ehe sin soltte, Nun
