4032 3024
1243 347 1323 444 36
1431 342 1980 523 Mintlichen den ein ge
1457 418 1989 569 194. Preuses herr Welchert
1451 474 1993 603 Herr knecht minist herr
1449 542 2005 684 li herr Haller, Cinin dachte
1617 611 1924 743 Ronolfrigen.
1416 674 1997 824 Hans im feld, spricht der ehe
1447 775 2005 874 Verena Schlatter, mitt anzeigen,
1447 815 2013 920 sy zu höchstetten an einem hochzu
1437 858 2022 968 zusamen kommen, und mitt ira gen
1446 910 2021 1008 trungken, darnach zu Konolfin
1441 961 2022 1057 uff der Brugg und letstlich in in
1427 1013 2015 1105 vatters hus, im Ehenn, habe
1422 1068 2021 1158 ime one alle fürwortt, die Eh
1423 1122 2014 1200 uffrecht und redlich verheiten
1431 1164 2012 1250 des zu einem worttzeichen, ei
1423 1208 2003 1307 Bern dispfennig abgenommen, s
1423 1264 2007 1352 deßhalb sie beyar an inne, das
1420 1317 1999 1414 s den kilchgang, mitt Ime
1423 1384 1989 1473 volbringen. Entgegen, hatt
1428 1430 1999 1530 imme keiner ehrlich zusagung
1410 1489 2002 1578 bekhandtlich sin wellen, so vil
1417 1547 2009 1638 den dikempfennig anbelangt zeigen
1412 1614 1994 1700 sy an, er habe denselben ira zum g
1405 1667 1998 1762 pfennig geben, und begart hiemit
1429 1728 2004 1821 vier ansprach ledig erkent ze
1428 1786 1999 1872 Jognitum, die wyl die verspre
1416 1837 1997 1922 er dem Cleger dheiner ehezust
1411 1883 1994 1983 gung bekhandtlich sin wollen,
1435 1951 1993 2046 er sy mitt keiner khundtschafft
1432 2006 1986 2104 underricht mögen, so solle der
1421 2064 2000 2166 diß ehr ansprach uffgehept, und
1410 2137 1993 2222 jedem erloupt sin, das ess
1415 2193 1998 2285 anderfart verehelich möge, der
1427 2258 2000 2349 soll jede parthi iren costen
1430 2317 1858 2404 an ira selben haben
1552 2374 1884 2479 widerwangen.
1401 2429 2008 2516 Jacob Entz von Niderwangen, ist
1416 2485 2004 2562 von wegen ungehorsame, so er gegen
1413 2528 2005 2621 einem chorgricht zu Künitz geben
1415 2575 2017 2677 biss morndrigen tag zu gfangen schal
1423 2631 1665 2724 eklagt worden.
2583 301 2698 410 36
2203 365 2326 470 Bern.
2064 394 2738 542 Hanns Jacob Steinegger und Maria Rap
2077 441 2755 586 penstein, sin vermant, hin für fründtlicher
2069 494 2729 626 mitt ein anderen ze leben, sonderlich er sich
2063 563 2742 689 flygen, sich mitt eherlicher handarbeitt
2067 620 2742 758 geerneren, vnd zearbeytten, damitte er
2076 666 2731 785 sin wyb und khind erneren möge, und
2078 718 2729 848 sy soll Ime das sin, ouch zeheren zien
2076 780 2700 890 und will man uff dissmal an siner
2071 848 2714 957 gfangenschafft, darin er sidt mental
2075 913 2719 1014 gelegen, ein gnädigs vermugen haben
2091 959 2712 1060 und sein husfrouw derselb nütt
2081 1016 2490 1121 entgeltten laßenn.
2224 1079 2380 1187 63. schl
2083 1140 2736 1235 Alls dan martin leng von Utzistorff
2078 1214 2731 1283 sich erklagt, wie die Barbara Schafft
2079 1260 2742 1348 so man ime uff 22 Julii nechst verg
2090 1313 2727 1389 schinnen, alls sie ehewyb zu sprochen
2089 1370 2738 1449 w vnd er gmeint miner herren
2066 1420 2724 1519 geheiß nach in 14 tagen, den kilchen
2074 1480 2734 1571 gang mitt Fragevolnbringen. Ist
2075 1532 2716 1619 hiezwüschen von ander lütten ein
2087 1597 2719 1681 gschrey usgangen, das sy noch ein
2083 1650 2713 1739 läbenden Eheman, vnd khind zu Tho¬
2087 1709 2705 1785 nung hab, wie nun er by einer
2086 1757 2739 1837 erbarkeytt Rhats gepflegt, wege er
2095 1805 2744 1898 sich haltten solle. Ist sy hiezwüschen
2088 1870 2740 1959 von irem meister hinzogen unnd
2091 1917 2737 2001 wüsse niemandte, wo sy hinken
2090 1963 2706 2059 sye, zu dem werde ein glyches von
2087 2022 2701 2112 ina gseyt, das sy zu verzwyl zu
2076 2075 2700 2150 Solothurner piett, einen knecht
2081 2120 2735 2203 der Ehe angsproch, vnd fürgeben wie
2073 2165 2727 2256 sy will gutts habe, wie er aber nach
2088 2214 2721 2315 geforschet, wo und wenn ist sy usge
2081 2268 2692 2360 risten, vnd zu inen gantzistorff
2085 2332 2741 2404 khommen, mitt pitt man Inne aller
2079 2381 2719 2458 ehe verheysung ledig sagen, und
2097 2422 2732 2512 erlauben weltte, sich anderfartt
2094 2465 2738 2587 Zeuerehelich. Cognitum die wol
