4032 3024
1226 351 1337 475 160.
1497 406 1629 532 Bohn
1346 484 1895 641 Presiden Konigsten klagt den s
1327 580 1930 696 bruch ab Hanns Frantz Küng dem
1332 642 1914 753 Grpothegger, mitt anzeig, wie er ein
1328 689 1638 790 Ihr dienstmagt
1322 754 1931 882 genampt, geschwengeret, welche auch
1308 805 1908 914 diser tagen, seiner dochter geweste
1335 856 1926 985 und dieselb ihme zugeeignet, begie
1297 910 1895 1028 Derhalben von ime aller ehelichen
1321 973 1915 1084 banden, vnd pflicht ledig erkendt
1309 1036 1872 1149 zu werdnung entgegen, gesagter
1311 1102 1890 1209 Hans Frantz küng, deß klagtenn
1255 1168 1917 1265 Ehebruchs nitt absen können, und
1297 1223 1878 1318 hatt sy hieruff umb fründtliche
1322 1270 1886 1363 verzychung gepätten, mitt erörtte
1312 1334 1350 1398 r
1347 1333 1887 1424 sich fürhin darvor hutten, vnd
1302 1397 1884 1484 mitt ira hushaltten wolle, alle
1306 1446 1901 1550 einem biderman wol anstanden.
1295 1508 1872 1600 vermeldet doch hieneben, wie sy
1302 1561 1866 1669 Aseli inn ettwan dry vier
1308 1608 1860 1727 und fünff monat by ira nitt
1269 1667 1866 1794 Gulden, und dhein ehehuld leysten
1296 1738 1871 1850 wellen, vnd deshalb ine zu frechen
1290 1798 1876 1897 füller grossen anlas geben, hatt
1284 1867 1872 1975 sy ime entlich sie fäller uff sin
1262 1910 1907 2024 vilfaltige pitt und meiner herrn vnter
1264 1981 1885 2084 den verzigen, und vergeben, daruf
1280 2047 1887 2155 sy allen ehelüte widerumb zesammen
1262 2093 1864 2226 bekhent, sy habend beide gelopt.
1285 2163 1871 2295 mitt einanderen verners huszei
1272 2216 1386 2307 halten
2553 306 2653 388 161.
2032 417 2531 597 Meister Magister
2024 472 2635 625 Proses Herr Charm, der zu Galdi
2020 543 2665 680 ministrorum ambo. Civium Rusch, doch
2032 624 2479 740 selhofer Rantz hoffstetten,
2127 733 2340 851 Erlenbach.
2012 796 2668 948 Dorothea Anneller, so von longs rat
2021 889 2638 993 von Ehebruchs wegen gescheiden
2034 943 2633 1042 worden ist, bewilliget, das sy
2030 1009 2664 1108 sich anderfart verehrlichen möchte
2024 1065 2658 1167 doch mitt dheinem, mitt dero sy sich
2035 1133 2670 1228 In huri, möchte vergangen haben
2045 1191 2682 1286 onderlich nitt mitt Bitzius Steiner
2028 1262 2637 1357 so an obgedachter schidigung ein
2024 1313 2617 1420 ursach ist, denne solle sy sich des
2013 1381 2659 1493 kilchspäls, so sy mitt irem faller
2011 1465 2674 1561 geergeret, huchhäblich entsetzen.
2164 1569 2398 1704 dienstigen
1990 1653 2670 1758 Barbli Liechtli spricht der ehr an Jacob
1999 1719 2651 1822 kammer, mitt anzeigt wie, er ira die
2019 1780 2676 1887 selb uffrecht und redlich versprochen
2021 1840 2691 1943 begärt deshalb er sie er zusagung statt
2014 1894 2674 1993 thun, und den kilchgang mitt Ime
1993 1945 2681 2052 volnbringen solle, entgegen, er ira
1997 2011 2657 2121 dheiner ehezusagung, dan uff vor
2002 2068 2655 2193 behaltt, sines vatters und vogts
1990 2125 2671 2248 bekhandtlich sin wollen, und diewyl
2011 2195 2678 2309 nun dieselben iren willen nitt daryn
2018 2250 2657 2357 geben wellend, so verhoffe er es
2000 2304 2671 2418 solle sin zusagen, ime nütt schadete, zu
2003 2372 2687 2473 dem habind, sin vatter vogt, vnnd
2001 2434 2698 2569 er ira den weybel geschikt, und sya
