4032 3024
1294 454 1909 616 Mittwuchen den 20. Marti
1321 527 1910 661 1594. Praeses herr There
1295 588 1892 711 minist ambo. Civium Rüsch
1291 635 1884 778 Dachselhoffer Hoffstetteren.
1451 773 1716 897 Früttinger.
1302 845 1895 986 Cristina Rychen klagt den ehe
1304 920 1882 1050 bruch ab Hans Graff mitt
1315 997 1893 1094 anzeige, wie er sich mitt anderen
1311 1060 1889 1138 wyben, in vppiger huri ver¬
1302 1105 1905 1209 gangen, begärtt hiemitt wyl
1305 1160 1893 1262 er sin ehepflicht, an ira miss
1309 1221 1889 1329 haltten, der ehelichen banden
1309 1278 1872 1385 uffgelöst ze werden, entgegen
1307 1340 1886 1450 gesagter Graff deß klagtenn
1314 1415 1898 1534 fällers nitt absin konnen, vermein
1312 1483 1898 1589 aber, die wyl sy ime sinen füller
1309 1554 1892 1659 verzigen, sy solle lenger mitt
1294 1616 1884 1716 iue hushaltten, und kein schidi¬
1309 1668 1880 1772 gung von ime erlangenn, dar¬
1305 1740 1873 1846 gegen aber vetter Rychen, der
1313 1806 1880 1906 frouwen vogt anzeigt, wie
1320 1865 1888 1990 y ime graffen nitt verzigenn,
1302 1933 1852 2041 begärtt, wie vor, das man
1288 1988 1866 2127 ira die schidigung erganlassen
1310 2060 1858 2195 wellen Cognitum, die wyll
1280 2111 1840 2240 derklagte Ehebruch, sich mitt
1279 2194 1850 2301 gnugsamer khundtschafft uff
1270 2256 1884 2375 inne erfunden, und sy nun dem
1303 2310 1861 2428 selben, ime nitt verzychenn
1279 2380 1870 2498 wellen, so solle deshalb sy
2507 310 2598 417 16
1994 410 2622 571 von Ime graffen, aller ehelichenn
1984 487 2615 654 pflicht uffgelegt und abgescheiden
1983 545 2626 689 vnd innen sich anderfart zeuer¬
1984 598 2635 771 ehelichen verpotten sie ihme y ira
2001 659 2580 813 aber 1 Jarlang, jedes soll er
2001 713 2624 867 gloffnus erlangen, wan es sich
1990 802 2630 931 widerumb verehelichen weltte, vnd
1973 864 2647 997 irein syn, siner besserung mittbringen
2042 933 2545 1020 der kilcher unnd gesinn
1984 952 2586 1072 di er hiezwüschen wonen wirtt,
1978 997 2636 1149 Er soll, petter Rychen dem bystender
1989 1074 2604 1187 allen zimlichen billichen costen
1989 1178 2202 1274 abtragen.
2101 1272 2258 1386 Derr.
1995 1349 2583 1478 Vrsula Guder Ist ein citation an
2005 1429 2643 1531 Cantzel zu 3 wuchen vergünstiget,
1985 1496 2568 1589 wider Jacob Meyer von Fischbache
1979 1555 2638 1667 Wollis, iren hingelüffnen ehemann
1987 1630 2166 1713 ad formani.
1979 1737 2622 1862 Anlandtshauptman, und Rhatt zu
1992 1828 2639 1915 Wallis, man habe Ursula Guder
2006 1889 2609 1981 wider Jacob Meyer ihren
1963 1950 2631 2045 eheman, wyl der selb sy hilff und
1997 2009 2652 2108 trostloß sitzen lassen, und sich sonnst
1996 2062 2618 2158 wider die gepür (wie einer sich
2001 2122 2672 2217 gegen ein ein ehewyb haltten, und trag
2008 2177 2656 2278 soll verhaltten, uff ir recht an.
1998 2231 2653 2333 rüffen, in bedenken, das er mitt
1992 2294 2658 2392 Ina, alhie in der Statt Bern denn
1988 2359 2666 2469 kilchgang gethan, und sy ein anerborne
1988 2431 2683 2525 Burgerin alhie ist, ein Rufbrieff zum
