4032 3024
1344 302 1414 409 32
1446 337 2002 515 Haen in der einer sehen
1450 404 2001 559 kronen, kleiner wärung, für
1458 462 2002 615 den krantz bezallen, er mögen
1453 535 1993 659 nach form rechtens bybringen
1439 590 1983 722 das sy einanderer vor im
1453 657 1742 762 verfelt habe
1427 724 1982 874 An landtvogt zu Gron, sollen.
1411 808 1981 935 beide, jedes mitt 15 tägiger
1407 857 1936 975 gfangenschafft straffenn.
1568 968 1885 1115 Ballergenten
1418 1044 2003 1163 Alls dan Cande, und Frauwen
1429 1107 1990 1208 Rod Morets von Gossorens
1417 1152 2002 1272 der Herschafft Fryburg, son zwey
1427 1203 1953 1291 kleine Junge meitte von
1439 1249 1990 1347 pallergenten, da das ein ein
1419 1298 1999 1392 das ander 1 jaren altt uber
1430 1363 1989 1465 khommen, das sy innen die ehe¬
1435 1418 1993 1520 ordenlich versprochen, dero auch
1429 1473 1992 1579 sy die döchteren nitt absin können
1424 1535 1968 1637 sind Andray Mombelliards
1416 1585 1987 1682 der yetz abwäsend, ist hierüber
1419 1656 1967 1746 erkent, das dise zwo scheuer.
1412 1710 1984 1805 gesprochungen, diewyl sy den
1400 1758 1966 1860 fründen vatter mag hinder.
1390 1814 1984 1926 rugke zugangen, und sy noch
1398 1875 1977 1992 zum ehestund und ittig, verm
1394 1939 1987 2040 gsehen, das sy, vnd ir mutter
1407 2018 1975 2120 guttwillig gsin wärend, dise
1392 2066 1970 2165 ehe bezichtigungen Zeuernelin.
1391 2126 1988 2217 khommen, uffhept, und brassel
1398 2183 1980 2276 sin sollend, und ist den knaben
1391 2247 1968 2347 nachgelaßen, das sy sich anderhart
1394 2304 1981 2392 verehelichen mögind, die döchteren
1384 2350 1948 2456 aber sollind sich in dem ehe
1388 2414 1972 2510 stellen, sy habend dan grandtlich
1394 2479 1960 2576 altter erlangt, und beschechen mitt
2648 397 2748 502 321.
2125 444 2665 550 irer fründen wüssen und willen
2137 497 2743 615 denne soll jede parch iren ersten
2137 572 2701 671 an ira selbs haben, im übrigen
2136 629 2779 733 hatt man disen unzittige bruttlacht
2141 686 2726 796 an ein herren bracht, wie sy
2129 747 2746 841 die mutter vnd Nicond Cilliard
2112 813 2719 923 fraurista ein husfrouw, so dise
2115 891 2740 1003 vier jungen erementschen gefurtt,
2105 971 2410 1080 straff, wellind.
2275 1062 2453 1171 Buchster.
2102 1127 2760 1234 Anna Walchart von Mostgedorff
2125 1207 2747 1309 so sich mitt schwären gottslesterung
2105 1269 2717 1376 vergangen, soll vor thorgricht zu
2107 1330 2676 1426 Buchste ein herdfal thun, vnd
2124 1387 2746 1490 Gott umb verzychung verfurch pitten.
2097 1451 2742 1554 Itten, sy soll ouch alle die geltt busen
2114 1519 2678 1625 so ira uffgeleitt wärend, abrichten
2110 1583 2750 1688 vnd wan sy sich mer begehen wurde,
2106 1648 2732 1747 wurde, man ire faller an ein
2090 1713 2716 1819 hoche Oberkeitt laus laßenn.
2199 1798 2519 1917 Münstigen.
2114 1878 2708 1979 sölle Anni dek von wegen sy
2109 1942 2743 2027 ab Uli Burcki von Hüttling frem
2113 1988 2729 2084 shenigen geklagt, wie er ira
2104 2059 2733 2150 einmals eheliche werk angen
2108 2115 2703 2207 muttet (wyl sy menstmo
2071 2170 2685 2277 laboriert, vnd wie sy Ime
2083 2244 2753 2336 daselb abgeschlagen, er zu Grabseit
2104 2291 2693 2394 haben solle, sy solle uff den buch
2090 2348 2734 2445 ligen, vnd den hinderen darhalten
2107 2408 2737 2509 und aber sölliches nitt erwysen ers
2090 2460 2756 2578 varumb und von sollcher überklegen
