4032 3024
1574 385 1745 511 Mucht
1392 427 1990 575 Christina Rorer von Bollin
1422 513 1991 637 spricht der ehe an Bendicht
1417 572 1987 669 Salnisperg von Muss mitta
1397 619 1990 722 zeig, er habe sya zu hinein de
1415 665 1990 780 geschwengeret, vermeine de
1398 717 1984 830 halben, er sölle sye ehelichen und
1402 771 1981 894 den kilchgang mitt ira verbri
1392 829 1992 940 Entgegen, er die vermeint er
1398 876 1987 979 habe ira mitt verheissen, wel
1409 925 1991 1031 ouch ira nütt und begärt hie
1400 977 1979 1070 mitt von ira ledig erkent zu
1402 1019 1989 1127 werden, den byschlaffe aber nit
1399 1078 1990 1175 lougnende. Cognitu, diewyl
1405 1136 1997 1233 der versprecher der Clegeri benen
1388 1178 1985 1268 ehezusagung bekandtlich sin welchen
1399 1229 1988 1328 vnd sy inne mitt keiner kundt¬
1377 1280 1990 1378 schafft dero underrichten mögen, So
1399 1335 1987 1427 solle deshalb der veantwortter
1402 1395 1984 1476 der Clegeri ansprach lidigerben
1403 1447 1984 1531 und indem erloupt sein, das es
1406 1500 1955 1595 sich anderfart verehrlich möge,
1396 1548 1984 1641 Dannothin soll er ira das khind
1399 1606 1974 1697 nach der genit, wo sy ime das
1385 1656 1966 1750 selbig wie bruchlich übergibt
1388 1703 1973 1805 abnemen, und für das sin in gotts
1378 1754 1964 1853 forcht erzüchen, und dantzmal dry
1377 1812 1963 1907 kronen für die Kindtbette abrichten
1377 1859 1978 1964 ouch ira allen zimlichen billich costen
1373 1915 1960 2015 so sy mitt diser schidigung erlitten
1372 1972 1977 2069 obthragen zu leist, soll er es en für
1384 2029 1976 2114 den krantz inn erthalb monatsfrist
1374 2080 1973 2167 bezallen, er möge dan in derselben
1384 2129 1969 2213 zytt darbring, das sy ein anderer
1386 2183 1956 2271 vor inn verfelt habe, dessen er alles
1378 2233 1959 2336 dan so vill recht ist geniegen solle
1356 2330 1962 2428 Er hatt gelopt, nach dreyen wuchen, und
1368 2393 1948 2476 sy nach der genigt abzebüssen, er
1362 2440 1938 2541 soll 7. und sy 3 tag yngelegt
1356 2492 1506 2571 werden.
2573 398 2667 497 179.
2129 420 2350 532 Rotschwund
2022 499 2653 593 Loysa ou verzel begärt die schidigung ab
2026 575 2666 643 Guillaume Jacquilliard ihrem ehemannen
2034 610 2672 687 von wegen das er sich mitt francais
2036 652 2674 738 gendron von Eynen der parochi gryerz
2024 692 2676 778 Fryburg pietts, im ehebruch solle ver¬
2059 736 2671 823 gangen haben, und je so wytt khun
2031 789 2671 873 dtschafft gelegt, das der ehebruch mit
2042 847 2674 924 keinem schyn der warheytt mögenn
2037 893 2670 979 verlougnet werden, doch die wyl der
2033 942 2656 1017 man für angelougnet, und nitt
2038 991 2646 1061 bekhandtlich fur wollen. Sy aber hie
2044 1051 2670 1123 neben sich protestiert, im fhal sy nitt
2038 1092 2662 1178 gnugsam erwisen, das sy ira alle
2035 1137 2669 1238 andere khundtschafft welle vorbehalten
2039 1195 2621 1277 haben, und die wyl nun eine
2050 1246 2647 1330 herren durer ein solche jungethe
2046 1300 2637 1375 von irer kleinen khirch wegenn
2045 1353 2664 1422 gescheiden, hatt man Inen zu ant¬
2052 1400 2641 1484 wortt geben, ob woll man denn
2033 1445 2628 1540 handel gar argwonisch, so habe sy
2039 1503 2658 1602 doch den Ehebruch nitt gnug heytter
2039 1558 2650 1652 erwisen, deßhalb welle man sy hin¬
2032 1614 2658 1709 der sich gewisen, vnd alle andere khundt
2025 1677 2646 1768 schafft nachgelassen haben, uff zerenden
2049 1737 2651 1820 und zeuerhören verhoffende, ob sy
2067 1790 2667 1873 eytteren kosten anwenden werden
2022 1847 2634 1948 sy sich ehe widerumb keinbaren
2198 1931 2333 2033 Nota
2056 1988 2640 2080 das über disen handel, die zwen
2040 2064 2641 2129 herren predicanten, in iren oppinion
2061 2091 2634 2167 zerfallen, der ein, so zum ersten
2033 2142 2639 2206 angfragt worden, vermeint, es wäre
2034 2181 2619 2254 alles zu tragen khundtschafft und
2042 2231 2637 2306 hatt mitt daruff setzen wellen,
2052 2272 2645 2340 der ander aber, es sye mitt derselb
2048 2318 2623 2399 der Ehebruch so heytter erwisen
2043 2362 2626 2441 das er mitt keinem schynder war¬
2052 2407 2626 2485 heytt mögen verlaugnet werden.
2046 2447 2611 2536 welches inen die übrigen h ouch
2034 2502 2342 2600 gefallen laßen.
2676 581 2747 663 en.
