4032 3024
1399 328 1484 452 .
1526 357 2129 471 orsamm Chorgricht zu thun
1550 432 2138 540 uns die parthyen effli Meye
1537 497 2138 583 ir man Balsing, inne lutz und
1555 548 2130 643 sin frouw, mit einer schyn, und
1548 598 2120 701 uffgenommer kundtschafft zu
1536 658 2137 756 geschickt, daruß wie ir fürgalt
1546 717 2131 809 ÿttel von syn vernemmen, und
1513 774 2144 860 Ich der zyth nit zum besten besit
1553 831 2132 914 inet etc. daruff wir sy die
1536 880 2118 969 zwey ehelich jemandt Gulsig
1554 928 2139 1016 vnd sin frouw, das wider mit
1555 988 2132 1066 ein andere lieblich sollendt
1551 1043 2151 1136 hußhaltten, so die frouw denck
1555 1099 2139 1189 das sy fürhin sich bass mit den
1552 1156 2125 1235 nespuren haltte, und flyßig
1539 1207 2118 1296 bpredig gen solle, und das sy
1548 1265 2154 1353 beid globen, er falsiger gutt
1565 1309 2132 1405 weilig verheißen, sy sin frouw
1566 1372 2148 1455 aber das sy mit ime wille mehr
1565 1421 2139 1518 hushaltte, mit globen wolle,
1564 1479 2147 1571 daruff sy angent yngleich, waren
1561 1533 2134 1640 Cunrath Lutz und sin frouw
1566 1600 2137 1698 sind gemandt sich halffiger
1571 1657 2152 1746 huch beyden, auch sin falsige
1567 1713 2152 1802 f nit mehr zu schlachen und so s
1558 1760 2137 1852 sondes, so jene etwas unbil
1572 1815 2134 1903 lichs von ira widerfart, das der
1571 1866 2136 1971 oberkeit anzuzeigen im fal e
1581 1940 2125 2031 das nit thun, werde man sy nach
1579 1990 2144 2076 irem si diens straffen, dan
1570 2048 2137 2141 nethin sollendt alle verlüffer
1578 2088 2129 2194 wort, so zwüschen ergangen,
1588 2154 2154 2242 uffghept sin, dheins an sich
1587 2200 2134 2302 eheren nüzit schaden, sonders
1574 2268 2075 2352 gutte nachpure blyben.
1563 2312 2141 2444 den costen, so jede parthi
1588 2377 2163 2507 ufftryben, sol jede an ire
1584 2429 1845 2513 selbs haben.
2834 324 2944 435 43
2342 369 2717 534 Fruchthalt
2235 457 2865 625 Als dan gelissens vogt der
2265 531 2922 661 Müler zu Thorberg und derbeth
2250 595 2898 746 falck uß beuelchener g he
2254 657 2861 800 gegen anders verhört, ob sy ein
2267 710 2865 832 anders zu ehe genommen, das sy
2255 759 2900 888 beide bekantlich, ja wan sy vo
2248 815 2897 933 trem ehr man, so in land umbhin
2258 867 2914 1000 züche möge gescheidt worde
2248 930 2887 1057 die sy aber den byschlaff mit
2261 982 2933 1102 ein anderen volbracht, immassen sy
2289 1035 2930 1150 shwangen worden petten syn
2234 1088 2902 1225 beid umb quod cognitum
2252 1168 2933 1288 Diewyl ir eheman noch zu läben,
2275 1223 2915 1350 und sy nit von ime gescheiden,
2276 1281 2917 1410 solle diße ir ehezusagung
2257 1348 2901 1480 krafft loß, und sy bind aller
2270 1426 2842 1539 ehelichen ansprach von ein
2271 1469 2867 1582 anderen redig erkendt syn
2269 1498 2937 1649 sich fürohin ein anders zeit züchen
2285 1588 2850 1701 und müßigen ime eheliser
2280 1638 2911 1759 Vogt aber sich ander fort siner
2279 1704 2914 1829 glägenheit nach zeuerehelichk
2279 1766 2911 1882 erloupt, sy Elsbeth falck aber
2285 1819 2914 1930 diewyl ir man nit im land
2289 1860 2957 1990 anheimsch, so solle sy ime nachzüche
2284 1928 2950 2055 und wan sy gemist des kindts und
2259 2002 2876 2107 ime Müller, das wie brüchlich
2267 2066 2938 2179 zueignet, solle er das für das
2283 2115 2953 2221 von zu Gots forcht ufferzeichen.
2275 2183 2917 2281 den gesten jedes an ame
2310 2250 2588 2349 slbs haben.
