4032 3024
1298 346 1421 467 376.
1496 402 1697 512 Bern.
1353 457 2001 622 Alls dann Ulrich Glantzmann
1366 526 1972 639 frouw, in einem zorn geredt, alle
1362 589 1992 705 die da sagind, sy habe bestor den schnyde
1359 643 1995 747 an ira die liegind, syend es man
1368 686 1991 798 personnen alls dieben, vnd scholten
1377 734 1992 849 und wybs personen, alls huren
1365 777 1988 893 und hexen, ja alls ketzer und
1369 836 1989 950 under anderem herren welcher
1361 898 1977 994 ouch gedacht, der mitt ira am
1374 935 1980 1036 fhorgricht, allen ein chorrichter
1378 996 1993 1093 gereit, und die sachen fürgehalten
1373 1047 1990 1140 vnd deshalb sich hochlich beschwärden
1365 1091 1980 1190 wie auch billich, dan es wurden
1367 1139 1987 1253 niemandts gern dissampt tragen
1367 1194 1951 1284 wan den lütten, so man bschikt
1392 1246 1990 1349 soltte nachgelassen syn, die Richts
1364 1270 1981 1385 ze schmützen und ze schmächen weiten
1352 1345 1974 1439 Es solle die glantzmanning sich er¬
1361 1390 1972 1473 khennen, das sy mitt dann herenn
1361 1440 1970 1518 liebs vnd gutter von Ime herren
1365 1491 1975 1574 welchert wüste und ime uberthan
1368 1535 1983 1623 haben, welches sy angentz gethan,
1361 1584 1961 1677 daby erlüttert worden. Es solle
1379 1635 1971 1733 der herr siner eheren gantz wol
1362 1681 1968 1784 verwart sin, und sy die glantzman
1353 1743 1977 1826 nind, ouch by denen eheren beyb
1356 1782 1974 1869 so sy vorhin gehapt und zu einer
1362 1833 1965 1926 straff ein halben guldi in die büchsen
1351 1896 1946 1976 geben, und ira hieby anzeigt, sy
1342 1947 1961 2054 sölle sich fürhin müttig, eheren
1346 2006 1948 2100 kütt, so an denen ortten sitzend
1335 2053 1946 2167 zeschmützen, vnd ze schmächenn
2563 407 2622 492 37
2053 434 2687 564 Mittwuchen den 15. Septembris 1694.
2038 508 2677 609 Grases herr walthart, Cons. herr gelden
2041 571 2665 664 minist. ambo. finium Dachselhofer
2046 613 2465 696 zechender Wiechselman
2237 699 2474 787 Sumiswald.
2050 757 2586 850 Anna Rodt spricht der ehe an
2064 823 2635 888 Melcher Hügli mitt anzeige, wie er
2051 870 2637 941 eines abendts alls sy mitt iren khind
2045 919 2632 990 znacht gehen zu ira khon, sich zum thuch
2049 966 2661 1037 gsetzt, glych darnach ira den loffel von der
2047 1013 2652 1082 hand gschlagen sya angriffen, und in der
2044 1064 2654 1127 Stuben mitt zu vmbgfharen, vnd
2034 1115 2640 1180 ira angemuttet, das sy sines willens
2047 1160 2633 1222 pflegen soltte, welches sy nitt thun
2055 1197 2636 1267 wellen, er verhiete ira dan die Ehe
2046 1238 2589 1315 welches er gethan, vnd syne
2052 1284 2635 1353 gewilfaret, da sye nun ir begär
2045 1336 2650 1409 das sya ze kilchen für entgegen der
2041 1383 2655 1457 verantwortter, Ja weder der Ehe¬
2050 1426 2645 1505 zusagung noch des verbrachten byschlagen
2046 1475 2602 1549 bekendtlich sin wellen, erwelle
2051 1511 2639 1589 ouch ira nitt und begärt von ira
2041 1557 2636 1630 ledig erkendt ze werden. Cognitum die
2059 1602 2634 1664 wyl, der versprecher der Clegerin
2051 1637 2641 1722 keiner ehezusagung bekhandtlich ein
2053 1695 2606 1763 wellen, vnd sy inne dero mitt
2044 1737 2604 1809 keiner khundtschafft vnderricht
2051 1790 2635 1879 mögen. So solle deshalb der Clege
2112 1827 2635 1920 ehransprach uffgehebt und
2030 1874 2605 1976 Indem erloupt sein, das es sich
2043 1931 2636 2017 anderfart vehrlichen möge, vnnd
2040 1988 2644 2075 soll jede parthi iren ersten andra
2054 2047 2238 2116 selben haben.
2038 2126 2612 2218 an vogt zu Sumiswald, solle
2036 2195 2618 2274 sy beide, vnd petter graber, den
2032 2231 2625 2311 knecht im glaben, wyl sy eines
2048 2273 2619 2362 uff einer Buri mitt einanderen
2046 2314 2604 2397 eingeraufft, das sy gesagt,
2016 2356 2622 2460 habind einanderen gefället, das
2024 2404 2625 2505 inen die trän, über den ruken yn
2020 2450 2624 2563 glüffen, jedes mitt funfftägiger
2005 2496 2469 2621 pfangenschafft straffen.
2662 587 2733 658 den.
