4032 3024
1280 332 1397 429 282
1419 377 1958 512 deßhalb dise des Clegers ehr ausse
1434 438 1993 569 uffgehept, und jeden erloupt furstlich
1438 488 1998 598 anderhart zeuerehelichen, deme
1438 537 2011 665 sölle er der Cleger, der erantwort
1431 584 1996 703 teri und irem vatter, allen zimlich
1422 638 1992 747 biblichen costen, so sy mitt diser
1420 686 1988 820 schidigung erlitten abthragen, hiebe
1425 736 2003 870 Ist auch zur wysenn, fide gehalten
1418 799 2013 932 das er sich überheben, sy zescheiden
1402 857 1984 965 wie er tröüwt, wenn sy ine schon
1424 902 2004 1015 nitt zugsprechen werde, so wolle
1408 960 1999 1093 er ira doch ein hüttlin uffsetzen
1608 1044 1841 1172 früttingen.
1393 1090 1990 1228 Cathrina Truchen, klagt den ebruch
1409 1169 1998 1287 ob Hans Schrantz irem eheman mitt
1406 1233 1982 1326 anzeig, ob sy woll Ime yetz ein jar
1406 1275 1986 1364 einen fäller verzigen, und vergaben
1399 1320 1974 1415 so habe es doch an Ime nitt so vill
1398 1371 1987 1474 erschossen, dan das er sich am letst
1397 1417 1974 1520 verschinen nüwen jars tag, mitt
1407 1483 1969 1586 einer genampt Madlena Nigli
1386 1521 1963 1624 In üppiger huri vergangen, und
1395 1561 1959 1660 also sie versprochne trüw, vnd
1390 1607 1990 1722 pflicht mißhaltten, begärt deshalbe
1403 1677 1978 1763 von zur aller ehelichen pflicht und
1384 1727 1971 1825 bandern uffgelegt und gescheiden
1379 1778 1944 1883 zewerdenn, Entgegen ver¬
1384 1836 1984 1934 meltter schlantz deß klagten falles
1379 1894 1971 1985 nitt ab sin können sy umb verzychung
1378 1942 1984 2051 rittende, welche pitt aber nach die vnser
1389 2010 1968 2116 ira nütt erschehen, sonders hatt sy
1360 2076 1986 2181 das recht der schidigung begärtt, Cogniti
1362 2143 1981 2231 diewyl sy den Ehebruch mitt so gnugken
1403 2200 1974 2293 er kundtschafft uff inne erweisen.
1359 2252 1971 2351 das der mitt dheinem schynden wor¬
1355 2319 1968 2420 sheytt, können noch mögen erleget
1371 2374 1941 2475 werden, so sölle sy deßhalb von immen
1352 2433 1943 2551 aller schransprach abgescheiden und
2632 379 2725 443 283.
2109 431 2761 540 mitthin inen zu beiden theillen spotten sein
2117 484 2774 594 sich anderfart zeuerehelichen ira inen
2134 532 2769 637 aber 1 jar lang, ira allein bey hie
2121 587 2753 697 zwüschen mitt Ime widerumb möchte
2101 637 2776 762 verkünt werden. Ime zu straff eines fäler
2104 687 2736 809 wan er sich verehelich welter soll
2116 751 2756 859 er ein schyn siner beßerung von der
2100 797 2764 912 kilchöri, da er hiezwüschen worden wirt
2106 852 2738 966 mitt sich bringen, vnd zu beiden
2100 923 2753 1026 theillen alhie erlaubnus erlangten
2097 961 2759 1078 Er soll ira allen zimlichen billich
2094 1024 2708 1143 rosten, so sy mitt diser schidigung
2089 1082 2523 1201 erlitten abthragenn.
2086 1224 2740 1320 n landtvogt zu Grüttingenn,
2100 1296 2691 1385 sölle vermeltten schrantz, alle
2098 1349 2744 1442 vmb den anderen faller, mitt
2089 1405 2753 1496 e tagiger pfangenschafft straff
2107 1512 2611 1611 Frytag 21. junii 1594.
2093 1576 2749 1680 Praeses herr Galdi Cons. Welchert
2102 1650 2683 1730 minist. p. dik. H. Haller. Civiis
2085 1702 2720 1793 Rüsch zechend Wiechsellmann.
2237 1755 2694 1877 Houpperswyll oder ku
2275 1827 2469 1894 derswyl
2077 1837 2716 1966 Cathrina Gälduchin, welche in Recht
2087 1927 2719 2014 mitt citieren, gegen Heinrich häniger
2076 1971 2742 2055 Irem hingeloffnen eheman, verfurtt
2077 2018 2711 2118 Ist von dem selben der Ehe halb abge¬
2065 2081 2718 2174 scheiden, und ira erloupt, sich ander
2067 2118 2699 2229 fart zeverehelichen, sy mag sich
2059 2185 2700 2289 Irer erlittnen costens, laff irem
2058 2235 2360 2324 gutt erhollen,
2067 2287 2702 2424 an landtvogt zu Trachselwalld
2086 2376 2667 2466 olle uff gerachten hanniger ein
2065 2418 2719 2523 flyßige achtung haben, vnd wan
2061 2471 2714 2579 er sich in das land lasen wurde, soll
2067 2540 2731 2648 er Inne mitt dem eyd daruff wysen
