4032 3024
1329 342 1373 431 2.
1419 384 2007 573 derhalten so sie mit der einen
1429 478 2002 630 lichen kilchgang verbringen unnd
1430 525 1985 662 hushaltten, entgegen, sy ime
1431 577 1991 724 keiner ehezusagung bekhandtlich
1446 635 2002 784 sin wellen, mitt anzeig wie wolle
1434 696 2002 842 war, das er ira der ehe angemut
1437 760 1989 904 tett, sy habe aber ime jederzytt
1425 831 2004 970 anzeigt, wie sy ane irer mutter
1416 894 1999 1023 und eherlichen fründtschafft sich nit
1420 960 1993 1075 verehelichen welle, so vill das
1412 1015 1996 1127 den hafftpfennig anbelangt, habe
1412 1084 1982 1198 sy ime denselben nitt uff diese
1408 1146 1973 1261 abgenommen, und so bald sy ge¬
1413 1194 1975 1317 sprütt, das er sy hiedurch zur
1406 1259 1951 1363 sche behaltten wellen, hatt
1417 1329 1970 1424 sy ime dieselben widerbekhert,
1391 1379 1978 1488 des byschlaffs halb, sye der nitt
1389 1445 1940 1536 geschechen, woll sye war, das
1381 1503 1952 1591 er in irem hus ubernacht bliben
1411 1561 1942 1643 und zweymal zum fenster
1398 1617 1955 1709 zugschloffen, wyl sy schon an
1398 1676 1960 1767 irer ruw gsin, und vermeint
1399 1746 1954 1841 hiemitt, sy solle von ime leidig
1405 1796 1947 1897 erkendt werden. Cognitum
1372 1871 1951 1957 Diewyl, der verantwortter
1382 1930 1963 2029 dem Cleger dheiner ehezusagen
1381 1991 1929 2114 bekhandtlich sin, und er sch
1386 2073 1962 2168 nitt mitt gnugsamer thundt¬
1355 2129 1970 2247 schafft underrichten mögen, die
1379 2197 1953 2300 geseche habe, das sy die einanderen
1349 2248 1964 2389 mitt darrekung der henden, ynhin¬
2082 439 2716 571 geschlachen habind, so solle deshalb
2087 501 2751 624 Dise ehransprach uffgehept, und haben
2103 558 2764 678 erloupt sin, sich anderfart gener
2093 616 2741 739 ehelichen, denne soll Jede parthig
2106 676 2746 798 wyl zu allen sy den ettwas falles
2118 733 2756 838 geschechen, Iren ersten an graselben
2109 797 2714 894 haben, vnd den selben zum halben
2084 870 2357 952 theill tragen,
2287 899 2415 997 Vorb.
2087 969 2705 1080 Madlena Capplerin, welche ir
2099 1040 2728 1122 Recht mitt citieren, gegen Cunradt
2100 1088 2750 1171 mey von wort verfürt, ist der ehehalb
2096 1140 2757 1236 uffgelöst und ira erloupt, sich ander
2085 1205 2728 1300 fart zeuerehelichen, sy man sich irs
2089 1269 2631 1354 costen etc. uff sinem gutt erhollen.
2089 1324 2719 1425 wan er sich widerumb in das land
2098 1392 2695 1483 lassen würde, soll er mitt dem
2081 1444 2725 1547 Eyd daruf gewisen werdenn
2284 1551 2405 1652 Beric
2098 1626 2706 1722 Anthoni Rodt. Ist vor der Krämer
2096 1687 2722 1786 von Alberg gewarnet, ira müsig
2085 1747 2736 1832 zegen, dan wo er mer by ira soltte
2090 1799 2714 1903 funden werden, wurde es feir
2078 1866 2747 1960 die thatt gerechnet, vnd gestrafft
2101 1930 2316 2023 werdenn,
2245 2016 2400 2127 Bem.
2105 2094 2704 2189 Abraham Wolffhart, welcher hievon
2107 2150 2690 2240 den 4. Martii 1793. von Maria Ser
2089 2205 2728 2310 matteri ist gescheiden worden, diewyl
2085 2269 2700 2366 er die vnschuldige person ist. Ist zur
2078 2328 2742 2437 verwilliget worden, das er sich ander¬
2064 2388 2742 2501 fart verehelichen möge, vngeacht, das
2079 2458 2744 2582 noch etc. wuchen brist, ob sie wartthe
2074 2504 2330 2621 fürliber sye.
2735 2250 2794 2328 13
