4032 3024
1354 358 1468 488 38.
1590 404 2085 558 Fryttag den 23. maris
1633 488 2088 607 Consules hr. Galli, da
1646 551 2084 664 Ministe zu dick, halbe
1631 596 2090 715 Eines Rüsch, doch selhoffe
1650 657 2054 775 Bantz, Hof stettes
1649 761 1867 863 Bern
1453 833 2096 953 David Lilier, ist vermandt festen
1501 912 2087 1018 spredig zgan, sich vor vil zechen
1507 976 2073 1058 zmüßigen und in siner hi
1513 1035 2082 1112 zetoben und wütte, schweren
1514 1082 2094 1165 und fluchen, sin wyb und sind
1507 1131 2086 1217 zuschlachen etc. sonst werde man zu
1513 1188 2090 1271 nach sineren verdiens straffen.
1687 1262 1866 1349 Bern.
1458 1331 2097 1456 Hans Rudolff Landes Junfrew
1947 1411 2097 1495 hat anzei
1524 1445 2051 1556 wie erharr Wannen macher
1520 1518 2077 1612 der bader knächt ist überet, das es
1525 1579 2069 1677 sins willens pflegt, vnd vo
1503 1628 2101 1717 ime schwantz wordt, mit began
1508 1690 2044 1781 inns dahin zuhaltten, das er
1505 1735 2095 1847 Ime den Kracht bezalle. Cogniti
1516 1808 2061 1894 diewyl es gewüst, das er ein
1530 1857 2096 1959 ehe frouw ghan, so solle nehme
1531 1913 2097 2023 nit wytters ermag der satzung
1530 1973 2081 2062 dan ein par schu zu gäben
1560 2011 2045 2116 chuldig synn, und wan es
1528 2070 2093 2189 kindts geist, ihme das wie brüchtig
1518 2122 2082 2219 zueignet, sol er erzüchen, vnd
1526 2164 2073 2264 sind beid zugleich, die wyl er
1524 2215 2081 2314 aber nit khon laugne, dan das e
1531 2264 2086 2366 gret in trunkner wyß, er halbe
1517 2299 2083 2412 dem meister bywyl er by im
1524 2356 2104 2470 gsin, alle junckfrauwer beschicken
1533 2396 2094 2522 solle er lengen büßen, dan sonsti
1518 2489 2078 2641 Er Lande, sol mit der Junghen
1533 2551 2045 2674 rächet, die wyl er am freu
1539 2608 1976 2729 dirne nüt clagt und sy
1527 2641 1781 2718 bezallen, wan
1543 2685 2070 2791 kumpt sich dem löffen
2778 396 2872 489 59.
2315 433 2735 574 Lenden burg und
2468 522 2588 597 vors
2182 603 2858 749 Vrena Boll von Brugg, spucht
2203 690 2837 810 der ehe an Ulli Bichmer von vor
2198 750 2848 878 das er ira die uffracht verheißen
2217 812 2872 924 und ya beschloffen etc. dargegen
2212 865 2759 974 er fra keiner ehe zusagung
2183 925 2761 1046 bekantlich sin wöllen, des
2189 984 2851 1108 byschlaffs aber nit laugnende
2212 1051 2864 1169 derhalben von ira redig erkendt
2204 1109 2834 1218 zwerden gemeind. Cognitum,
2202 1166 2832 1270 Diewyl er ira dheiner ehe zu¬
2225 1232 2853 1341 sagung bekantlich und sy seine
2214 1285 2834 1394 mit kundtschafft nit vnderricht
2206 1342 2884 1455 nit, das sy beide von ein anders
2205 1391 2841 1517 ledig erkendt, syendt, vnd inne
2215 1443 2887 1561 beider sydts sich anderfart zeuer¬
2222 1502 2875 1628 ehelichen erloupt. Er sol fraach
2214 1554 2884 1659 allen billiches erste dis handels halb
2233 1618 2872 1736 uffgangs abtragen, und ira für
2180 1669 2847 1783 den Frantz 20 flren p. 25. betze
2211 1717 2908 1837 In Monats fryst falls, sye dan sach
2224 1776 2883 1898 das er möge bybringen in der zyt, das
2227 1842 2891 1957 ein anderer syn vor verfelt habe, des
2229 1903 2804 2010 er dan genieße, vnd ira nüt
2238 1972 2450 2056 gäbe sol
2235 2010 2882 2132 dem landtvogt zu schryben, sy beide
2258 2080 2853 2197 1 tag und so vil nächt anzelegen.
2353 2139 2702 2254 Ober diesbach.
2243 2202 2875 2324 Diewyl Anna Heinrich, anders
2240 2272 2915 2370 Schinderen im Richt nüt begägnet,
2253 2319 2873 2424 und ira doch das ordenlich etliche
2246 2371 2885 2481 mal zundt than worde, so solle er
2255 2419 2889 2540 schinder grads kind wider schicks
2237 2464 2888 2603 welle, so ime das widerumb, oder eine
2244 2518 2893 2652 anders geben, solle sy das allhie vor
2255 2590 2881 2690 vns, mit dem eid am Rächten
2248 2640 2841 2767 thun, in bysin des dem sy es
2249 2712 2650 2818 zu inger will.
