4032 3024
1264 360 1377 455 988.
1435 386 2007 589 Sambstag den 25. Juni 17
1427 512 1999 649 ward mir von herr Haller anzeigen
1424 569 1977 703 wie herr Halldi herr zechender.
1413 616 1729 730 und er hr. halber
1407 676 1996 818 bewilliget ein schryben an land
1414 741 1988 873 vogt zu Trachselwald, das er
1381 801 1945 914 Iren eheman Hans Graber,
1408 871 1980 974 welcher by fronegk welchere
1411 935 1990 1041 von Frist, wyl ein unehrlich
1414 977 1962 1090 khind erzüget, uff montag
1412 1041 1962 1145 den 1. höüwmonat alhar
1399 1106 1564 1191 tagen,
1380 1204 1994 1375 Iontag den 24. Juni 1694.
1418 1319 1993 1424 ruses herren Galdi Conser welchert
1392 1372 1976 1472 ministe ambo. Civium doch
1377 1415 1748 1513 selhofer, zechender
1514 1531 1735 1628 Lysach.
1384 1565 1985 1697 Jahrina Stoffel, ist ein citation
1397 1655 1985 1750 zu dryen wuchen, wider hans
1381 1709 1957 1804 Brucht iren hingeloffnenn
1367 1766 1884 1877 Ehenradt, vergünstiget
2637 362 2733 461 289.
2133 435 2713 557 Mittwuchen den 26. Juni
2106 520 2708 613 As94. praeses herr Walthartt
2113 568 2736 661 minist. ambo civiu Rüsch doch
2100 623 2454 741 selhofer Zeichend
2221 740 2464 835 Coppingen.
2106 791 2734 908 Anna Jaggis spricht der ehr ann
2104 868 2742 961 urs Berner von Helsouw, mitt an¬
2094 934 2737 1023 zeig, wie er sy vilmalen angetast
2098 990 2732 1083 ime eines willens gepflägen, da sy
2453 1040 2648 1091 verwilligen
2094 1058 2744 1133 Ime aber nie mitt verheyssen wollen
2098 1116 2752 1205 er verhiese ira dan die Ehe, welches
2092 1160 2692 1260 er gethan, darüber sy imme den
2075 1234 2735 1314 byschlaff alls irem vermeinttenn
2069 1285 2751 1388 eheman vergünstiget, davon sy ihren
2079 1348 2743 1449 ger gange, mitt begären imme, das
2072 1406 2750 1509 er ira sin zusagen haltte und zu kilchen
2060 1471 2734 1579 fhure, entgegen er ira kheiner ehe
2061 1532 2724 1640 zusagung bekhandtlich sin wellenn
2074 1608 2723 1692 des by schlaffs aber nitt laugnenden
2075 1653 2724 1764 welches sy ime kum aberlüffen,
2077 1717 2691 1810 vnd vermeint nitt das er ira
2077 1773 2752 1875 rtzit halten solle. Cognitum, die wyl
2059 1833 2716 1933 der verwantortter, der Klegeri
2065 1889 2714 1993 keiner ehezusagung bekhandtlich
2096 1951 2758 2042 sin wollen, vnd sy inne mitt dheiner
2089 2005 2752 2117 khundtschafft dero underrichten mögen
2098 2061 2731 2150 So solle deshalb dise der Clegeri
2095 2115 2744 2211 eheansprach uffgehapt, und jeder
2104 2174 2770 2275 erloupt sin, sich anderfart zeuerechen
2115 2232 2775 2348 lichen, denne diewyl sy schwange
2089 2294 2757 2394 hatt, wan sy des khindts genicht
2100 2339 2729 2440 und sy ime daselb wie brichtige
2098 2402 2722 2505 übergibt, soll er ira desselbig ab
2108 2453 2750 2572 nemmen, vnd für das ein erzüch
