4032 3024
1288 349 1406 474 346.
1388 394 1984 579 Mansuchen den 6. stehen
1428 479 2008 629 d 9 l. Praeses herr Welchertt
1420 545 2017 696 minist. anbo civium Rüsch doch
1401 582 2013 747 selhoffer, Zechender, wiechselman,
1501 697 1843 813 Ober erlispach.
1392 784 1969 919 Veronica Kyburtzin, klagt ab Ul
1384 845 1986 980 Rodten irem eheman, wie er nun in
1401 895 1983 1017 sibenzechen jaren zweymallen
1396 962 1975 1085 von ira zogen in die krieg und
1393 1018 2004 1146 wan er heim khomen sye, habe er
1368 1073 1977 1195 Ina alle mal die böse sucht der
1368 1132 1969 1250 blatteren kramet, Nun sye er
1384 1203 1994 1317 vor vierthalb jaren widerumb von
1369 1279 1999 1379 ira in Franckrych zogen, und haben
1390 1318 2022 1442 by einer metzen ein khind erzüget
1386 1404 2024 1501 wwelches sy mitt gnugsamer khundt
1364 1452 2010 1557 schafft darbringen möge, vnd deshalb
1410 1519 1998 1622 wgärt, von ime allerehrlichenn
1389 1574 1546 1664 standen
1547 1585 1996 1685 und pfricht uffgelösten
1399 1640 2019 1746 ze werden. Cognitien die wyl man
1436 1716 2021 1803 itt gwont die schidigung zwüschen
1421 1763 1998 1865 einandts in abwäsen der an¬
1392 1827 1445 1908 be
1438 1851 1994 1933 sagten parthy, ergan ze lassenn
1403 1900 2010 1997 st inae ein cation brieff zu die
1399 1962 2015 2056 wuchen vergünstiget, ad folio.
1519 2076 1757 2165 wenge.
1392 2135 1978 2236 zwüschen Niclaus Jacob unnd
1392 2199 1990 2287 Niclaus ploch ist erkent, das
1422 2247 1983 2340 Jacob ploch in des richter
1385 2299 1983 2391 hand gelobe, inne Jacoben von
1401 2360 1982 2450 wegen siner dochter, lutt es
1368 2406 2008 2497 gangner Vrtheilsbehalten, vndt
1384 2465 1986 2561 die zwo kronen costen, nach
2626 341 2687 429 .
2534 364 2633 449 34.
2036 411 2716 563 ergangnern spruch, und soll hiemitt
2071 493 2735 607 Anson Rudi, der meyer zu wenige un
2702 561 2752 604 V.
2071 534 2693 664 welcher inne plechen alhie us der
2077 593 2694 720 gfangenschafft gelöst, von imme
2061 656 2716 785 Jacoben lidis fin, und er ime nütt
2540 724 2722 799 annahm
2059 734 2452 831 zeantwortt haben.
2460 781 2502 819 .
2189 781 2466 835 u rosten so aut de
2075 786 2739 896 soll jede parchzuschidigung uffgangen
2141 839 2711 943 Irer selbst haben, und wan
2098 890 2135 956 n
2062 894 2699 1011 Jacob nitt erwinden will, soll
2080 950 2716 1063 er inne plochen, vor seinem ordenlich
2072 1024 2706 1124 richter, besuchene er soll ira
2075 1085 2695 1174 kein bezellung thun, sy habe dan
2092 1147 2605 1238 alhie abbüst, hatt glacht,
2202 1210 2454 1323 Grindelwald
2095 1298 2692 1411 Elßbett Glatthart, spricht der ehren
2093 1368 2724 1462 Heinrich Blum den alten, mitt anzeig
2118 1424 2692 1517 wie er nach absterben seiner hußfrouw
2094 1481 2697 1567 by wyl sy by ime gedienet, da der
2108 1529 2701 1620 entheren angemuttet, habe sy inne
2090 1577 2671 1666 abgewisen, nachwerts aber, sye er
2096 1627 2711 1717 zu nacht, zu ira zu irem bett khon
2098 1672 2736 1769 und sy gfragt, ob er solle zu ira lige
2094 1735 2713 1821 habe sy ime nitt bewillig wollen er
2113 1776 2695 1877 verhiese ira dan die Ehe, da den
2100 1833 2713 1937 er ira die ehe uffrecht, und redlich
2116 1890 2706 1986 versprochen, hieruff er sich zu
2124 1942 2718 2051 ira gelegt, und eheliche werk mitt
2100 1996 2703 2099 ira verbracht, derhalben sye ir begängn
2102 2058 2718 2143 an innen, das er sy ze kilchen fhüre
2155 2107 2702 2205 vnd für sin schewyb behaltte, entzogen
2105 2125 2154 2195 v
2123 2152 2708 2256 er ira dheiner ehelichen versprechen.
2116 2203 2716 2311 ung bekhandtlich sin wollen hatt
2118 2249 2724 2354 were hieby nitt absin khönnen den
2128 2294 2736 2401 das er sich zu ira gelegt, zeigt aber
2145 2346 2729 2437 an, wie er sy nitt beschlaffen von
2125 2389 2710 2490 wegen eines unvermögligkhen
2108 2442 2728 2538 altters und gepätten man wolle
2638 2483 2694 2540 udt
2166 2484 2590 2565 ne in ansechen, das sy er
