4032 3024
1318 428 1914 572 gethan, in krefften bsten, unnd
1327 513 1930 624 sy fürderlich den kilchgang mitt
1320 571 1927 694 zu thun, denne solle sy ine
1303 626 1917 735 Fruttinger, allen zimlichenn
1321 697 1927 798 billichen fosten, dis handelshalb
1357 748 1931 863 ffgelüffen, die wyl sich beschiet
1329 818 1928 938 das sy ime grossen anlaß geben,
1343 874 1906 993 und im won gelassen, das
1333 950 1916 1051 sy inne ehelichen weltte, Inne
1321 1014 1932 1110 aber genarret, vnd ein anderen
1330 1069 1881 1179 genommen) abthragen, und
1292 1151 1937 1249 Diewyl dan er der meinung ira
1323 1216 1925 1306 nachgangen, als sy sin ehewyb
1331 1278 1933 1377 se, und bywonung mitt ira
1330 1329 1899 1445 gehapt, ist sy darumb in
1324 1406 1895 1518 fangenschafft gelegt, er aber
1322 1473 1925 1581 Diewyl er vermeint, sy sin ehewyb
1327 1535 1910 1655 sye, der straff ledig gelassen
1331 1597 1506 1705 worden
1443 1703 1837 1810 Challi Mustiz.
1327 1774 1886 1882 Vinrent Cherer von Blancht
1314 1848 1890 1958 spricht der ehe an Claudarz ge¬
1317 1910 1870 2020 neney, mitt anzeig wie sy ime
1302 1976 1873 2091 dieselb uffrecht und redlich zu
1317 2052 1907 2171 gesagt, mitt Ime daruf getrunken
1324 2120 1921 2226 Demnach sy ime ein facenetli und
1322 2197 1914 2298 hosenbender daruf geben habe, be¬
1315 2260 1915 2373 gärt also, das sy ime er zusagen
1321 2329 1896 2436 haltte, vnd den kilchgang mitt
1310 2397 1885 2527 ime volnbringe, entgegen sy
2539 317 2635 401 197.
2005 377 2655 551 ihme deiner ehezusagung bekhandt
2010 467 2640 598 lich sin wollen, vil minder das
2013 519 2654 667 sy ime ettwas daruff geben habe.
2008 589 2644 739 Cognitum diewyl die verant¬
2012 646 2636 774 worter dem Kleger dheiner ehe¬
2005 737 2648 873 zusagung bekhandtlich sin wellen
2008 792 2680 917 vnd sy er sy nitt mitt gnugsamer
1984 869 2629 995 kundtschafft dero vnderrichten
2022 937 2679 1076 mögen, das deshalb dise des klegen
2008 1013 2659 1131 Gransprach uffgehept, und jeden
2013 1075 2646 1202 nachgelassen sin solle sich ander¬
2000 1158 2675 1272 fart Zeuerehelichen, denne sol
2021 1219 2650 1346 der kosten uffghept sin und haden
2004 1312 2665 1430 parthi den ira an ira selbs haben.
2094 1429 2498 1574 Burgedacht. Baden.
1983 1532 2658 1656 Cathrina Schmid von Baden spricht
2009 1620 2655 1714 der ehe an, anderes grunder vonn
2011 1679 2671 1784 Rormoge, in der herschafft Burgdorff
2013 1745 2660 1836 mitt anzeig, wie er ime die ehe vff
2019 1804 2653 1911 recht und redlich verheysen, ein
2003 1878 2651 1988 dikempfennig daruff geben, vnd
2026 1959 2669 2054 Ime so vil angehaltten, das es Ime
2023 2025 2694 2116 den byschlaff verwilliget, vermein
2026 2086 2655 2201 also wir soltind durch vnnsere
2015 2159 2683 2276 Urtheill inne vermögen kylchen
2017 2230 2657 2331 Rechte mitt Ime Zeuolnbringenn
2011 2299 2703 2406 entgegen er ina dheiner Ehezusagung
2021 2352 2712 2468 bekhandtlich sin wollen, noch das er
2023 2424 2714 2554 ützit daruff geben habe, deß byschlaffe
