4032 3024
1475 417 1696 553 Künitz.
1342 505 1906 644 Als dan Michel Steini von
1377 598 1929 702 franckfurt, sich immasse gehalten
1463 664 1925 756 von unser gn hein statt
1372 710 1915 816 vnd land mit dem eyd verwys
1365 759 1931 873 und Margreth Heinrich sin eh
1366 821 1935 913 frouw nit mit Ime das Land
1381 879 1939 974 rummen wöllen, sonders votu
1375 934 1525 1010 gescheyden
1524 937 1940 1034 zwerden begart cogniti
1344 981 1942 1094 Diewyl sin stannds sach als
1348 1049 1946 1148 gestaldet, das er uss unser gn her
1353 1100 1906 1190 Land verwyße, und sie sach
1363 1161 1929 1254 Maleficisch, das deßhalb sy vo
1360 1215 1947 1308 ime aller ehr ansprach vnd pflich
1420 1265 1936 1363 scheiden, vnd fra sich anderfert
1371 1318 1922 1412 zeuer ehelichen erlaupt sin
1398 1374 1934 1464 mag auch iren ersten an sinnere
1386 1423 1950 1531 gut ynkhommet und erholen, das
1381 1474 1714 1553 des beträtte mag
1503 1558 1758 1657 Synouw.
1369 1655 1937 1759 Barbli zur sericht dreiche an
1393 1710 1913 1810 Andres kannen, habe ira die
1411 1771 1962 1867 erheißen, das gagen er ira dheiner
1437 1812 1951 1926 zzusagung bekantlich gesagen.
1403 1872 1943 1981 cognitum, die wyl er gra
1415 1925 1953 2024 dheiner ehrner heißung, auch das
1396 1967 1931 2086 byschlaffs nit bekantlich si
1399 2032 1948 2142 wöllen, und sy inne mit kundt
1430 2084 1949 2199 hafft nit underrichts mögen, das
1420 2131 1881 2238 deßhalb sy von einanderen
1415 2178 1957 2311 aller ehrlichen ansprach gescheiden
1417 2226 1971 2371 und innen bei der eydts sich ander
1420 2266 1926 2406 fart zeuerechlichen erlaupt sin
1439 2326 1911 2471 de, den solcher auch allen
1413 2341 1815 2498 zimlichen beliehen, als
1418 2410 1889 2561 den des chall gegangen
1429 2472 1677 2569 abrechen
2105 393 2422 537 Eygnoivo
2014 506 2595 685 das er einer geacht den
2041 533 2660 745 geschalten schuldige hern
2074 625 2593 789 hungen durch mit 107
2024 697 2668 848 Abesold dem Senne im vorderen
2044 752 2664 896 seines zu ein tryben und trin w
2037 794 2647 946 loß auffene worden, derhalben des
2084 865 2622 998 ydigung begärt, dargägen sy
2053 924 2620 1059 anzeigen, wie er sy us dem ohne
2046 977 2673 1116 geschlagen, frawenig guts than etc.
2039 1023 2684 1168 Inne doch vmb verzihung gepütte
2054 1101 2616 1236 Cognitum. Diewyl er den
2053 1154 2733 1301 Ehebruch vff sya gnugsam bybrachte
2049 1246 2621 1341 vnderte nit verzichen wollen.
2049 1278 2706 1402 das deshalb er von ira aller eheliche
2040 1314 2740 1467 kandt ledig, vnd Inne bey der sydts
2045 1391 2707 1530 ime ein halb jar ira ander halb s
2049 1466 2705 1588 der lang gepotte sin, sich davor
2067 1508 2715 1640 nit zuuernhelichen, und wan sy sich
2066 1583 2702 1699 wider vsuratts wellendt, sonde
2063 1648 2697 1746 s zuvor alhie verlaub erlangen,
2070 1699 2693 1817 und sy ein schyn von der kilcherin
2075 1762 2719 1871 do so hie zwischen wonde wirt, her
2059 1815 2756 1919 beßerung, mit sich bringen. Sy sol
2061 1875 2666 1973 ime allen billigen osten abtragen
2096 1957 2641 2064 sy ist angentzen yngedeit worden.
2201 2031 2435 2146 eiglen.
2063 2094 2703 2207 Dem für weybel, das er gemeltte
2112 2159 2759 2276 uben aber sold alhar vermagen, abzebüßt
2296 2257 2612 2368 michen buch sy
2081 2348 2745 2443 Dem vogt, das er vieli Kräuchli
2715 2418 2762 2487 .
2111 2399 2717 2509 alhar uff künfftig fryttag vermöge,
2105 2465 2744 2560 Eerbara Frantz und und antwort
2125 2512 2766 2609 zegäben, worumb er das kind, so
2131 2563 2724 2661 ss Ime zugeben willens, nit
2125 2625 2645 2704 für das sin nemmen wolle
