4032 3024
1303 335 1408 448 260
1493 431 1975 573 Mandag. 3. Junii 1697
1499 505 2003 653 E. H. Balden Minist gesten
1519 578 1979 728 Eues, dochgeEhrter zehenden
1568 702 1763 816 Gerich
1409 790 1970 910 Abraham Schnyder, Glandt deß
1446 854 1979 958 senkrämmer zeigen an, das man
1421 919 1977 1015 etliche zytt in Ulli glantzmans
1408 961 1979 1070 hus zuthe, und praße bis zue
1416 1023 1968 1115 Mitter nacht, vnd wandte städts
1421 1077 1489 1135 da
1482 1079 1976 1181 uß und yn houptman Rubeli
1419 1126 1950 1218 Nöttig, Jacob Müller der alt
1411 1174 1962 1281 kempff, vnd andere Inne vnbe¬
1413 1237 1962 1335 khandt, darumb großer Argwon
1404 1289 1979 1382 da sye, die wyl ist aber nit by ine
1400 1340 1961 1448 syendt khonnen, sy nüt uneherlichs
1404 1395 1909 1504 das von ihnen bescheche, anzeigen
1535 1460 1682 1557 Bern
1382 1529 1943 1633 Ir Hartman Amman hat umb sin
1384 1607 1808 1691 begangne fäler abust
1558 1667 1774 1757 yffertten.
1392 1708 1936 1817 Tschachtlan Masset, hat glichs
1393 1785 1602 1863 fal abust
1511 1875 1845 1970 Sumiswald
1383 1937 1953 2055 Alls dan Margreth Flure, Michel
1388 2005 1971 2100 Mummenthaller freuehe man nach zuhalt
1382 2060 1955 2140 Irer Citation ordenlich gerufft sch
1391 2099 1943 2188 aber ira in rächt nie erschynne
1379 2145 1943 2242 ist, sy wo ihmmen ehrlicher banden gescheiden
1375 2195 1939 2279 vnd ira sich anderfart zeuerechtlichen
1384 2255 1913 2337 erloupt, er aber hat durch sin
1383 2294 1918 2382 ungehorsame teste zu han statt
1383 2336 1950 2440 und land verlord sy mag des postens
1368 2393 1841 2482 an siners gutt ynkhommen.
1530 2455 1825 2542 Nachselwald
1327 2484 1944 2597 Den landtvogt zeschryber uff zue
1360 2554 1909 2657 Numenthalber acht zu habe, Inne
1357 2601 1941 2697 mit des eyd us unsrege ein stadt
1356 2635 1811 2750 vnd Land feuer Wyße
2605 350 2714 464 261.
2188 438 2450 553 hoffingen
2072 508 2705 643 Ester Nauwer spricht der ehe an
2088 586 2688 716 Hans Müller den wärchmeister, habe
2085 633 2680 760 ja die uffrächt verheißt, und daruff
2077 699 2687 825 s geschwängeret. Dargägen er ira die
2086 754 2725 885 ehe zu sag laugnet, jedoch des byschlaffs
2093 807 2693 910 nit ob ist. Cognitum diewyl er fra¬
2074 868 2691 983 dheiner nheuer heißung bekantlich,
2076 915 2701 1043 vnd sy inne mit kundtschafft nit
2089 992 2658 1085 vnderrichte mögen, das sy beide vo
2085 1048 2667 1126 ein anders aller ehrlichen banden
2632 1100 2676 1163 .
2078 1085 2642 1197 ledig, vnd Inne beider sydts sich
2082 1161 2654 1245 ander fort zuuorehelichen erlaupt
2074 1201 2647 1310 sin solle, wan sy des kindts geist
2076 1252 2678 1353 Ime das wie brüchlich bin eid zu¬
2070 1314 2640 1418 eignet, soll er das für das sie In
2068 1374 2679 1478 Gottsforcht vffer zechen, Ire für diß
2072 1421 2714 1527 Kindtpetten etc. zufrichte, iren auch ira
2071 1491 2638 1587 allen zimmlichen billichen coste
2070 1550 2683 1640 abtragen, und wyl er sy under siner
2073 1601 2669 1693 Muß vnd proch schutzen schie in da sy
2066 1653 2655 1743 by Ime diener beschlaffe, sol er
2071 1712 2693 1800 ira für de Krantz er kron ufrichten
2069 1770 2680 1849 vnd das in Monats fryst, er mögen
2071 1819 2677 1907 dan by bringen dorzwüsche, das sy ein
2073 1880 2665 1964 anderer vor Ime gefalt habe daß er
2071 1926 2649 2020 des gene se sol als Recht ist.
2103 2059 2679 2176 dem Chorgricht das sy die beide
2049 2137 2648 2227 fünff tag und so vil nächt
2076 2190 2656 2290 mit gefangen schafft straffendt
