4032 3024
1290 486 1904 628 Ehe, sonders zur letze geben. Gei
1316 561 1892 677 die durch die Clegerin anden
1319 608 1905 729 antwortter gesuchte ehransprac
1338 655 1901 765 olle uffgehapt, und jedem erlangt
1336 708 1907 818 sin, sich anderfart zeuerehelichen
1318 768 1910 870 Demnach soll jedes sinen erlitten
1328 812 1822 921 kosten, an ime selbst haben.
1568 910 1688 1002 Born
1303 971 1915 1081 Hans Frantzen des aprotegkher
1305 1045 1910 1137 jungfrouw, soll gefengklich ynzogen
1335 1105 1918 1207 und von iren erforschet werden
1337 1159 1888 1245 weß das khind, damitt sy
1334 1211 1685 1309 schwanger gadt,
1532 1320 1678 1405 Bern.
1332 1385 1894 1476 Alls dan gläsen oder sod gegenn
1342 1440 1911 1516 Cladi Sutter und Jacob Nadler
1339 1501 1926 1569 den bättelvogt geklagt, wie das
1340 1536 1900 1620 sy Elsbett Rühli, alls die selb im
1333 1588 1901 1680 Spittal das allmusen empfachen
1338 1636 1918 1726 wellen verwissen, sy sye sie
1346 1685 1912 1779 der sols hur, und er sölle ira
1334 1745 1920 1829 das allmusen geben, welches
1340 1791 1926 1877 aber sy Suttern und nadler nitt
1348 1839 1909 1926 glouben wellen, das sy sölliches
1338 1889 1906 1984 one fürwortt geredt, und zeigten
1340 1942 1922 2035 hiemitt an, wie sichs begäbenn,
1333 1984 1934 2087 das gesagt Rößling, das allmusen
1347 2036 1904 2137 empfachen wollen, da habe er
1339 2090 1921 2177 Sutter zu ira geredt, wegen den
1340 2138 1933 2243 verstand die Röhlina, oder sons hur
1339 2179 1908 2291 bist, so gang zu ime und heyss
1339 2240 1931 2362 diegen, und bist des allmusers
1339 2283 1935 2406 nitt werdt, Nachdem aber oder
1356 2333 1907 2448 sod an söllich in versprechen nitt
1354 2377 1919 2485 khommen wollen, und begärt mann
1353 2433 1943 2542 imme ein khundtschafft, so er deshalben
1339 2471 1925 2602 byhanden, verhoren wolte, ist
1976 418 2611 628 deter eines auchtet werde
1999 507 2650 670 derselben nitt versten können, das
2001 574 2660 719 ergutter, und nadler, die wortt
2006 615 2641 758 wie sy oder sod geklagt, geredt
2009 675 2657 809 habind, und deshalber nütt er¬
1999 725 2652 884 zeigt, sind sy zu beiden theillen
2015 787 2621 913 vermant worden, die sach in
2007 834 2665 979 einspruch khommen gelaßen, unnd
1996 912 2621 1036 nach dem sy zu beiden theillen
2007 963 2677 1106 vertruwet, ist in der fründtligkeit
2010 1018 2681 1157 gesprochen worden, die wortt sol
2006 1091 2674 1206 lind uffgehept, hin thod und ab sin
2025 1144 2680 1256 und dheinem an eheren nütt schaden
2021 1211 2667 1321 und sonderlich dem Thorwartt glad
2021 1267 2678 1374 butter unverwytlich sin. Sy habend
2019 1321 2668 1416 den spruch angenommen und gelopt
2024 1382 2646 1478 hinfür gutte fründ zu belyben, und der
2022 1443 2695 1535 sachen einanderen zu argenn, miemer
2020 1496 2299 1574 mer zugedenken
2196 1595 2343 1669 Bern.
1998 1668 2712 1761 Zwüschen Caspar nöttinger, vnd Elsbeth
2039 1737 2662 1814 göttinger siner dochter an einem, so
2021 1781 2713 1862 dene Heinrich Gatt Jeger Hangthorman
2024 1834 2712 1915 Agnes Thorman vnd gesagte Heinrich
2033 1873 2660 1955 Jegers hußfrouw am anderen, von
2050 1930 2699 2004 wegen ettwas wortten, so durch
2047 1976 2714 2060 sy, zu unglimpf gedachter Elsbett
2036 2027 2715 2113 nottingers beygehen worden sin, da
2044 2074 2716 2154 er der Vatter nottinger gmeintt
2062 2128 2719 2220 sy soltind seiner dochter Reparation
2025 2183 2741 2276 dier scheren thun. Cognitu, sy sollind
2032 2233 2695 2318 eutt einanderen heimziechen, vnd
2067 2279 2706 2373 einanderen mitt friden, und ruwen
2054 2330 2713 2416 lassen, und solle jedes by den cheren
2071 2375 2648 2475 soes hieuor gehapt, belyben,
2250 2465 2686 2558 Ried by Mühlenberg.
2061 2501 2731 2599 Hans etes unem red by Müllenberg
2074 2578 2715 2637 so verklagt, das er vill ynzugs by
2079 2607 2706 2670 Jennig der wirts zu Wangen bosen
2082 2643 2749 2707 habe, ist uff hütt nach den er furst
2090 2683 2752 2758 tag in gelegen, usgelaßen, und vergant worden
2087 2723 2744 2784 fürhin ein züchtigs läben ze schuren, sonst
2083 2766 2770 2844 werde man hebte, so die es zu fhal behaupt
2086 2813 2268 2876 straffen.
