4032 3024
1248 275 1366 380 1110.
1541 364 1827 477 Dunrichwald
1333 418 1968 604 Margrett glut. Ist ein citation
1366 492 1948 648 wider Michel Mumenthallen
1361 570 1943 703 iren hingelofnen eheman zu
1321 628 1950 793 dryen wuchen, vergünstigett
1346 719 1587 809 wordenn,
1453 837 1745 963 Grindel walld
1644 939 1807 1012 gewesner
1341 935 1928 1072 Abraham Wolff hart predicant in
1352 1002 1925 1127 Frindelwald, klagt den ehebruch
1349 1065 1922 1185 26 Maria Hermatterinn siner
1344 1120 1940 1246 hußfrouwenn, mitt anzeige, wie
1334 1170 1922 1307 sey ime in finem allend nitt nur dhein
1317 1251 1942 1357 hilff und bystand gethan, sonders es sye aus
1334 1303 1896 1431 einer genampt Martin Schuller
1328 1355 1908 1490 In ir schlaff kamer funden wordend
1314 1407 1886 1544 zu dem sye ouch mitt einem wolliger
1318 1475 1901 1590 Wüstiner genampt an einem hochzytt
1502 1537 1572 1582 iebe
1313 1523 1905 1639 In des wirttskramer gezogen, und habend
1311 1584 1921 1708 dem nach die khamer thut nach inn zuge¬
1315 1639 1903 1745 vnd wie sy dem nach widerumb daruff
1300 1683 1896 1793 kommen, syend sy zu einem krämer gelüffen
1318 1754 1882 1851 so allen nechst darby weill gehapt, vnd
1306 1799 1920 1894 habind einanderen gürttel, und hessentendet
1303 1839 1890 1939 gebrauet, und solches wyß in truw an
1294 1897 1895 2016 ime mit halten und ehebrüchig worden mitt
1308 1947 1883 2061 pitt man ime aller schelich banden, von
1302 2008 1894 2127 ira ufflösen weltte, entgegen sy imme
1297 2069 1902 2164 keinen ehebruchs bekandtlich sin willen
1300 2120 1892 2217 Coquitum, wyl der Cleger mitt gung
1298 2165 1886 2280 samer bhundtschafft, den Ehebruch uff
1285 2215 1857 2335 die verantwortter bewisen, also
1291 2264 1875 2396 das sy desselben mitt keinem schyn der
1287 2323 1875 2459 vorheytt absin können, So sole nun
1298 2368 1870 2514 er Wolffharten, aller ehelichen lander
1997 726 2040 786 .
2596 317 2694 391 141
2045 344 2695 511 und pflicht uffgelösst und inen sich wider
2036 425 2717 552 umb zeuerehelichen verpotten sein, imme einhalben
2052 479 2706 594 da aber anderthalb jar lang ime allein
2025 524 2693 659 darumb ob er widerumb mitt Ire mahr
2030 583 2655 706 versent werden, ira aber zu straff ires
2037 633 2667 769 folling, vnd wan sy nach gloffnen zill
2033 691 2689 823 sich widerumb zeuerehrlichen vorhabenn
2033 769 2641 880 wärend, soll jedes dessen zu vor am
2023 810 2677 948 Chorgricht alhie ordenlich erlaubung
2043 872 2674 1001 ubring, sy soll ihme allen zimlichen
2038 931 2670 1065 billich posten disserhandels halb ufferlich
2028 1037 2184 1126 abtragen
2073 1132 2689 1251 Mitwuchen den 6. martii 1794
2015 1209 2655 1325 Prasis herr Tharm. Con. H. Galld
2002 1289 2595 1388 Minist herr dik, herr Haller
2027 1355 2698 1447 Cinin Rüsch dachselhofer Rantz hoff.
2030 1416 2157 1506 stetter
2141 1486 2410 1606 zweysimmen.
2000 1575 2679 1681 Hauw erb, der schuldigen person. Ist be¬
2036 1655 2699 1756 williget, das er sich anderfart verehelichen
2015 1703 2678 1810 möge, doch mitt keiner, mitt dero er sich hie¬
2021 1760 2693 1868 vor möchten hur, versündiget habenn
2012 1817 2668 1917 und das er sich deß kilchspäls, so
2023 1874 2704 1980 er mitt siner hüri geergeret hin
2029 1923 2388 2017 häblichen entsetzet
2182 2010 2373 2094 Vtzistorff.
1987 2049 2695 2156 Elsi wyniger von Batter khinnden,
2030 2122 2654 2230 so Post Galmer von Utzistorff der
2004 2187 2655 2273 ehe halb angsprochen, sind wyl sy
2024 2231 2697 2325 mitt kundtschafft zum der ehe versproch.
2006 2288 2694 2390 ung überwisen) zusamen bekhent unnd
2006 2346 2670 2462 inen uff erlegt, das sy innerthalb den
2018 2402 2657 2521 nechst khommenden 14 tagen, oder glych
2015 2465 2695 2584 nach dem heilligen zytt, den kilchgang
2013 2525 2537 2622 mitt einanderen volnzüchind.
2713 693 2757 773 her
2702 1036 2760 1136 a
2723 583 2758 628 r
