4032 3024
1310 325 1400 438 290
1450 370 1999 546 und der heil grandigen
1451 452 1982 599 für die Khindtbett abrichten
1438 519 1997 671 und soller ira allen zimlichen
1420 560 1998 713 billichen costen, disers gehan¬
1446 633 1992 788 dels halb er gerichten, als en
1447 758 1986 919 Es soll als umb der anderen
1417 835 1990 975 Fäller etc. tag, er aber 5 tag
1427 898 2003 1032 in gfangen schafft abbüssen thei
1410 948 1998 1096 alhie abbicht, glych wie sy auch
1496 1027 1958 1180 wenge Schnottwil
1393 1103 1995 1241 Madlena Jacob Spricht der ehr au
1266 1145 1999 1290 sulam doch mitt anzeige, wie er ira vilmalen
1423 1220 1976 1325 des byschlaffs angemuttet, den
1427 1260 1979 1367 s ime aber nitt verwilligen
1419 1324 1959 1410 wollen, er verhiete ira dan
1395 1360 1978 1466 die, welche verheißung, er
1397 1425 1973 1514 ira gethan, und sy hieruff bei
1417 1468 1976 1571 schlaffen, syn ir begär an inne
1417 1528 1975 1625 das er sy ze kilchen und straffen
1401 1573 1960 1676 fhuren, so werde das khind
1421 1636 1984 1735 dessen sy schwanger gange ehelich
1408 1684 1972 1781 gotgegen er ira keiner ehe zu
1394 1736 1974 1839 sagung bekhandtlich sin wellen.
1394 1795 1977 1887 deß byschlaffs aber nitt laugneten,
1402 1847 1971 1938 de und vermeint diewyl
1408 1900 1986 1985 er ira nützit verheissen, so soll
1412 1951 1986 2033 er von ira ledig erkent werden.
1434 1998 1943 2097 ognitum, die wyl der sent.
1445 2075 1479 2120 .
1475 2067 1965 2147 ietter, der Cleger dheiner
1378 2113 1971 2209 ehezusagung bekhandtlich sein
1382 2168 1956 2256 wellen, und sy inne dero mitt
1367 2223 1963 2304 keiner khundtschafft underichten
1382 2272 1956 2358 mögen, so solle deshalb, dise
1363 2317 1967 2419 Ehransprach uffgehept, und jeder
1364 2382 1973 2484 erloupt sin sich anderfart zeuer¬
1352 2445 1947 2543 ehrlichen, denne soll er ira das
2637 377 2719 454 29.
2112 428 2744 533 khind, wan sy des genicht, und imme
2113 481 2769 576 wie brüchlich übergibt, ira aben
2130 526 2752 626 und für das sin erzüchen, und denn
2113 570 2700 677 malen ira by Cronen für die
2117 612 2755 713 khindtbetten abricht vnd hiemit
2114 661 2742 762 allen zimlichen billichen costen
2116 693 2751 818 ira abtragen, und 17 lb für
2105 760 2742 880 den frantz bezallen, in einer
2112 809 2728 927 monats frist, er möge dan er
2098 863 2726 996 zeigen. Inn erthalb der selben
2100 902 2763 1024 zytt, das sy ein anderer verheltten
2105 974 2740 1078 all dan soll er ira itzit zu geben
2106 1018 2712 1139 schuldig sin. Er soll fünfft
2092 1091 2554 1209 tag yngelegt werden.
2231 1182 2408 1273 Bern.
2105 1251 2709 1329 Alls dan Niclaus Schnell alls
2108 1325 2736 1403 bystand Elsbett willi siner gschwyt
2097 1368 2736 1455 vermeinett, die wyl welchem
2101 1425 2727 1518 fregen son in monats frist
2104 1474 2717 1565 vermögen der urtheil, so hievor
2106 1535 2736 1634 24. Aprilis dis jars zwüschen
2112 1587 2726 1692 innen beiden ergangen, nitt
2101 1657 2714 1739 statt than, namlich, das er
2113 1714 2736 1807 Jermonatsfrist erzeigen sollen,
2102 1770 2707 1864 das ein anderer sy vor ime
2108 1835 2677 1934 verfeltt, wo er sölliches by
2107 1900 2718 1991 bringen wurde, alls dan er
2088 1951 2745 2057 ira die XV. Fronen zu bezallen
2105 2017 2690 2107 emprosten sin soltte, so ira
2076 2073 2735 2179 für den Blumen gesprochen
2116 2130 2742 2223 worden, nitt statt than haben
2123 2195 2739 2296 sondern die zyttlassen für vber¬
2093 2262 2740 2340 gan, So soltte er min meer
2087 2311 2749 2403 nitt befugt sin, dieselbe khundt.
2092 2368 2717 2460 schafft, die zwen gerberknecht
2096 2424 2735 2523 so sy vermerken lassen, das
