4032 3024
1318 1456 1415 1545 wocken
1346 338 1438 432 338.
1454 373 2025 530 Montag den 19. augusti 1794.
1407 423 2018 562 Proches Herr Galdi Cons. hert wolle
1449 495 2011 593 miecht H. Haller civium Rie
1453 536 1962 647 zechender, wiechselman.
1966 578 2023 644 17.
1630 646 1910 763 Bürrenrodt.
1429 706 2034 844 Bendicht Graber, welcher sic
1440 774 2008 879 22. januarii 1780. vonn
1414 819 2019 930 Dorothea Sterkhi von wegenn
1432 876 2026 972 Ehebruchs, so sy mitt dem zieglen
1447 925 2024 1035 von Burgdorff begangen gehen
1407 983 2029 1085 Ist erloupt, das er sich uff ein
1431 1037 1960 1135 eüws verschelichen möge,
1562 1145 1847 1252 krattingen.
1408 1215 2011 1333 Christen Gaufer, welcher hierun
1443 1299 2008 1385 Den 7. februarii 1792. von
1432 1356 2016 1441 Anna Glöüwers von Wegenn
1456 1413 2019 1503 unvermögligkeytt zu ehelichen
1433 1466 2021 1571 Ist gescheiden, vnd sich andersar
1426 1536 2020 1637 Zeuerehelichen verpotten worden
1417 1589 2006 1690 erstelle dan die jhenige personnen
1404 1658 2018 1745 so er zu ehelichen wollens und
1414 1719 2019 1809 werde Ime erlaupte hatt er hier
1398 1778 2014 1868 Elybett Vogeli von Krattigen
1403 1829 2019 1927 gesteltt, derselben man die ursachen
1413 1882 2004 1984 von dero wegen er von siner ersten
1413 1941 2012 2025 hußfrouwen gescheiden worden der legen
1408 1998 2003 2083 nach erzelt, hieby ouch erkläret
1417 2051 2010 2148 wan sy schon hernach die unvernen
1391 2094 2020 2188 likeyt klagen und vermeinen wie
1404 2157 2021 2248 die schidigung zu erlangen, wurdes
1416 2217 2005 2309 nitt gescheiden werden, vnd nach
1403 2273 2011 2352 den sy sich erlüttert, wie sy sich
1434 2320 2018 2418 mitten ze lych begere, und für se
1416 2382 2020 2471 Ihrman ze haben, hatt man inen
1434 2439 2001 2538 rloupt, das sy schelütt sin und
1387 2506 2005 2596 den kilchgang, mitt einanderen
1405 2567 1712 2661 verbringen mögind,
2663 387 2769 482 339.
2301 437 2406 544 yns
2131 489 2788 614 Wann margrett loffel ein glücht
2145 565 2745 665 an eydts statt thun möge, das
2145 620 2764 711 sy keinen anderen vatter zu dem
2147 676 2777 762 khind, dessen sy kurtzlich genessen,
2165 723 2789 822 wüsse, dan wyns gryfen, sollind
2161 780 2787 877 sy ime daselb zueignen, ungeacht
2145 834 2785 936 aller verwidrigung, denne auch
2144 889 2781 992 sy beider mitt 15. tagiger gfangen
2141 949 2778 1044 schafft straffen, und soll er damahn
2147 998 2792 1112 ira dry kronen, für die kindtber
2149 1079 2290 1169 abrichten
2301 1157 2456 1249 Bern.
2134 1224 2784 1315 Alle dan Simon schaffhuser verklagt,
2162 1292 2769 1346 wie das er Jacob Wyß und Barbel
2145 1335 2770 1416 Oswald, in einem bunden hüßli zu
2144 1385 2746 1460 züche, vnd bottschafften hin vnd
2150 1432 2756 1512 wider vffrichte, hatt er, vnd sin
2149 1480 2767 1564 husfrouw die sach also versprochen
2161 1535 2746 1611 samlich, wie wyß selbs in sin
2136 1579 2780 1659 bünch khommen, und wie ungefend
2140 1627 2728 1700 die Jeger fürübergangen, und er
2163 1672 2764 1750 wys gemuttmanet, es wärind
2154 1716 2757 1788 die weybel, das sy inne suchtind
2156 1754 2773 1851 und sich zeuerbergen, understande
2145 1813 2744 1881 habe er inne heißen vi der bünden
2153 1857 2753 1929 gen, mitt anzeigung, wie Ime
2163 1900 2772 1982 lichtlich etwas beschweys hiern
2154 1949 2771 2020 entsten möchte, neben dem so habe
2160 1994 2764 2074 wyß ime zwen brieff geschriben
2148 2038 2743 2116 darin er an inne begärt, das
2153 2083 2760 2162 er welle verschaffen, das er mitt
2151 2135 2749 2208 seiner basen, ettwas scheltwort
2144 2175 2766 2257 halb, die sy wider inne solle ufgehen
2149 2219 2723 2296 haben reden möchte, das aber er
2141 2264 2739 2342 schaffhuser ein thun wellen, ist
2140 2331 2770 2399 man hierüber an sin versprechens
2147 2371 2766 2443 doch imme hieby anzeigt worden vo
2146 2405 2709 2495 es sich anderst erfinde, dan er
2138 2451 2747 2542 fürgeben, wolle man es nitt ver
2132 2496 2733 2602 schlagen noch geschlicht heyßen
