4032 3024
1311 400 1373 486 35.
1364 428 2007 598 vorti bezallen wellen, grob geltt ushin
1371 486 2009 658 zogen, und das selbig von der muntz
1364 546 2030 699 sünderen wellen, habe sy ime ein Bern¬
1362 606 2026 772 dibpfennig genommen, doch ime verheiten
1359 654 2019 808 denselben wider gegeben, das aber nitt
1376 712 1998 845 beschechen, vnd sye der ehe nützitt
1356 774 2008 919 gedacht worden, von dem Franken
1368 834 1968 957 aber wiche er nitt, wie er ira
1385 885 1971 1000 worden, das by schlaffs aber er
1365 955 1987 1075 nitt gelaugnet, zeigt aber ann
1354 1014 2023 1139 sy habe inne vilfaltig dazu gereitt
1367 1073 2011 1183 vnd begärt hiemitt der ansprach
1364 1129 2012 1249 ledig erkent ze werden, dan solches
1359 1183 2007 1312 sinem kranken vatter widrig ge¬
1380 1251 1969 1350 von wegen sy schon hievor ein
1364 1314 1997 1417 unehelich khind erzüget, Cognitum.
1347 1363 1990 1491 Diewyl der versprecher der Clegerin
1346 1418 1973 1533 dheiner ehezusagung bekhandtlich
1363 1484 1995 1582 sin wellen, und sy inne dero mitt
1359 1536 1981 1642 keiner khundtschafft underrichten
1372 1582 1969 1683 mögen, So solle deshalb dise der
1363 1636 1972 1750 kleger ehr ansprach uffgehebt,
1388 1695 1980 1811 und jedem erloupt sin, das es
1376 1755 1937 1851 sich anderfart verehelichen
1373 1808 1968 1903 möge, dannochin solle er ira
1364 1861 1967 1976 allen zimlichen billichen costen
1374 1921 1986 2028 o mitt disem spennig Ehehandel
1370 1977 1723 2090 uffgangen abthragen.
1332 2062 1979 2188 An Schuldtheis zu Burgdorff, solle
1344 2140 1994 2249 sy beide mitt gfangen schafft straffen.
1336 2182 1951 2292 und von ime derman 1 lb bus
1342 2243 1965 2342 bezüchen, von wegen er an die
1333 2293 1869 2424 bilwy gan littig glüffen
2620 456 2713 531 355
2116 475 2597 594 zedel an predicant zu Mur¬
2624 512 2710 571 sölle
2592 558 2757 639 von Gryert
2052 560 2587 654 Burhart erkhart, und Ursulen
2120 615 2478 709 ir ehe ynsegnen.
2207 707 2477 796 Coppingen.
2087 784 2728 879 Cathrina Schwartz spricht der ehe
2092 848 2731 926 ann Geörg Brügger mittanzeig
2108 898 2743 969 wie er einmals ein flischen mitt wyn
2114 938 2711 1012 gehapt, welche er siner mutter bringen
2119 984 2737 1077 sollen, fhür ires meisters hus gangen
2099 1030 2748 1137 ira dauon ze thringken geben, unnd
2108 1102 2742 1197 daby die Ehe verheissen, hernach auch
2102 1155 2750 1252 mitt anderen gsellen dahin In Irs
2124 1208 2719 1301 meisters hus khomen, daselbst er
2119 1265 2733 1360 getrungkhen bis in die nacht, das er
2111 1319 2723 1405 woll worden, in der jungfrouwen
2120 1366 2697 1457 Cammeren gangen, vnd dieselbe
2120 1422 2738 1520 nacht sy alles ir ehr gemachel beschlaffen
2107 1467 2731 1573 hernach ouch villmals zum pfenster
2118 1526 2706 1624 yngstigen, und sya beschlaffenn
2119 1597 2704 1685 syn derhalben ir begär an inne, das
2127 1651 2711 1737 ee sya ze kilchen fhure. Dargegen er
2120 1716 2702 1803 ira dheiner ehezusagung bekhand.
2124 1769 2666 1862 tlich sin wellen, deß byschlaffs
2112 1825 2702 1914 aber nitt lougnend und begärt
2111 1884 2680 1974 hiemitt Irer ansprach ledig er¬
2107 1928 2643 2021 kent ze werden, Cognitum,
2101 1996 2652 2082 diewyl der Versprecher der
2098 2046 2690 2141 Cleger dheiner Ehezusagung be¬
2098 2109 2706 2202 khandtlich sin wellen, und sy ine
2112 2169 2663 2255 dero mitt keiner khundtschafft
2099 2229 2672 2327 underricht mögen, so solle deshalb
2096 2290 2683 2381 Dise der Clegerin ehe ansprach uff
2094 2348 2683 2437 gehept, und jedem erlaupt sin
2083 2399 2695 2492 das es sich ander fert vehelich mage
2092 2453 2688 2548 Denne soll er ira allen zimlichen
2086 2516 2710 2611 billich gossen, mitt diser schidigung
2094 2554 2702 2661 uffgang abtrag und 1 lb für
2083 2615 2711 2704 den frantz in monats frist abrichen es
2101 2663 2702 2742 sye dann sach, das er mögte erzeigen, das
2104 2709 2702 2779 ein anderer, sy vor ine verfelt haben,
