4032 3024
1295 371 1403 448 280.
1436 388 2001 550 vnd sy inne nitt mitt gnugsamen
1440 451 1981 581 khundtschafft dero vnderrichten
1437 519 1987 641 mögen, so sölle deshalb dise ehe
1429 554 2001 674 ansprach uffgehebt und jedem
1420 620 2014 749 erloupt sin, sich anderfart zuuer¬
1425 667 1993 793 ehelichen, denne solle er zwa
1406 714 1995 856 das khind abwaren, wann sy des
1415 784 1993 897 genesen sin wirtt, vnd fur das
1414 825 1992 958 sin erzüchen, und dentzmal dey
1416 895 1989 1013 cronen, für die khindtbette ab
1406 939 1968 1057 richten, und soll er ira zeigen
1408 994 1982 1123 kronen, für den posten abricht
1492 1085 1956 1204 Mittwuchen den 29. Juni
1494 1170 1977 1255 1694. Praeses herr Gald. c.
1461 1227 1973 1308 herr Wolthartt, minist. Herr
1425 1278 1977 1382 haller, Civium Rüsch-zechender
1438 1326 1675 1407 wiechselman
1602 1403 1732 1502 Thun
1363 1457 1950 1564 Margrett Berchtold, so in Recht
1382 1530 1977 1619 mitt citieren, wider Maritz halber
1399 1579 1985 1677 ter verfürt, Ist von ime der Ehehalb
1401 1634 1983 1734 abgescheiden, vnd ira erloupt sich
1392 1697 1969 1790 anderfart zeverehelichen, sy
1385 1755 1975 1855 mag sich ires erlitten erstling
1362 1808 1836 1921 uff einem gutt erhollen,
1363 1920 1957 2013 an Schuldtheis zu thun, solle uff
1385 1989 1935 2072 abgemeltten Maritz halpartter
1362 2034 1935 2117 flyßig achten, und wan er sich
1398 2089 1966 2181 nitt in das land lassen wurde,
1348 2141 1977 2240 Sölle er jung mitt dem Eyd dari
1354 2198 1506 2290 wysenn
1540 2257 1695 2352 Bern
1362 2301 1957 2426 wilchem Kriegen son, hatt nun
1359 2385 1921 2477 alls umb den anderen faller
1364 2427 1680 2524 tag abgebührt.
2613 375 2716 473 281.
2169 423 2416 548 Dichbach,
2086 520 2731 642 Christoffel Wyss von Aschlen, spricht
2096 588 2747 675 der ehr an Barbli Knüberge mitt an
2099 627 2754 732 zeig, wie sy ime die ehe uffrecht und
2095 686 2711 770 redlich verheissen, und des zu einem
2100 736 2749 821 worttzeichen, habe er ira ein gürtl
2108 795 2698 883 geben, den sye ime abgenommen, sye
2098 842 2724 938 derhalben syn begär an sye, das sy
2097 897 2740 981 Ime ir zusagen haltte, vnd den or¬
2096 945 2740 1036 denlichen kilchgang mitt im voln¬
2076 1006 2704 1105 bringe, entgegen sy ime keiner
2087 1063 2734 1161 ehezusagung bekhandtlich sin wellen,
2103 1125 2729 1206 so vill den gürttel anbelangt, habe
2099 1172 2713 1260 sy denselben nitt in meinung emp¬
2095 1224 2730 1312 angen, das es uff die ehe sye, wie
2088 1281 2712 1378 er ira dan selbs fürgeben, sy sölle
2073 1344 2736 1427 inne nur nemmen, es werde ira mitt
2070 1396 2685 1485 schaden, zu dem zeigt ouch an ir
2073 1446 2701 1533 Vatter, wie er Ime sie dochter ab¬
2101 1497 2737 1592 schlagen, darüber er ira hatte sollen
2089 1559 2737 1643 müsigen, zu dem so habe er vonn
2089 1613 2724 1704 einem ersamen thorgricht selbs
2092 1673 2706 1752 bekent, wie er nitt ausmer
2075 1708 2734 1803 dochter zusprechen habe, so bald aber
2094 1768 2713 1863 er für des chorgrichts stuben, oder
2086 1822 2688 1912 versamlung ushin khon, sye er
2094 1873 2722 1961 widerumb hin zu tretten, vnd ze¬
2071 1932 2722 2010 uersprechen geben, wie die daher
2078 1980 2690 2074 Ime verheisten habe, das aber er
2082 2030 2695 2125 nitt glaube, werde sich ouch nitt
2083 2090 2684 2182 erfinden, und deßhalb begärt, sy
2077 2140 2640 2229 von ime ledig erkhent wurde
2076 2195 2699 2292 Cognitum, die wyl die verantworten
2074 2257 2697 2345 dem kleger dheiner Ehezusagung
2068 2308 2670 2403 bekhandtlich sin wellen, und
2091 2364 2692 2459 e sy mitt dheiner khundtschafft
2065 2414 2728 2537 dero underrichten mögen, so solle
2732 2232 2783 2302 16
