4032 3024
1221 367 1316 451 188.
1343 407 1919 567 es solle sich fürhin begeren, sin
1335 498 1941 639 handwerk schryben, der truncken,
1340 553 1937 692 heytt absten, und sin hussfrouwen
1340 613 1926 754 dessen, das man inne alhar bschikt
1344 668 1925 801 nützit entgeltten laßen, und
1350 727 1909 857 sich dermassen haltten, vnnd
1345 800 1937 921 tragen, das man gspüren möge.
1337 859 1947 1002 das ir warnung an zueerschaffen
1330 931 1914 1036 wo er aber fhürscharen wurden.
1335 999 1931 1101 men verursachet werden, Inne
1343 1054 1932 1182 mitt gfangenschafft gestraffenn,
1497 1179 1643 1288 Cengg,
1332 1251 1932 1381 Cathrina fraus ist verwilliget
1335 1333 1927 1457 das sich anderfart verehtlichen
1328 1409 1906 1492 möge, welche hievor den 10.
1339 1449 1916 1554 Octobris des abgelüffnen 1593
1321 1515 1938 1614 Jars von Oswald von Müllind
1337 1571 1909 1682 von sinen begangnen ehebruchs
1356 1641 1869 1755 wegen gescheiden wordenn.
1388 1717 1724 1848 zweysimmen.
1316 1809 1930 1940 Hans Fruttinger spricht der ehe au
1336 1891 1914 1997 Jacobe Hantschi, mitt anzeig, wie
1334 1951 1911 2058 er ira der eheren nachgeworben,
1315 2006 1924 2117 da sy dan ime gutten bscheid geben
1327 2065 1902 2167 das wan es iren grosvätteren
1334 2120 1899 2234 gefalle gefielle erzia woll,
1314 2192 1893 2302 uff solliches er mitt dem einen
1335 2270 1919 2373 grosvatter geredt, der ime gutten
1332 2307 1916 2429 bscheid geben, wan ira von zu gnaden
1351 2375 1936 2505 mochte erloupt werden, sich andere
2552 337 2654 426 189.
2018 409 2652 551 fart zeuerehelichen, daruff er
2047 486 2624 600 iich zu irem zinschuss verfügt,
2044 548 2639 663 vnd daselbst mitt ira vff die ehe¬
2050 586 2686 706 gesten vnd trungkhen, ettlich hoffe¬
2031 656 2657 767 sender, und dry selber kronenn
2041 705 2678 819 uff die ehe geben, dem nach habe
2045 779 2599 880 es sya alls sin vermeintte
2041 814 2642 954 zusfrouw beschlaffen, und by
2033 885 2691 1004 ira uß und yn gangen verwent
2035 950 2643 1062 also sy solle ihme sin zusagen
2027 1016 2668 1117 haltten, und den kilchgang, mitt
2034 1079 2677 1173 ime volnbringen, hieby erschein
2038 1138 2678 1227 ouch Ruff matti, welcher anzeigt
2040 1195 2650 1291 wie vermeltte Jacobe Ime die
2034 1258 2686 1356 sche uffrecht, und redlich verheysin
2034 1326 2693 1428 und vermeint, sy ime zugsprochen
2039 1382 2657 1493 werden solle. Entgegen die
2031 1454 2665 1545 verantworter, Ime Fruttinger
2017 1517 2684 1616 dheiner ehe ansprach bekhandtlich
2042 1573 2673 1688 sin wollen, noch das sy ime de
2016 1642 2682 1737 byschlaffe zu bewilliget, ver¬
2020 1730 2679 1804 meltten Matti aber habe sy die
2023 1770 2665 1878 Ehe versprochen, den welle sy
2020 1832 2706 1936 die haltten. Cognitum, diewyl
2038 1896 2689 1998 gedachte Jacobe Ime Fruttinger
2027 1961 2699 2062 dheiner ehezusagung bekhandtlich
2044 2022 2685 2130 sin wellen, und er sy mitt gnug.
2027 2081 2692 2193 samer khundtschafft nitt underrichten
2047 2148 2689 2258 mögen, so solle deshalb dise ehe¬
2036 2201 2689 2315 ansprach uffgehept, vnd ime fruten
2028 2274 2678 2375 ger erloupt sin sich anderfart
2038 2332 2656 2433 Zeuerehelichen, hiemitt die
2022 2394 2665 2502 Eheversprechung, so sy imme matti
