4032 3024
1575 358 2219 487 sy widerumb alls ehelütt zusamen
1594 430 2226 542 bekhent, hieruff ouch heimgeschikten
1587 482 2219 598 worden, mitt ein anderen huss
1605 550 2218 647 zehaltten, Es wäre dan sach
1593 609 2230 710 das sy seyllerin malefisches
1612 670 2238 761 uff inne bringen möchte, Alls das
1602 726 2224 834 und in söllichem fhal wollend
1602 790 2238 890 min gnädig herren, ira ihr Reg
1610 859 2245 964 vorbehaltten haben. Sy haben
1591 927 2223 1035 glopt mitt einanderen huße¬
1589 989 1827 1081 haltten.
1751 1139 2024 1264 Kilchberg.
1574 1229 2223 1351 Barbli Rorer von Utzistorff, klagt
1595 1308 2225 1406 den Ehebruch ab Hans Müller
1591 1364 2201 1455 irem eheman, mitt bemeldung
1607 1423 2205 1522 wie ime von Barbli Mieschli
1606 1480 2233 1580 ein unehrlichen kind, sye zu geeigen.
1595 1538 2211 1628 net worden, neben dem selben
1616 1599 2237 1687 thüye, er ira ouch nitt vil gutts
1589 1667 2236 1754 Entgegen gesagter Müller des ge¬
1604 1724 2240 1821 klagten Ehebruchs nitt absen können
1622 1784 2220 1873 sonders bekandtlich gsin, mitt
1608 1844 2235 1938 pitt das sy ime den begangnen
1592 1902 2199 1997 fäller verzüchen weltte, so
1623 1963 2239 2076 welle er sich besseren, Cognitum.
1598 2020 2247 2137 Diewyl der klagte Ehebruch, durch
1601 2094 2245 2183 das erzüget unehrlich kind offenbar,
1611 2140 2243 2238 und sy den ime nitt bezichen wollen
1628 2197 2241 2301 so söllind sy nun aller ehelichenn
1613 2255 2226 2373 bauden von ein anderen uffgelosten
1629 2303 2250 2421 in, und inen sich widerumb zeuer
1632 2371 2252 2485 helichen vergotten sin, Ime ander¬
1609 2423 2224 2566 thalbs, ira aber ein halbs jar
2357 390 3042 514 lang und wan sy sich nachbeschinung
2363 477 3012 564 dess ufferlegten warttzytts zu
2355 527 3038 619 zuerehelichen vorhabens wärende
2373 573 2997 673 so söllind des bevor am chor
2362 620 3026 733 gnicht alhie erlouptnus und
2356 669 3042 779 der ein schyn von gmeiner kilche
2364 734 3030 847 da er hiezwischen worenn
2351 781 3049 897 wirt, siner besserung mittbringen.
2330 830 3035 969 Er soll ira allen zimlich billichen
2357 896 3046 1024 kosten dis handels halb uffgelüffen,
2359 1003 2657 1103 abthragenn.
2513 1071 2776 1196 Burgdorff.
2361 1122 3052 1264 Solle obgemeltten Hans Müller
2369 1207 3054 1321 und gesagte Barbli Mieschli inne
2368 1260 3049 1370 mitt v. da aber mitt fünff
2346 1329 3055 1446 tägiger pfangenschafft straffen
2526 1410 2808 1544 Stänigburg
2347 1508 3076 1638 Elgbeth strytt klagt den ehebruch ab
2365 1587 3050 1686 Hanns Graff irem eheman mitt
2372 1641 3077 1740 anzeig, wie er sich am letsten barth
2365 1699 3072 1787 lane marit zu thun sich mitt an¬
2353 1748 3047 1846 deren gsellen, in eines wynschen k
2360 1804 3079 1902 huß, in gselschafft einer offnen mathen
2373 1854 3074 1951 oder dien yngelassen, getriebenn,
2359 1911 3096 2012 daselbst er den gantzen tag verharrete
2375 1979 3063 2065 zu nacht aber umb die nüne nach
2354 2028 3065 2128 mittag, habe er zum thor unbegärt
2354 2091 3020 2185 daselbsten gemeltte dien vff Inne
2369 2149 3062 2235 gewartet, syend sy beide unver
2365 2207 3070 2301 vor der statt thor by dem Burgeren
2377 2261 3077 2366 zill zusamen gelegen und sich in ohnen
2376 2320 3075 2417 hur, vnd ehebruch mitt einanderen
2383 2380 3056 2483 vergangen, wie sy sy dan beider
2381 2446 3062 2545 an der thatt bezogen und ergriffen
