4032 3024
1210 456 1932 620 Gg Mittwuchen den St
1308 538 1756 648 februarii 1594
1333 603 1794 727 Traches herr Galdi
1337 678 1787 768 Con herr Tharin
1324 725 1939 862 minist. Herr Haller hr. Schweinen
1333 788 1923 912 Linium Rüsch Dachselhofferen.
1333 849 1469 923 Rantz.
1500 955 1764 1052 Langnouw.
1328 1030 1934 1130 Cristina Berbier von Langnouw
1347 1084 1943 1173 klagt ab Abraham Krammer hen
1363 1138 1949 1224 cheman, wie er sy nitt nur mitt
1355 1184 1924 1264 zweyen unerzognen khindern
1363 1243 1920 1331 sitzen laßen, und dhein zu schul
1353 1292 1942 1384 gethan, sondere ouch sich in hin
1354 1357 1938 1444 und ehebruch vergangen, dan im
1341 1402 1562 1484 durch eine
1753 1425 1929 1500 genampt
1360 1452 1941 1559 ein unehrlich khind, zugeeignet
1364 1521 1942 1608 worden, begäre derhalben von
1357 1581 1947 1669 ime aller ehelichen pflicht, und
1346 1634 1926 1724 banden uffgelägt und gescheiden
1370 1695 1933 1782 ze werdenn, entgegen, der
1348 1737 1948 1832 verantwortter, deß klagten falle
1358 1791 1933 1887 und erzügten unehelichen khindts
1369 1852 1955 1953 nitt absen können, doch sy umb fründet,
1351 1903 1945 2012 liche verzychung gewätten, mitt
1365 1975 1955 2077 erpietten, wie er sich fürhin ehrs
1368 2019 1953 2124 und alls einem eherlichen man mitt
1371 2081 1955 2182 tra hus zehaltten begare cogniti
1350 2120 1946 2241 Diewyl der uff im geklagt ehe
1369 2178 1959 2281 bruch, durch das erzeiget unscheiden
1384 2229 1953 2341 schind offenbar, das er daselben mitt
1378 2286 1959 2380 warheitt nitt ab sin können, und s
1376 2335 1969 2442 ime den fäller nitt verzychen wollen
1373 2375 1953 2481 So solle sy von ime aller ehelichen bandern uff
1369 2418 1957 2525 gelössten und inen sich zeverehelich spotten
1379 2452 1949 2574 hin ira 1. jar, ime aber 1 jar lang
1382 2495 1953 2605 ira allein ob sy hie zwüschen, mitt zur wie
1397 2543 1957 2652 derumb versunt werden macht, zue aber zu
1401 2582 1948 2700 traff seines füllers, wan sy sich hernach
1386 2609 1951 2735 widerumb seheligen wollend, soll get
1386 2655 1971 2777 von Torgricht alhie erlouptnus gebeten
1456 2742 1513 2783 a
1391 2689 1987 2822 under ein seyn seiner beßerung von der kilche
1380 2718 1430 2792 .
1485 2759 1988 2863 a sie zwischen worden, wirt mit sich bringen
1460 2770 1992 2891 sachen sey, da allein zimlich billig ein rossenen
1580 2831 1758 2890 tels vereniss
1793 2874 1974 2913 abstrarent
2576 418 2671 518 173.
2179 484 2336 575 Bern.
2006 520 2697 686 alle den Bendicht louer der schnyder
2015 572 2699 729 kurtz verruckter tagen in einer gutter
2039 613 2695 761 selschafft bein trungk, einem ein fragen
2049 668 2685 819 uffgeben, ob es wäger, das keine
2050 724 2688 876 hünd, oder keine wyber warend und
2057 772 2670 907 nach dem der jhenis zur uffgen
2026 830 2667 971 hatt ers louer also usgeleytt, es
2050 874 2687 1003 wäre wäger, keine wyber, dan
2040 917 2707 1054 hünd, dan man konne us großen
2043 970 2720 1107 döchteren wol wyber, aber keine
2041 1037 2716 1158 hund machen etc. Ist er vermant
2064 1085 2692 1211 solle fürhin sollicher reden mutig
2057 1148 2695 1259 gan und sich ouch sines schwurs
2071 1192 2737 1320 ser sich brucht überheben, sonst wer
2056 1255 2739 1371 werde, man inne nach gepur straffen
2168 1359 2360 1460 Künitz
2031 1376 2746 1531 Barbli Zimmerman, klagt ab Antheil
2050 1462 2734 1574 Schmid, wie er sya nitt nur mitt
2065 1505 2739 1623 schlachen stoßen und raupfen mithaus
2046 1560 2709 1680 le, sonders ouch über das kurtz
2062 1631 2721 1731 versteiner zytt zu Oberpalman
2065 1680 2733 1779 einem hochzytt in anderes Grönin
2061 1738 2731 1829 mans thun, mitt einer genampt la
2059 1785 2710 1884 retschli sich verfügt, daselbst sy sich inn
2071 1852 2738 1937 vppiger schandtlicher huri vergange
2076 1895 2748 1977 wie sy verhoffe, solliches mitt gnug.
2065 1936 2727 2028 sammer thundtschafft zu bewysen und
2062 1992 2745 2069 uff inne ze bringen, begärt derhalben
2075 2035 2727 2106 man ir khundtschafft erwegen, und den
2076 2077 2720 2154 nach gra die schidigung erkanlaßen
2094 2120 2753 2196 welle, entgegen der verwantworten
2084 2166 2736 2247 nitt absin können, dan das er by gesagte
2094 2219 2727 2283 wybs person, in vermelttem ehern gsin
2086 2251 2727 2334 er hätte sy aber umb fründtliche e
2081 2292 2751 2381 zychung und gemeint nitt so groblichen
2086 2336 2748 2422 wider ja gefält ze haben, dan er nitt
2109 2388 2732 2474 wärblichs mitt ira verbracht, mitt
2089 2436 2745 2516 erpietten, sich fürhin zubeßeren, vnnd
2100 2486 2724 2577 scherlich mitt ira zu gehalten, welche
2110 2524 2738 2616 sey pitt, aber noch die unser an ira
2107 2566 2781 2666 vnerheblich gsin. Cognitum, diewyl
