4032 3024
1402 321 1463 420 38
1441 850 1528 943 .
1604 382 2135 509 frytag 9. novembris.
1650 457 2120 567 Consulis. Er darin, woll
1660 527 2148 637 Münstehe schnöndli haben
1664 585 2145 699 Zinch. Fusch, doch selhoffe,
1691 647 2075 745 Rantz Hofstetter
1708 750 1886 853 lern.
1513 825 2120 937 Helias Schöpff, ist gemandt
1552 903 2125 990 sich füro hin zu hütten, das er
1549 961 2128 1027 nit mehr übernacht, in wyt¬
1533 1007 2129 1086 ween hüßers belyben, da yn
1529 1058 2122 1137 unnd es wandle, sonst wurde
1558 1106 2127 1189 man in fester straffen, so es
1549 1163 2133 1246 mit im nit anders syn möge
1566 1216 2026 1309 sol er sich sehelichen
1673 1291 1849 1400 Bern
1493 1361 2144 1499 Heinrich Pastorffers frouw
1540 1471 1911 1552 hat, von Bascht
1550 1509 2142 1602 dem schund die Kinderett
1551 1561 2149 1660 gforderet. Dargegen er
1555 1618 2143 1712 anzeigt, das er nit lougnen
1558 1668 2158 1758 khönne weder er by ira gsin
1559 1729 2147 1817 aber das kind, so sy ime geben
1556 1777 2152 1867 möge im sy nit allein zücht
1555 1827 2150 1920 dan als er uff ein zyt by ih
1562 1880 2142 1971 gsin, sye einer khommen und
1513 1932 2141 2025 Wellen zum fenster ynstigen
1549 1988 2186 2070 hab den eine arin schon daynde
1567 2038 2176 2124 ghan, dar zu etlich in das fenster
1542 2089 2172 2181 gworffen, die hab sy alwege
1540 2142 2151 2226 geschwind hin gefreget, vnd
1501 2191 2176 2289 wan er zu ira khommen, habe s
1562 2242 2178 2340 alwegen wol beschloßen, das
1555 2298 2175 2403 Ime die sach nüt gefalle, so sy
1560 2346 2057 2449 so ime gang nachgangen.
1561 2399 2168 2510 hinwider so seit, wie er fra
1565 2450 2155 2547 nachgangen sya khum berat
1569 2503 2180 2602 dan er gesagt, Er und werde
1587 2559 2178 2646 nit mehr heim khommen vnd
1586 2601 2182 2696 ob er schon khöne, so werde er
1569 2640 2150 2762 by diser spys glich sterben
2867 349 2932 434 39
2249 401 2891 509 Den so wolle er sy ehelichen
2273 453 2907 587 und als sy es imme klagt, das sy mit
2258 520 2894 629 dem kind gangen, hab er gesagt
2262 571 2880 683 Weite gott das es ein Baschele
2283 624 2876 733 wurde. Er wyter gemeindt sy
2291 644 2945 768 solle anzeigt, wer die gsin, so welch
2262 711 2919 839 zu frustigen etc. Sy anzeigt, vnd
2264 754 2937 899 hoch by wort züget es das kind
2287 826 2929 953 ghöre niemandts anders den gewe¬
2292 887 2877 1004 sye auch sonst dheiner by ira
2285 936 2930 1052 gsin der gestaldt, dan ir ehem
2280 996 2797 1092 vnd er H. Cognitum
2262 1052 2921 1176 Diewyl sy gwüst, das sy noch ein
2289 1106 2962 1226 schein habe, vnd sich mit dester¬
2286 1160 2852 1272 minder, mit Ime zu hur
2281 1206 2980 1335 vergange, so sye er ira die Kindt¬
2296 1277 2914 1382 pett zubezalle nit schuldig,
2231 1328 2893 1440 vnd wan sy nochmallen an
2286 1388 2940 1486 eidts stadt gelobe, das sy gethan) das
2273 1446 2965 1550 disers kind, niemandts dan syn
2289 1512 2909 1603 sye, so solle er das nemmen, vnd
2270 1564 2904 1666 In Gots forcht ufferzüchen
2275 1642 2951 1758 Vnd als sy allein ernstig befragt
2266 1713 2972 1795 worden, mit tröüwung, war alwägen
2281 1768 2948 1864 by ira us und ingangen, hat sie
2288 1804 2961 1904 anzeigt, niemandt dan der schmid,
2278 1871 2964 1952 da vil mol mit ira auste. Item
2287 1895 2991 2014 Er schwöster, vnd des hin vorwerts
2294 1971 2964 2062 sen, syendt auch einmal khommen
2281 2031 2921 2119 vnd gemeidt sy solle inne ein
2310 2078 2985 2165 schlaff trunck gäbe, das sy nit thun
2300 2134 3007 2227 wellen, darzu sye Helias Schöpff
2300 2190 3005 2276 einmal nachts khommen, da er vost
2287 2241 3003 2336 truncken gsin, sy a gebätte, das sy
2284 2293 3003 2381 In benachte, dan er niens wüsse
2302 2350 2975 2436 hinzukhommen, domalls er da
2314 2402 2991 2474 übernacht blybe, aber sy habendt
2312 2453 3015 2551 nnt bon, noch verherlichs mit ein
2908 2509 2963 2578 6
2301 2509 2918 2606 anders volbracht, sonst sye
2307 2559 2993 2654 niemandts anders by ira uss und yn
2302 2621 2997 2706 gwandlet, min zu han vor es
2293 2667 3006 2762 gott der hin, umb gnad pitte
