4032 3024
1243 350 1357 470 308.
1404 402 1945 538 sich fürhin zebesseren unnd
1393 466 1952 599 von irem üppigen läben ab¬
1388 520 1941 626 zestan petter weniger, von
1368 571 1951 666 furnen ist glychsfhals mit
1395 612 1954 707 fünff tag mit gfangen schafft
1382 653 1917 750 gestrafft worden, so er mit
1375 701 1827 795 rii Eyer begangen.
1527 755 1690 866 Belpp.
1353 808 1960 935 Ann Fry weybell zu Belpp solle
1369 878 1947 976 Dichtli Heinii, so mit Bendicht
1374 923 1926 1008 Balsiger der wirtt zu Belpe
1376 971 1878 1051 der Buri verschreyt, uff
1362 1012 1950 1112 Mittwuchen nechstkünfftig allhar
1368 1065 1549 1150 betagen,
1422 1146 1924 1289 Zinstag den 23. tag aprilis.
1452 1228 1594 1319 1794.
1346 1255 1687 1382 Praeses herr Galdi
1341 1346 1862 1463 minist. ambo. Einn Rüsch
1318 1390 1833 1528 Dachselhoffer zechender
1524 1492 1761 1601 Gastgricht.
1320 1538 1926 1680 Hanns Brummer, spricht der
1344 1639 1920 1731 sche an Margredt matter, mitt
1350 1697 1942 1795 anzeig, das sy ime dieselb uffrecht
1341 1765 1930 1858 und redlich verheysen, begärt
1338 1817 1923 1921 hiemitt sy ime ir zusagen haltten,
1346 1873 1937 1981 vnd den kilchgang mitt Ime voln¬
1317 1936 1921 2062 bringen solle, entgegen gemel¬
1338 2004 1906 2119 te Matter, ime der anzognen
1323 2060 1905 2180 ehezusagung bekhandtlich gsin,
1336 2136 1914 2231 Welcher Matter, Ir vatter aber
1331 2180 1923 2299 zeigt an, wie solcher sin er dochter
1333 2239 1924 2374 ihe versprechung zur gantz wide
1321 2311 1903 2431 rig und vermeine, dieselb, wyll
1336 2368 1885 2489 in dochter allein vierzechen
2593 340 2678 400 200
2070 360 2708 535 jar altters uff ira trage und neben
2080 438 2664 579 dem siner dochter und des Clegers
2078 504 2663 660 grosvatter, Irer mutteren halb
2085 543 2695 699 rechte bruder gsin, ze stürtzen unnd
2081 615 2698 752 begärt hiemitt, man dise ehener.
2069 676 2707 801 sprechung uffheben, und für nich
2083 722 2723 861 tig erkhennen solle. Cognitum diewyl
2065 787 2720 921 die dochter noch under den zwentzig
2073 857 2712 977 Jaren Jar altters, in welcher zytt
2072 908 2702 1050 sy nitt mechtig gsin sich jemandis
2074 966 2709 1096 ehrlich zu versprechen, neben dem
2066 1024 2705 1157 sy einanderen so nache gefründet
2063 1096 2710 1213 das in solchem gnad, die ehe nieman
2068 1155 2704 1277 soll gestattet werden, das des
2063 1216 2674 1336 halb in krafft der satzung, dise
2051 1291 2710 1403 ehe versprechung vffgehept, vnd
2045 1354 2693 1459 Ime Bruner, nach gelesen zuin
2052 1420 2701 1521 solle sich angentz zeverehelichenn
2043 1479 2713 1575 Inne soll sy sich one ires vatters
2058 1525 2684 1629 und je dero so über sy zu gepetten
2058 1588 2718 1693 hätten, wüssen und willen gegen
2059 1650 2710 1746 niemandts ehelich versprechen,
2058 1716 2686 1806 so vill den costen belangt, soll
2056 1771 2699 1865 matter allen den costen, so mitt
2030 1822 2662 1913 den eherichteren im adelbodenn
2043 1885 2691 1989 uffgelüffen hätte, und des brieffs
2052 1950 2694 2048 schryber lon, bezallen, hieneben
2050 2002 2673 2109 aber Ime Brunner dheinen
2050 2066 2700 2170 kosten ußhin geben, weder disen
2041 2138 2688 2242 fhart halb alhar, noch so er sonst
2101 2177 2271 2234 undt arben
2046 2199 2678 2301 erlittet hätte, sondern an Ime
2034 2255 2333 2361 selbst haben etc.
