4032 3024
1261 357 1378 468 224.
1410 401 1984 564 Mittwuchen fryttag dem
1424 471 1768 584 3. maii 1694
1396 508 1929 665 Kiches ders welcher
1417 593 1976 725 Con. Herr Galdi Minist ambt
1405 652 1978 801 Civium Rüsche Dachselhofen,
1392 724 1619 825 zechendet,
1440 827 1721 952 Thueren
1372 908 1980 1059 Barbli Hag dorn, spricht der ehr au
1378 979 1963 1096 mathens wasam, mitt anzeige, wie
1389 1049 1952 1150 er ira die ehe uffrecht und redlich
1392 1096 1950 1205 verheyssenn und des zu einem
1393 1165 1950 1261 wworttzeichen, ein pfennigen darun
1387 1207 1958 1311 geben, sy ouch beredt, das sy im
1374 1262 1956 1379 den byschlaff gewilfaret, und hie¬
1378 1325 1947 1438 durch von ime schwanger worden
1374 1368 1939 1488 verhoffet also, wyl sy ime vor
1381 1453 1947 1545 und ehe, sy zu ime in dienst gstanden,
1384 1507 1919 1606 vorbehalttenn, er solle sy nitt
1371 1548 1932 1648 bschiffen, wie er hievor einer
1383 1611 1947 1706 einer diensten gethan, und er ira
1375 1664 1946 1765 darüber zu bscheid geben, er wellen
1366 1718 1950 1808 sy nitt bschiffenn, er solle sy nun
1366 1768 1923 1879 zu eheren haben, und den kilch¬
1381 1838 1931 1926 ang mitt ira volnbringenn.
1353 1878 1933 1985 Entgegen, vermeltter Wasam
1351 1938 1935 2049 ira dheiner ehezusagung bekannt.
1348 1996 1931 2085 lich sin wellen, vill minder das
1364 2058 1909 2145 r ira ettwas uff die ehe gebenn
1349 2107 1900 2215 habe, des byschlaffs aber nitt
1345 2158 1916 2267 lougnende, vnd vermeint nitt
1324 2215 1926 2328 das er ira solle zu bekhent werden
2571 329 2694 412 225.
2065 395 2705 550 Cognitum, diewyl der verantwortter
2066 459 2667 600 der Clegeri, dheiner ehezusagung
2080 500 2666 642 bekhandtlich, und sy ime mitt
2057 563 2705 714 keiner khundtschafft, dero underrichten
2068 622 2674 767 mögenn, das deshalb dise der
2071 681 2707 826 Clegerin an zine wasen gesuchte
2070 741 2698 886 ehe ansprach uffgehept und jeden
2058 799 2665 935 erlauff sin solle, sich anderhart ze
2062 876 2697 988 verehelichen, er soll ira, wyler
2067 930 2687 1061 sy in seinem dienst geschwengerett,
2069 989 2683 1115 allen zimlichen billichen costen
2056 1061 2675 1188 diser schidigung halb uffgelüffenn
2045 1126 2685 1241 abthragen, denne soller ira das
2062 1184 2704 1286 khind, wan sy dessen geneigt und
2073 1247 2689 1343 her daselb wie bruchtig zu eig
2066 1291 2669 1404 net wirtt, abnemen und für
2044 1349 2700 1458 das sie erzüchen, und dentzmallen
2052 1401 2686 1494 dry kronen, für die khindbetten
2054 1452 2668 1541 abrichten, und diewyl dan uss
2052 1510 2700 1610 der khundtschafft sag, so ein ehegricht
2073 1565 2698 1653 von Thurnen minen herren über¬
2055 1631 2708 1712 schikt, sy mine herren verstannden
2057 1671 2689 1765 wie die Clegeri, ettwan vor vnd
2054 1737 2680 1819 ehe, sy zu dem verantwortter
2056 1781 2646 1881 In dienst khommen, in kiltten
2071 1850 2681 1940 hin, und wider argwonisch ver¬
2058 1902 2675 1999 haltten, Ist ira für den Krantz
2069 1954 2603 2055 mitt gesprochen worden,
2066 2031 2698 2159 vermeltter Wasam, soll 12 tag
2057 2109 2706 2202 von wegen sy sin dienst gsin, mitt
2046 2157 2698 2274 gfangenschafft gestrafft werdenn
2030 2239 2683 2354 Ittem ouch sy mitt fünff tagier
2039 2325 2720 2422 gfangenschafft gezüchtiget werden,
