4032 3024
1255 335 1357 419 218.
1391 356 1994 580 vener ernstlichen gehalten gen
1399 459 1976 602 erlauff, das er und Elsber
1398 508 1979 659 stren, welcheren syn zuuermann
1389 582 1977 732 ligkeyt fürghaltten, vnd hierben
1390 638 1968 773 anzeigt worden, wan sy inne
1363 684 1983 838 darüber eheliche, werde man wan
1366 760 1976 878 sy sich schon erklagen wurde, nitt
1367 840 1958 981 scheiden, sich mitt einanderenn
1371 905 1934 1050 ehelich versprechen mögind
1523 1055 1684 1149 Bern.
1340 1091 1923 1244 An Schultheis zu Bürren, sölle
1345 1170 1922 1299 Bendicht schnyder dem wirtt
1344 1241 1939 1379 zum Schlüßel alhie beholffen sin,
1330 1315 1905 1435 das er von Cornellio gentzen
1333 1378 1966 1485 dem predicant zu wenige, welcher
1350 1437 1939 1547 iue 15 f spruch geltt, vonn
1346 1510 1963 1624 wegen Baschi Murerg, ist schuldig
1342 1565 1917 1675 worden, bezalt werden möge,
1347 1634 1943 1751 wyl er hentzi, ime von zweyen
1327 1694 1932 1822 fronfasten, sin dienstgeltt, ynge¬
1332 1782 1917 1891 setzt hatt, das er aber selbs be¬
1312 1843 1489 1935 zogenn
1435 1956 1575 2060 Spietz
1291 2020 1907 2139 Barbli Gretz, spricht der ehe auc
1314 2082 1923 2186 Steffan Blatter, mitt anzeig wie¬
1313 2158 1913 2249 er eines sambstags zu thunlyden
1309 2206 1914 2302 gsin, und sel heyssen zu ime zu hin
1308 2264 1930 2362 hus khon, das sy dan gethan, daselbst
1300 2304 1930 2415 er ira angemuttet, sy sines willen
1301 2362 1914 2477 pflägen soltte, welches sy nitt thun
1293 2439 1906 2544 wellen, er verheysse ir dan die
2594 337 2674 429 279
2028 408 2699 560 ehe, welches er gethan, darüber
2078 473 2723 585 er sye beschlaffen, man welle er ira
2064 522 2705 637 keiner ehezusagung bekhandtlich
2083 573 2721 683 in, derhalben begare sy, man inne
2069 625 2723 755 dahin halten, das er den kilchgang
2076 681 2694 784 mitt ira volnbringe, entgegen
2062 737 2714 849 er ira weder der Eheuerheysung
2061 795 2680 900 noch des byschlaffs gestendig sin
2074 852 2708 951 wellen, vnd vermeint nitt, das
2064 917 2709 1024 er ina soltte zu bekhent werdenn
2069 961 2704 1084 Cognitum, diewyl der verantwo
2064 1022 2715 1132 ter, der Cleger dheiner ehezusag.
2063 1084 2676 1186 ung bekhandtlich, und sy inne
2054 1134 2711 1243 mitt dheiner Khundtschafft dero
2056 1197 2688 1304 underricht mögen, das deshalb
2061 1257 2701 1353 dise der Ergerin ansprach uffge¬
2050 1312 2682 1406 hapt, und jedem erloupt, sich
2055 1370 2697 1452 anderfart zeverehelichen, der
2059 1421 2698 1523 costen ist uffgehept, und soll jedes
2055 1476 2683 1570 sinen erlittnen costen an Ime
2061 1536 2300 1626 selbst haben,
2028 1612 2662 1744 Der schultheis zu Spietz soll
2054 1702 2708 1802 vermeltte Gretz, diewyl sy sich
2047 1759 2674 1852 der hur selbs beschuldiget, dry
2060 1811 2696 1917 tag mitt gfangenschafft straffenn
2047 1879 2505 1978 inne aber ledig lassen,
2173 1965 2314 2057 Spietz
2046 2028 2700 2194 Demnach Steffen Stellen, vor
2039 2146 2721 2246 ettwas zytts von Anna Campan
2043 2212 2704 2320 von wegen er zu ehelichen natür¬
2040 2262 2686 2392 lichen werben, Vnuermöglich, der
2053 2343 2690 2443 ehehalb abgescheiden wordenn
2062 2397 2713 2520 vnd ime domalen ufferlegt werden
2059 2454 2700 2573 das wan er sich verehrlichen woltte.
