4032 3024
1316 405 1916 551 daruff schliesende, das sy sich vornach
1260 465 1915 594 sich mitt anderen werde nichten began
1320 526 1915 624 habenn, begärt, also aller ehelichen
1332 570 1915 680 pflicht von ira uffgelegt zewer
1332 638 1892 727 ognitu, die wyl der geklagte
1333 692 1916 795 chebruch sich gnugsamlich uff
1335 750 1911 848 Inne Reinoldt erfindt, also das
1341 795 1889 894 derselb mitt keinem schyn der
1365 850 1884 956 warheytt mag verlougnet
1341 911 1883 1004 werden. Solle desshalb sy die
1318 976 1907 1067 frouw, von Ime Reinoldt allen
1313 1035 1900 1136 ehelichen banden, uffgelöst, und
1325 1094 1895 1186 gescheiden sin, ime ist verpottenn
1327 1159 1928 1260 sich vor jars frist nitt zeuerehelichen
1309 1218 1908 1327 Er soll erlouptnus usbringen,
1313 1285 1902 1371 alhie vom Chorgricht, vnd ein
1305 1333 1907 1441 schyn mittbringen siner beherung
1329 1397 1911 1496 von der kilchöri, da er hiezwüschen,
1323 1458 1902 1558 wonen wirtt. Ita ist verpotten
1318 1518 1896 1629 sich anderfart zeuerehelichen, die
1301 1571 1927 1676 Doctores, vnd Schärer attestieren
1295 1643 1924 1734 dan, das sy vermelter plag über
1332 1692 1919 1782 rein, vnd entladen, vnd werde
1311 1753 1905 1849 ira alhie erloupt, er soll irem
1323 1810 1911 1907 vogt und sichem by stender, allen
1319 1868 1893 1960 ersten diser fhart, vnd so mitt
1326 1923 1919 2035 diser schidigung uffgelieff abtragen
1314 1981 1902 2083 des zyttlichen gutts halb sol der
1303 2046 1878 2136 landtvogt zu Sanen, und die
1320 2108 1892 2219 landtlüth, sy vereinbaren
1492 2188 1669 2311 Sanen
1313 2232 1873 2376 der landtvogt zu Samen, solle
1332 2327 1897 2437 obgemeltten Jacob Reinoldt, alls
1333 2391 1892 2495 umb den anderen faller, mitt
1313 2439 1908 2583 r tägiger gfangenschafft straffe
2523 319 2621 433 179.
1999 409 2632 605 gerahten er wuchen den
2009 486 2576 628 117. tag dis monats pierre
2020 524 2627 679 allemand, welchen Anna
2028 572 2567 724 kumli der ehe anspracht
2020 586 2676 778 dehr besteren die er selbigen
2013 724 2354 864 geantworden.
