4032 3024
1285 429 1361 528 8t.
1429 472 2024 606 nachgendere verhürratung nich
1432 539 2014 646 und zubedenken nitt billich wir
1430 586 2020 693 das sy uff ein solliche untrünen
1435 640 2010 741 person lenger wartter, unnd
1435 698 2004 807 hus hieltte, das sy nun aller
1424 760 2008 853 ehelichen banden von einanderen
1417 815 2014 918 ledig sin sollind, und ira hieneben
1429 890 2019 988 ain erloupt fin sich anderhart
1417 947 2007 1046 zeverehelichen, er wenn er wider
1436 1011 2020 1122 umb sich in das land laten werden,
1411 1089 1999 1187 Instraff miner gn herren stan
1433 1151 2021 1259 sy mag sich iren erstenn uff furen
1428 1241 1747 1330 gutt erhollen,
1410 1372 2009 1505 an landtvogt zu Morff solle uff
1435 1461 1992 1561 besagten genanten achten, und
1430 1512 1984 1604 wo er inne in ir gen lannd
1424 1574 1977 1675 betrett wurde, gefengklich
1433 1632 2004 1751 annemmen, und min gn herren
1431 1692 1621 1789 berichten.
1546 1843 1799 1982 Domestri.
1421 1947 2010 2063 Alls den Pernon. Lierre faure vor
1436 2002 2005 2125 Domartin husfrouw innamen und
1428 2065 1945 2164 alls vögtliche verwalteren
1453 2102 2017 2228 Claudine quilligt, so sy by michel
1444 2156 2023 2271 quilligt ehrlich erzüget, Sebastian
1423 2201 2015 2352 Proschon von Naz, uß der kilchöri
1439 2260 2000 2399 domartin vor dem ehegricht da
1446 2304 2003 2457 selbst zu recht gesagt, von wegen
1425 2346 1989 2503 daß er sich berumpft, wie er in
1429 2407 2029 2541 Dochter die ehe versprochen, und mitt
1435 2478 1982 2598 Ire vff die Ehe getrunken, das zu
1425 2526 2021 2654 ein dikempfennig daruf gebenn
1428 2561 2003 2734 vnd bereichen der hert
2704 431 2778 506 85.
2112 466 2768 590 Da er dan in siner antwortt, der
2108 534 2752 633 hekent, wie er mitt gesagter
2113 575 2793 686 clandina, ja uff die ehe getrunken
2129 627 2782 730 vnd ein dikenpfennig daruf geben
2125 679 2786 800 habe, dargegen aber die dochter
2127 738 2798 841 nitt anred sin wollen, das sy nit
2122 784 2803 925 ine getrunken habe, wol sye war
2100 854 2765 976 das er ira ein dikenpfennig
2716 924 2774 991 s
2125 910 2724 1052 zu ir fürtuch gewicklet.
2111 976 2764 1101 habe aber Ime denselbangenn
2122 1025 2796 1162 widerbekert, nach dem selben
2128 1100 2788 1218 dis process für den landtvogt
2122 1158 2796 1279 zu Losanna gewisen, vor dem
2130 1220 2764 1354 selben sy die mutter Ir klege
2143 1262 2811 1407 erfrischet, und glychmettig gefürt
2126 1340 2759 1455 er aber ist siner antwort
2135 1390 2797 1502 und auch ehe ansprach abgstanden
2115 1465 2795 1574 Cognitum. Diewyl die dochter noch
2127 1513 2789 1636 Zehung, also das sy mitt dheiten
2140 1572 2822 1712 fugen die mals in die ehe man vertruwt
2142 1638 2802 1744 werdenn, neben dem das er brocha
2144 1701 2790 1809 vor dem landtvogt zu Losanna und
2151 1759 2794 1881 einem ehegricht daselbst, obvermeltter
2152 1832 2788 1942 siner ansprach abgestanden, alls die
2141 1889 2785 1994 er nitt zu erhaltten wüsse, und ob
2147 1953 2786 2067 schon sy einanderen die ehe verheysen
2153 2027 2811 2121 hättind, so möchtind doch die mutter
2152 2081 2767 2182 und fründ, dieselbe ehe versprechung
2166 2131 2804 2251 wyl die dochter under jaren uffheben
2143 2199 2796 2311 vnd nichtig machen, das deshalb,
2152 2260 2795 2385 syn Bochons an sa Claudia ehe
2159 2329 2783 2432 ansprach, für nichtig geacht, und
2151 2369 2797 2500 ime nachgelasen sin solle, sich einem
2141 2448 2787 2558 gefallen nach, da aber verpotten
2156 2495 2794 2622 syn, sy habe dan ir voln khommen
2166 2568 2841 2659 altter, erreicht, vnd one Irer mutter
2163 2623 2834 2737 und fründen gunst wüsen und willen
2157 2690 2809 2791 zeuerehelich. Er soll ira aben zimlich
2154 2761 2560 2850 billich costen abthragen.
