4032 3024
1624 419 1904 533 Signauw s
1471 513 2050 628 algatam Müller zeigt an de
1491 585 2045 677 Joseph Schallenbergs sy beret
1531 646 2033 717 by ira glägen und von im
1505 690 2050 763 schwang worden, da sy ime nun
1492 737 2037 813 das Kind schicke, welle ers nit
1501 774 2044 861 für, das sin uffnemmen, dargägen
1541 834 2039 916 anzeige, das kind möge imme
1502 879 2053 970 sich nit by zeichen tag zucht den
1504 932 2051 1027 s lenge den vierzig wuchen
1498 983 2059 1081 mit gangen. Cognitum, wann
1503 1038 2063 1120 an eidts stadt geloben mögen, das
1512 1087 2062 1181 sy auch than) das sollich kind
1500 1137 2073 1234 sheim anderen, dan ihme gehör
1520 1195 2058 1288 so solle er das nemmen und für
1512 1249 2063 1335 das sie in gotts facht uffer zug
1519 1305 2078 1381 diewyl solliches, nach der natur
1512 1348 2065 1427 har wol sin mag, ira auch
1514 1394 2069 1476 zechen pfund für die kindern
1524 1456 2053 1532 usrichte, und ira auch alle
1500 1491 2071 1592 zimmlichen billichen ersten haben
1550 1552 1645 1607 dab
1524 1597 1872 1679 sind beide ynglen wo
1657 1653 1961 1747 Signouw
1568 1737 2064 1834 in vogt, das er min herr
1521 1798 1992 1883 berichten solle, von wäre
1538 1850 2095 1943 vorgret Euch, die sich welch
1530 1902 2072 1995 wie sy by sich Süfflich
1544 1948 2084 2061 ein unehrlich kind erzüget,
1642 2019 2060 2098 ira nach unser er
1535 2049 2083 2165 kantnus, solle etc. et für die
1576 2108 1883 2206 inperten ussricht
1908 2130 2078 2212 disser
1559 2158 1690 2234 sich ei
1780 2187 2085 2274 darumb, das
1568 2212 2096 2326 kind, da es mei wuchen
1540 2252 2110 2379 alt worden, der francis hern werde
1551 2314 2095 2420 vordt, da sy vermeine das vo
1538 2358 2097 2476 ira khomme, sy wellendt sich
1619 2412 1688 2490 10.
1699 2436 2082 2544 Kilchöri tryben
1532 2431 2109 2594 har sy syn wol 4 jar der aber
1541 2523 1866 2631 mit dera beladen
1889 2566 2068 2659 sin, habe
1570 2569 1884 2677 sich aber laßen,
1542 2638 1925 2745 das es nit von Ire
2747 408 2819 484 63.
2283 443 2539 574 thun.
2162 516 2809 653 Als datarina Wolff, mit einer
2600 594 2785 667 ir verstanden
2190 604 2518 702 schyn erschynnd,
2170 618 2815 753 wie sy sich mit Josuchten Tagenstein
2071 707 2778 827 sind geehelichet, und wyl er von siner
2084 753 2798 858 habe, vordrigen husfrouwe sälig ab¬
2086 794 2789 924 schafft gescheidt alhie und 2 der Kang¬
2185 843 2814 963 wartte sollen, vnd wan er sich
2182 891 2864 1021 wieder vehelichs wöllen erlouptnus
2189 944 2830 1077 alhie zu vornemmen, das er nit
2194 997 2864 1128 than, und wil sy also unwüßet
2217 1090 2685 1184 von imme betragen begar
2203 1090 2867 1235 schydigung c. Cognitum diewyl
2196 1173 2859 1303 gesagter Joseph Papenstein siner
2207 1239 2862 1364 schuld halb hievor von siner wäsenden
2207 1313 2810 1426 ehefrauwen gescheyden worden, und
2216 1354 2834 1472 sidten dem erlouptnus alhie
2214 1410 2860 1526 erlangt, wie ime aber in der schydi¬
2203 1463 2857 1578 gung anzeigt, darumb er des nit
2218 1518 2880 1642 gwelttig gsin sich ander far zuuer¬
2215 1579 2866 1699 ehrlichen, das deshalb sy von ime
2220 1638 2880 1751 aller ehrlichen ansprach, ledig erkent
2205 1686 2888 1808 vnd tra sich ander fur zuuoreheliche
2220 1762 2869 1837 erloupt, er aber von dato dis no
2219 1806 2869 1895 einter unverehelichet stillstan
2218 1867 2862 1945 vnd der nach erlouptnus neuen,
2223 1921 2857 2011 und ein schyn, siner beßerung
2233 1974 2853 2081 mit sich bringen solle. Sy mag auch
2219 2027 2874 2123 iren ersten an siner gut erholen.
2185 2107 2856 2217 Dem schultheisten, das er inne
2232 2165 2849 2281 mit. XV. tag in gfencknus und
2242 2222 2786 2346 so vil nächt enthaltes solle.
2299 2285 2642 2427 H. Capellen
2226 2361 2877 2510 Dem Amman, das er den unghor
2272 2453 2841 2549 sammen Bendicht hannen
2257 2491 2901 2626 gefencklich alhar bringe, diewyl
2271 2569 2823 2682 er sonst dheine gepottinenn
2256 2640 2662 2746 gefolgig sin will.
