4032 3024
1290 345 1403 458 210
1423 391 1991 531 soll ers und irem empfachen, und
1410 465 1980 571 für das sie in gottsforcht uffe
1411 524 1971 627 zechen, iren auch 1 lb für die
1400 579 1846 701 kindt petten gerichten.
1522 649 1919 784 Sumiswald
1368 746 1988 894 Dem vogt geschryben, das er diesen
1387 831 1972 945 beide, vmb ir begangne fälle
1397 893 1971 997 fünff tag, vnd so viel nacht zu
1401 951 1971 1057 waßer, vnd broth Ime mit gefu¬
1399 1009 1961 1098 genschafft straffe, Vnd wan
1417 1065 1973 1166 sach ist, das Ir bei der meister
1414 1115 1914 1213 der Müller zu Düren rath
1384 1169 1954 1277 die beide wie wir vernemmen.
1404 1237 1985 1332 zusammen in ein khammers gleit
1416 1300 1954 1386 so soll er der müller inns beiden
1414 1347 1966 1444 allen zimmlichs billichen costen
1399 1402 1948 1499 dis handels halb vff gange,
1409 1464 1927 1551 Ersetzen, vnd abtrag. Ist
1413 1532 1975 1617 aber dem nit also, so soll Jede
1371 1584 1972 1677 parthy den posten an ire selbs haben
1544 1655 1913 1766 Schwartzenburg,
1430 1772 1913 1859 dem predicantes. Wan
1381 1841 1968 1933 dhein andere Vrsach sye, weder
1356 1897 1967 1988 das Johan Sogar uss der geschafft
1387 1962 1939 2049 Thonung, der sich mit Vrsula
1380 2022 1979 2114 Breber us Fryburg pier schlich
1356 2082 1966 2179 frund, und nit im land anheimsche
1394 2131 1955 2223 sye, darumb er in nit welle mit
1369 2191 1940 2287 sines versprochende zusammt haben
1361 2250 1931 2348 So möge er sy beid wol als
1382 2311 1876 2409 nhelich zusammt gäbe.
2636 371 2738 454 271.
2142 435 2728 578 Mentag den 12. Junii 1794.
2101 492 2771 619 Praeses herr Galdi con herr Walthartt
2092 550 2761 671 minst. h. schwüwe herrn Halles
2100 602 2756 706 lininn Rüsch Dachselhofer zechender
2112 665 2392 759 wiechselman.
2234 738 2360 847 dein
2092 801 2752 900 Zedel an herren Venner Wyßhannen
2112 858 2713 938 welches sich spert, die uffgesetzte
2118 905 2753 996 tantzbuß von finem letst gehalt.
2107 956 2771 1046 nen hochzytt, zegeben, Mine herren
2074 1010 2736 1093 lasind inne fründtlich verwaren,
2088 1075 2735 1153 sie wyl es andere bisshar geben
2102 1111 2740 1205 solle er sy ouch erlegen, damitt
2089 1169 2706 1263 ein glychheitt gehalten, vnd sich
2080 1221 2704 1312 niemandts zu entschuldig habe
2238 1332 2454 1440 höchstetten.
2084 1391 2715 1492 Barbara Burgkhaltter, spricht der
2094 1474 2717 1533 Ehe an Petter Strann mittantzen
2112 1505 2748 1561 r habe ira offtmalen den byschlaff angemut
2107 1535 2723 1590 g habe aber der nitt wilfharen welchen, er
2094 1560 2750 1625 Whiese ira dan die Ehe, da er dan zu trage¬
2109 1589 2749 1666 sagt er welle sy nit beschiken, daruf sy ime
2095 1623 2752 1693 den beschlaff verwilliget, dardurch sy schwan¬
2082 1674 2732 1737 ger worden, sye der halben ire begären, das
2082 1709 2736 1776 er sy zu kilchen fhure, entgegen vermeltten
2087 1745 2751 1816 stram ira dheiner Ehezusagung bekhandtlich
2101 1780 2745 1854 iin wellen, des byschlaffs aber nitt lang.
2086 1824 2751 1894 nende zeigt aber hieneben an, wie solliches
2077 1869 2750 1924 khind Ime der zytt nach nitt gehöre, sonders
2084 1902 2745 1976 villmer Cristen Erbacher, der ettwag
2087 1945 2714 2004 zytts vor imme by ira gelegen dem solle sy
2097 1980 2728 2052 ws ouch zu eygnen, und er hiemit von
2086 2021 2721 2087 ira ledig erkhent werden. Cognitum, die
2084 2061 2740 2127 wyl der verantwortter der Clegeri dhein
2071 2108 2744 2181 er ehezusagung bekhandtlich sein wellend,
2074 2151 2761 2221 vnd sy inne dero mitt dheiner khundtschafft
2064 2196 2731 2258 underrichten mögte, so solle deshalb dise
2062 2225 2735 2310 Ehe ansprach uffgehept, und jedem erlauf
2067 2277 2738 2347 sin sich anderfart zeverehelich, und soll
2066 2318 2705 2388 er ina das khind abnemmen, und dry
2065 2364 2740 2430 kronen für die Khindtbette abricht, dene
2078 2402 2740 2473 solle, petter feller, sin stramen grosvatter
2053 2447 2742 2501 wyl er sy beide in ein gmache je seinen gelegt
2072 2471 2747 2543 und zu hur ursach geben, inen beidensamen
2057 2503 2739 2605 dry kronen für die khindtbetten abrichtenden.
