4032 3024
1543 387 2168 502 So vill aber den abtritt belangt.
1543 471 2172 567 den sy uss ir gnaden land und piett
1551 520 1759 622 genommen
1531 596 2170 696 zeigt sy an, wie ein frouw, sye
1531 666 2178 763 ir tochter gewarnet, wie eine
1560 714 2198 825 gschry von ira usgangen, wie parli
1529 780 2170 891 Joder da sole beschlaffen habenn
1531 851 2171 974 habe sy die mutter sy darüber
1551 920 2188 1025 befragt und ein wüsten darumb
1541 990 2203 1104 haben wollen, habe sy ira gran¬
1564 1055 2170 1163 worttet, ir schwager habe sy
1563 1121 2138 1233 vol wyn gfült und ein gebli
1570 1201 2211 1315 uffgehürt, und möge sy nitt wissen
1567 1270 2174 1393 was er mitt ira gehandlet
1944 1351 2019 1398 wyl
1566 1354 2187 1457 habe, zu dem ausgemeltter
1589 1427 2214 1527 2 Schwager uff die reden hin ira
1572 1497 2214 1584 einpotten, so vill inne betreffen wolle
1573 1567 2208 1659 er der martter nitt erwarttenen
1584 1637 2186 1747 und sy ir dochter möge thun was
1576 1703 2215 1820 sy wolle, das sye die ursach von
1592 1779 2197 1886 welcher wegen sy uß dem land
1593 1842 1805 1943 gewichen.
2389 384 2987 533 Mitwuchen den 31. octob.
2346 492 2946 610 Consules. Hn Galli et daru
2319 533 2943 701 Ministeri, er dick, hr. halbe
2335 624 2912 746 Eines Rüsch, dachsel hoffer,
2337 693 2842 818 Rantz, hofftetter
2453 791 2648 928 Bern.
2295 893 2949 1046 David Hingenberg, ist fürge
2303 963 2917 1084 haltten, vnd gemandt worde
2337 1024 2931 1139 das er daß, das sie kind und
2895 1071 2947 1163 .
2320 1087 2887 1217 Jungfrauw, nach Irem tod
2222 1126 2338 1242 gseine
2223 1160 2869 1265 hus in dem hortten, sollendt
2334 1194 2980 1344 gesuchen haben, sich müßigend,
2234 1255 2323 1317 fruw
2247 1298 2340 1379 sälig
2344 1268 2953 1404 sya ruwe lassindt und des
2350 1342 2936 1458 abstande, das er gemeindt, die
2349 1410 2963 1539 sind, die er by ira bekhommen
2359 1453 2968 1584 Sachendt ein anderen nit glich,
2356 1527 2941 1636 syendt deshalb nit syn, und
2351 1584 2946 1707 gehörende ime nit, dan wo
2342 1625 2954 1762 man solliche reden mehr von
2342 1707 2951 1821 Ime genemmen wir min ge
2342 1761 2975 1868 han fursachet in zustroffe
2330 1835 2964 1931 dan man wol wüße dan syn
2323 1864 3009 2000 husfrauw sälig ein eherlich wyb,
2353 1946 2947 2040 und fromm an ime gsyn, auch
2338 1993 3005 2094 (ob Gottwyl, jetz under von
2327 2064 2877 2167 da ira bes sye als hie
2512 2125 2711 2259 Ehern.
2314 2194 2995 2341 Baschi Halekender schmid, so sich
2336 2259 3030 2382 Wellendt usredt, das Kind, so zuer
2941 2345 2981 2391 .
2333 2335 2949 2461 Heinrich Pastorffers frauw.
2358 2385 2985 2513 geschickt, sye nit syn, ist bescheid
2327 2446 3006 2563 worde, das der Chor weybel sa
2339 2487 3030 2639 fragen, und wan sy ime das bin
