4032 3024
1301 343 1399 431 20
1420 359 1986 538 zuslich mit begaben werden.
1401 430 1992 602 Hergelahrte, Ist der schehen
1410 504 1988 643 watten, das ein ehegricht zu
1405 553 1960 678 höchstetten, sölle versuchte
1402 623 1913 736 das sy die tochter in dise
1898 663 1981 756 Ehe
1396 684 1970 823 bewillige, wo nitt und sy
1418 750 1983 887 nitt zu bereden wäre, sollind
1411 807 1991 958 sy ernstige nachfragens haben
1403 884 1991 1028 ob ettwan Ir mutter, oder zu
1396 940 1981 1083 fründ, sy uff wysind, das sy
1393 1039 1963 1148 Inne nitt nemme, vnd dan
1403 1102 1963 1208 sy mitt demselben bericht, wie
1370 1152 1918 1280 derumb alhar wysind.
1509 1358 1683 1456 Bern.
1346 1419 1975 1560 Alls dan Jacob Schor gegen satt
1385 1501 1926 1599 güttiger Steffan Liny deß
1381 1556 1955 1657 gipsers hußfrouw, geklagt, wie
1359 1615 1931 1713 das sy ime villmalen nachge¬
1379 1664 1943 1759 schikt, sy wolle inne der schuld
1382 1729 1949 1828 halben, so sy ime ze thund bezallen,
1399 1784 1942 1889 onder anderem sy imme wie sy
1381 1847 1934 1950 ime ettwas zugs und her
1371 1896 1950 2013 rachs abkhoufft, verheysen, er
1362 1975 1949 2069 sölle ihrem gutten khouff geben
1383 2039 1938 2126 wen es dan ettwan umb ein
1366 2094 1933 2198 halsen ze thun, wüße es nitt
1383 2161 1940 2269 wein sin, daruff ouch ime tag
1379 2215 1939 2332 und stund angsetzt, das er zu
1362 2288 1934 2388 ira khon soltte, hiemitt ouch
1374 2350 1946 2454 den schlüssel zu irer husfüren
1371 2406 1951 2523 geben, vnd wie er nun zu
2587 351 2713 450 241.
2109 426 2732 554 anbestimmten zytt khomen, und die
2104 486 2731 608 thür uff thun wellen, sye es nitt
2107 527 2729 662 der rechte schlüssel gsin, in dem
2111 598 2727 729 sy inne oben abhin mitt einer
2103 649 2726 766 unsuberen kammerlangen
2086 721 2713 851 beschüttet, welches ime nitt
2108 780 2723 887 mir ein gspott, by gmeiner
2081 831 2723 958 Burgerschafft, sonders ouch by
2114 889 2714 998 zner frouwen großen zank,
2102 960 2727 1088 vnd hader erwekt, entgegenn
2085 1023 2753 1138 vermeltten guttern mitt zustand
2076 1097 2704 1205 Melcher Sprinysen und ires
2081 1165 2726 1249 mans anzeigt, wie das er ira
2080 1213 2731 1307 vilmalen zu vneheren nachgstand
2085 1273 2719 1370 und under anderen einmals in
2079 1330 2728 1433 irer Kuchi die hosen abhin glassen
2079 1383 2724 1492 zu ira sagende, sy habe in ime hert
2085 1448 2722 1544 gemacht, und sy müste in imme wider
2086 1504 2719 1589 rumblind machen, vnd also mit
2082 1551 2724 1648 bruchen wollen, daruff sy ime
2060 1624 2713 1718 damit sy sinen ab kheine uff ein
2076 1685 2716 1784 andere zytt taget, und ime ver¬
2056 1743 2715 1845 meltter gstalt die usswysung geben.
2070 1804 2732 1901 IIst daruff vermeltter Schorr
2054 1863 2725 1954 wyl er sollicher gstalt, ira zu
2086 1920 2703 2018 vneheren nachgangen und gstand
2069 1976 2731 2074 ihn gfenknus bekhent worden
2085 2030 2699 2137 anderen zu einem exempel
2254 2118 2416 2202 Bern.
2067 2173 2729 2296 Balthasar hab ein sein von
2083 2257 2738 2355 loffent, hatt von wegen eines
2086 2324 2730 2408 erzügett vnehelichen Khindts
2068 2363 2691 2481 5. tag in gefangenschafft
2072 2425 2254 2524 abbuht.
