<?xml version="1.0" encoding="UTF-8" standalone="yes"?>
<PcGts xmlns="http://schema.primaresearch.org/PAGE/gts/pagecontent/2013-07-15" xmlns:xsi="http://www.w3.org/2001/XMLSchema-instance" xsi:schemaLocation="http://schema.primaresearch.org/PAGE/gts/pagecontent/2013-07-15 http://schema.primaresearch.org/PAGE/gts/pagecontent/2013-07-15/pagecontent.xsd">
    <Metadata>
        <Creator>prov=University of Rostock/Institute of Mathematics/CITlab|PLANET AI GmbH/Gundram Leifert/gundram.leifert@planet-ai.de:name=German_Kurrent_XVI-XVIII_M5.2(htr_id=38305)::::v=2.6.7
prov=University of Rostock/Institute of Mathematics/CITlab|PLANET AI GmbH/Tobias Gruening/tobias.gruening@planet-ai.de:name=de.uros.citlab.module.baseline2polygon.B2PSeamMultiOriented:v=2.6.7
prov=University of Rostock/Institute of Mathematics/CITlab|PLANET AI GmbH/Tobias Gruening/tobias.gruening@planet-ai.de:name=/net_tf/LA73_249_0mod360.pb:de.uros.citlab.segmentation.CITlab_LA_ML:v=2.6.7
Transkribus</Creator>
        <Created>2021-11-02T15:14:19.504+01:00</Created>
        <LastChange>2021-12-05T13:37:01.286+01:00</LastChange>
        <TranskribusMetadata docId="822504" pageId="30661837" pageNr="15" tsid="69414570" status="IN_PROGRESS" userId="101542" imgUrl="https://files.transkribus.eu/Get?id=STNSRUUMFOKIQIWZTXFKLKBC&amp;fileType=view" xmlUrl="https://files.transkribus.eu/Get?id=VYOPIVZWFVFGHRQZVHAIWPLU" imageId="24121912"/>
    </Metadata>
    <Page imageFilename="Foto 26.10.21, 2 52 03 PM.jpg" imageWidth="4032" imageHeight="3024">
        <ReadingOrder>
            <OrderedGroup id="ro_1687514378754" caption="Regions reading order">
                <RegionRefIndexed index="0" regionRef="r1"/>
                <RegionRefIndexed index="1" regionRef="r2"/>
            </OrderedGroup>
        </ReadingOrder>
        <TextRegion orientation="0.0" id="r1" custom="readingOrder {index:0;}">
            <Coords points="1428,355 1428,2621 2205,2621 2205,355"/>
            <TextLine id="r1l1" custom="readingOrder {index:0;}">
                <Coords points="1429,451 1443,444 1472,403 1498,407 1510,393 1522,395 1538,386 1518,323 1501,333 1487,329 1469,341 1455,341 1448,352 1434,352 1427,361 1413,355 1401,363"/>
                <Baseline points="1428,414 1460,397 1493,386 1526,383"/>
                <TextEquiv>
                    <Unicode>g. 2.</Unicode>
                </TextEquiv>
            </TextLine>
            <TextLine id="r1l2" custom="readingOrder {index:1;}">
                <Coords points="1502,444 1582,482 1719,462 1758,488 1785,461 1961,447 2190,484 2191,438 2008,377 1979,403 1921,392 1863,418 1800,382 1503,390"/>
                <Baseline points="1512,443 1545,444 1578,446 1612,447 1645,447 1679,447 1712,447 1746,447 1779,446 1813,446 1846,446 1879,444 1913,444 1946,446 1980,446 2013,448 2047,450 2080,453 2114,457 2147,461 2181,467"/>
                <TextEquiv>
                    <Unicode>under zustelle, solle er das uff das für der</Unicode>
                </TextEquiv>
            </TextLine>
            <TextLine id="r1l3" custom="readingOrder {index:2;}">
                <Coords points="1546,510 1563,513 1573,508 1587,510 1591,484 1583,483 1578,478 1572,479 1563,485 1560,481 1550,480"/>
                <Baseline points="1556,506 1577,509"/>
                <TextEquiv>
                    <Unicode>.</Unicode>
                </TextEquiv>
            </TextLine>
            <TextLine id="r1l4" custom="readingOrder {index:3;}">
                <Coords points="1583,530 1681,554 1752,527 1822,543 1878,505 1949,536 2005,506 2200,529 2200,492 2139,463 2100,484 2056,456 2004,477 1948,455 1784,462 1759,487 1705,461 1641,486 1583,476"/>
                <Baseline points="1593,510 1622,510 1652,510 1682,510 1712,509 1742,508 1772,507 1801,507 1831,506 1861,506 1891,504 1921,504 1951,504 1981,506 2010,506 2040,507 2070,509 2100,512 2130,514 2160,518 2190,522"/>
                <TextEquiv>
                    <Unicode>lichest touffen laßen, und vo</Unicode>
                </TextEquiv>
            </TextLine>
            <TextLine id="r1l5" custom="readingOrder {index:4;}">
                <Coords points="1577,605 1637,619 1710,588 1762,610 1830,587 1855,607 2034,577 2115,616 2146,587 2200,588 2200,536 2129,514 2073,529 2015,511 1950,538 1877,505 1828,545 1755,529 1720,550 1578,531"/>
                <Baseline points="1586,573 1616,573 1646,572 1676,572 1706,570 1737,570 1767,569 1797,569 1827,568 1857,567 1888,567 1918,567 1948,567 1978,567 2008,569 2039,570 2069,571 2099,573 2129,576 2159,579 2190,582"/>
                <TextEquiv>
                    <Unicode>dan sy us der kind perti Künger</Unicode>
                </TextEquiv>
            </TextLine>
            <TextLine id="r1l6" custom="readingOrder {index:5;}">
                <Coords points="1592,652 1665,682 1768,638 1938,641 1961,659 2028,644 2126,677 2206,660 2206,620 2144,589 2113,617 2092,600 2027,615 1971,585 1863,614 1828,586 1762,609 1710,590 1683,614 1593,614"/>
                <Baseline points="1602,638 1631,638 1661,637 1691,636 1720,636 1750,636 1780,635 1809,635 1839,634 1869,633 1899,633 1928,633 1958,633 1988,635 2017,635 2047,636 2077,638 2106,638 2136,641 2166,642 2196,645"/>
                <TextEquiv>
                    <Unicode>möge, er dan widerumb, zu¬</Unicode>
                </TextEquiv>
            </TextLine>
            <TextLine id="r1l7" custom="readingOrder {index:6;}">
                <Coords points="1589,734 1637,742 1713,696 1909,741 2031,710 2075,722 2108,699 2206,718 2206,661 2073,674 2025,643 1961,658 1898,643 1830,664 1753,640 1670,679 1589,650"/>
                <Baseline points="1599,701 1628,701 1658,701 1688,699 1718,699 1748,699 1778,699 1807,698 1837,698 1867,698 1897,698 1927,696 1957,696 1987,697 2016,698 2046,698 2076,699 2106,700 2136,702 2166,704 2196,705"/>
                <TextEquiv>
                    <Unicode>gegen württigkeyt ira vor uns</Unicode>
                </TextEquiv>
            </TextLine>
            <TextLine id="r1l8" custom="readingOrder {index:7;}">
                <Coords points="1598,802 1658,808 1741,778 1840,799 1924,760 1976,781 2057,767 2111,792 2152,767 2190,773 2190,732 2030,710 1965,735 1872,720 1855,736 1741,699 1598,741"/>
                <Baseline points="1607,761 1635,762 1664,762 1692,762 1721,762 1750,762 1778,762 1807,762 1836,762 1864,761 1893,761 1922,761 1950,761 1979,760 2008,759 2036,759 2065,759 2094,759 2122,761 2151,761 2180,761"/>
                <TextEquiv>
                    <Unicode>erschynd, khöner er dan den</Unicode>
                </TextEquiv>
            </TextLine>
            <TextLine id="r1l9" custom="readingOrder {index:8;}">
                <Coords points="1584,860 1614,844 1643,865 1695,831 1724,846 1782,820 1847,838 2026,822 2112,853 2148,826 2187,833 2186,785 2136,772 2105,801 1958,777 1858,780 1839,800 1744,778 1686,783 1658,809 1583,798"/>
                <Baseline points="1592,836 1621,832 1650,830 1679,826 1709,825 1738,822 1767,822 1796,821 1826,821 1855,819 1884,819 1913,819 1943,821 1972,821 2001,821 2030,821 2060,821 2089,821 2118,821 2147,821 2177,821"/>
                <TextEquiv>
                    <Unicode>kind ein anderen Vatter finde</Unicode>
                </TextEquiv>
            </TextLine>
            <TextLine id="r1l10" custom="readingOrder {index:9;}">
                <Coords points="1586,908 1619,900 1659,925 1740,889 1843,920 2057,910 2101,929 2188,899 2188,837 2118,862 2018,821 1978,845 1953,823 1881,842 1802,825 1702,869 1667,844 1644,865 1619,848 1586,860"/>
                <Baseline points="1596,896 1625,894 1654,891 1683,891 1712,888 1741,888 1770,887 1799,887 1828,885 1857,885 1887,885 1916,885 1945,887 1974,887 2003,887 2032,888 2061,890 2090,890 2119,893 2148,893 2178,896"/>
                <TextEquiv>
                    <Unicode>laß mans beschächen. Je doch ist</Unicode>
                </TextEquiv>
            </TextLine>
            <TextLine id="r1l11" custom="readingOrder {index:10;}">
                <Coords points="1597,978 1656,963 1714,994 1816,954 1903,966 1923,949 2042,974 2071,961 2115,992 2158,967 2198,983 2198,927 2150,911 2079,932 2056,909 1790,921 1741,898 1657,925 1597,903"/>
                <Baseline points="1607,957 1636,956 1665,954 1694,953 1723,953 1752,953 1781,951 1810,951 1839,951 1868,951 1898,953 1927,953 1956,953 1985,953 2014,954 2043,954 2072,955 2101,956 2130,956 2159,956 2189,957"/>
                <TextEquiv>
                    <Unicode>er Boschi nit ob dan das er sy</Unicode>
                </TextEquiv>
            </TextLine>
            <TextLine id="r1l12" custom="readingOrder {index:11;}">
                <Coords points="1601,1032 1735,1049 1821,1014 1868,1042 2062,1000 2176,1046 2175,975 2157,969 2137,989 2020,966 1949,987 1850,952 1805,982 1756,971 1736,993 1681,990 1654,965 1601,993"/>
                <Baseline points="1610,1019 1637,1017 1665,1017 1693,1014 1721,1014 1748,1013 1776,1012 1804,1011 1832,1010 1859,1010 1887,1008 1915,1008 1943,1008 1970,1008 1998,1007 2026,1007 2054,1007 2081,1008 2109,1008 2137,1008 2165,1008"/>
                <TextEquiv>
                    <Unicode>offtmalls beschlaffen vnd</Unicode>
                </TextEquiv>
            </TextLine>
            <TextLine id="r1l13" custom="readingOrder {index:12;}">
                <Coords points="1606,1087 1673,1075 1726,1103 1762,1078 1859,1111 1911,1074 1946,1101 1978,1087 2000,1102 2069,1062 2125,1085 2157,1071 2179,1092 2192,1034 2085,1022 2055,1041 2014,1013 1974,1037 1935,1022 1856,1042 1808,1015 1754,1043 1606,1047"/>
                <Baseline points="1616,1068 1644,1068 1672,1068 1701,1067 1729,1067 1757,1066 1786,1065 1814,1065 1842,1065 1871,1065 1899,1065 1927,1064 1956,1064 1984,1064 2012,1064 2041,1064 2069,1062 2097,1062 2126,1062 2154,1061 2183,1061"/>
                <TextEquiv>
                    <Unicode>ein eigne schlüssel zum hus</Unicode>
                </TextEquiv>
            </TextLine>
            <TextLine id="r1l14" custom="readingOrder {index:13;}">
                <Coords points="1593,1175 1616,1174 1637,1158 1672,1173 1699,1172 1722,1152 1757,1155 1772,1141 1799,1159 1814,1147 1828,1149 1826,1093 1801,1100 1780,1081 1756,1078 1724,1104 1666,1101 1641,1079 1591,1092"/>
                <Baseline points="1601,1130 1628,1128 1655,1127 1682,1126 1709,1125 1736,1125 1763,1125 1790,1124 1817,1122"/>
                <TextEquiv>
                    <Unicode>ohan habe.</Unicode>
                </TextEquiv>
            </TextLine>
            <TextLine id="r1l15" custom="readingOrder {index:14;}">
                <Coords points="1721,1241 1740,1238 1785,1257 1832,1235 1869,1266 1913,1256 1937,1233 1972,1251 1999,1246 1996,1194 1954,1192 1937,1201 1902,1170 1889,1182 1849,1188 1790,1168 1734,1194 1718,1191"/>
                <Baseline points="1730,1229 1755,1229 1781,1229 1807,1227 1833,1226 1859,1224 1884,1223 1910,1221 1936,1220 1962,1218 1988,1217"/>
                <TextEquiv>
                    <Unicode>Ober Bipp.</Unicode>
                </TextEquiv>
            </TextLine>
            <TextLine id="r1l16" custom="readingOrder {index:15;}">
                <Coords points="1535,1368 1640,1341 1783,1372 1960,1326 2196,1341 2193,1262 2142,1282 2079,1263 2017,1308 1941,1280 1890,1300 1802,1241 1780,1258 1662,1243 1533,1303"/>
                <Baseline points="1544,1352 1576,1347 1608,1343 1640,1339 1672,1336 1704,1335 1736,1332 1768,1331 1800,1329 1832,1329 1865,1328 1897,1327 1929,1326 1961,1326 1993,1325 2025,1325 2057,1323 2089,1323 2121,1322 2153,1320 2186,1319"/>
                <TextEquiv>
                    <Unicode>Hans Hauß ist, mit einer schyn</Unicode>
                </TextEquiv>
            </TextLine>
            <TextLine id="r1l17" custom="readingOrder {index:16;}">
                <Coords points="1609,1405 1696,1421 1771,1392 1937,1409 1975,1386 2210,1386 2208,1340 2120,1353 2073,1328 2024,1357 1938,1337 1870,1363 1811,1348 1787,1369 1734,1350 1698,1365 1668,1346 1607,1364"/>
                <Baseline points="1619,1394 1648,1394 1677,1394 1706,1392 1735,1392 1764,1391 1793,1389 1822,1388 1851,1387 1880,1385 1910,1384 1939,1383 1968,1381 1997,1380 2026,1379 2055,1377 2084,1376 2113,1376 2142,1374 2171,1374 2201,1374"/>
                <TextEquiv>
                    <Unicode>er schynne, von wegen das er</Unicode>
                </TextEquiv>
            </TextLine>
            <TextLine id="r1l18" custom="readingOrder {index:17;}">
                <Coords points="1608,1481 1650,1491 1682,1463 1854,1451 1934,1485 1966,1455 1987,1470 2060,1446 2159,1474 2214,1437 2212,1395 2038,1418 1977,1385 1851,1430 1792,1392 1729,1421 1605,1417"/>
                <Baseline points="1617,1455 1646,1454 1675,1454 1705,1452 1734,1452 1763,1451 1793,1451 1822,1449 1851,1449 1881,1448 1910,1447 1939,1446 1969,1446 1998,1444 2027,1443 2057,1442 2086,1440 2115,1439 2145,1437 2174,1436 2204,1433"/>
                <TextEquiv>
                    <Unicode>sich, mit Maria Alleman Esche¬</Unicode>
                </TextEquiv>
            </TextLine>
            <TextLine id="r1l19" custom="readingOrder {index:18;}">
                <Coords points="1599,1541 1817,1517 1925,1548 2004,1506 2134,1547 2208,1517 2207,1472 2027,1445 1987,1471 1966,1454 1934,1486 1858,1451 1681,1466 1650,1490 1598,1474"/>
                <Baseline points="1608,1515 1637,1514 1667,1512 1696,1511 1726,1510 1755,1509 1785,1509 1814,1508 1844,1508 1873,1508 1903,1508 1932,1506 1962,1506 1991,1506 2021,1505 2050,1505 2080,1504 2109,1503 2139,1502 2168,1500 2198,1499"/>
                <TextEquiv>
                    <Unicode>lichet, vnd aber Ime der Rich¬</Unicode>
                </TextEquiv>
            </TextLine>
            <TextLine id="r1l20" custom="readingOrder {index:19;}">
                <Coords points="1604,1606 1656,1589 1687,1608 1743,1581 1785,1611 1893,1566 2125,1606 2213,1578 2213,1526 2134,1548 2076,1525 1899,1547 1795,1517 1735,1536 1673,1523 1637,1550 1604,1539"/>
                <Baseline points="1613,1574 1642,1572 1672,1571 1701,1569 1731,1569 1760,1569 1790,1569 1819,1569 1849,1571 1878,1571 1908,1572 1938,1572 1967,1573 1997,1574 2026,1574 2056,1572 2085,1571 2115,1570 2144,1568 2174,1564 2204,1560"/>
                <TextEquiv>
                    <Unicode>gang nit hat mögen verfolgen</Unicode>
                </TextEquiv>
            </TextLine>
            <TextLine id="r1l21" custom="readingOrder {index:20;}">
                <Coords points="1608,1641 1707,1677 1784,1631 1857,1673 1903,1641 1969,1639 2042,1677 2104,1639 2166,1664 2208,1650 2208,1585 2075,1612 1950,1575 1865,1579 1784,1612 1749,1587 1711,1608 1655,1589 1608,1606"/>
                <Baseline points="1619,1634 1649,1634 1679,1634 1710,1634 1740,1634 1771,1635 1801,1635 1832,1635 1862,1637 1893,1637 1923,1637 1954,1637 1984,1637 2015,1637 2045,1637 2076,1636 2106,1635 2137,1634 2167,1632 2198,1629"/>
                <TextEquiv>
                    <Unicode>ohne ferwüsten unser geh</Unicode>
                </TextEquiv>
            </TextLine>
            <TextLine id="r1l22" custom="readingOrder {index:21;}">
                <Coords points="1601,1708 1692,1710 1723,1735 1790,1710 1825,1729 1879,1723 1906,1696 1954,1713 1989,1700 2068,1739 2137,1698 2195,1706 2195,1650 2164,1663 2106,1638 2043,1677 1975,1679 1919,1675 1896,1652 1858,1675 1796,1669 1767,1648 1696,1675 1632,1636 1601,1640"/>
                <Baseline points="1610,1697 1638,1697 1667,1695 1696,1695 1725,1695 1754,1695 1782,1695 1811,1697 1840,1697 1869,1697 1898,1697 1926,1698 1955,1698 1984,1698 2013,1698 2042,1698 2070,1697 2099,1697 2128,1695 2157,1693 2186,1691"/>
                <TextEquiv>
                    <Unicode>dorumb das ietz gemeltte sin</Unicode>
                </TextEquiv>
            </TextLine>
            <TextLine id="r1l23" custom="readingOrder {index:22;}">
                <Coords points="1606,1774 1698,1754 1764,1798 1845,1757 1874,1776 1993,1765 2057,1800 2099,1766 2196,1752 2195,1708 2178,1704 2068,1738 1979,1702 1727,1731 1605,1705"/>
                <Baseline points="1616,1761 1644,1760 1673,1758 1701,1758 1730,1757 1758,1757 1787,1757 1815,1757 1844,1757 1872,1757 1901,1758 1929,1758 1958,1758 1986,1758 2015,1758 2043,1757 2072,1757 2100,1755 2129,1755 2157,1754 2186,1751"/>
                <TextEquiv>
                    <Unicode>versprochne, und Margret</Unicode>
                </TextEquiv>
            </TextLine>
            <TextLine id="r1l24" custom="readingOrder {index:23;}">
                <Coords points="1607,1839 1669,1856 1730,1815 1806,1857 1852,1856 1902,1817 1956,1849 2021,1822 2074,1846 2139,1840 2187,1822 2187,1764 2162,1755 2119,1786 2056,1764 1865,1777 1843,1758 1738,1798 1695,1775 1606,1781"/>
                <Baseline points="1616,1821 1644,1820 1672,1818 1700,1817 1728,1816 1756,1815 1784,1815 1812,1815 1840,1815 1868,1816 1896,1817 1924,1817 1952,1817 1980,1817 2008,1817 2036,1816 2064,1815 2092,1815 2120,1813 2148,1811 2177,1808"/>
                <TextEquiv>
                    <Unicode>Keller hals sälig sin abstorbe</Unicode>
                </TextEquiv>
            </TextLine>
            <TextLine id="r1l25" custom="readingOrder {index:24;}">
                <Coords points="1598,1898 1843,1914 1878,1894 1909,1919 1961,1901 1997,1918 2061,1885 2142,1900 2205,1875 2205,1825 2074,1847 2020,1822 1953,1849 1902,1817 1852,1856 1808,1858 1725,1814 1669,1855 1636,1834 1598,1849"/>
                <Baseline points="1608,1877 1637,1877 1666,1877 1696,1877 1725,1878 1755,1878 1784,1878 1813,1880 1843,1880 1872,1880 1902,1880 1931,1880 1960,1880 1990,1880 2019,1880 2049,1878 2078,1878 2107,1875 2137,1874 2166,1872 2196,1869"/>
                <TextEquiv>
                    <Unicode>husfrauw sälig zwön bruder</Unicode>
                </TextEquiv>
            </TextLine>
            <TextLine id="r1l26" custom="readingOrder {index:25;}">
                <Coords points="1607,1979 1745,1950 1840,1955 1875,1982 2054,1944 2133,1977 2166,1946 2202,1950 2203,1892 2066,1884 1994,1920 1964,1901 1894,1918 1869,1897 1800,1916 1751,1895 1607,1911"/>
                <Baseline points="1616,1940 1644,1940 1673,1941 1702,1941 1731,1942 1760,1943 1789,1943 1817,1943 1846,1944 1875,1944 1904,1944 1933,1944 1962,1944 1991,1944 2019,1944 2048,1944 2077,1943 2106,1943 2135,1942 2164,1941 2193,1941"/>
                <TextEquiv>
                    <Unicode>ghan, dardurch dan ein sche¬</Unicode>
                </TextEquiv>
            </TextLine>
            <TextLine id="r1l27" custom="readingOrder {index:26;}">
                <Coords points="1606,2038 1657,2023 1705,2050 1749,2018 1786,2038 1823,2013 1880,2025 1952,2008 1988,2034 2077,2048 2174,2020 2174,1955 2130,1977 2057,1944 2014,1947 1972,1970 1852,1980 1800,1953 1607,1960"/>
                <Baseline points="1616,2001 1643,2001 1670,2003 1698,2003 1725,2004 1753,2006 1780,2006 1808,2007 1835,2009 1863,2009 1890,2009 1917,2010 1945,2010 1972,2010 2000,2010 2027,2010 2055,2009 2082,2008 2110,2006 2137,2006 2165,2003"/>
                <TextEquiv>
                    <Unicode>gricht zu Oberbin, sy zu</Unicode>
                </TextEquiv>
            </TextLine>
            <TextLine id="r1l28" custom="readingOrder {index:27;}">
                <Coords points="1610,2066 1752,2069 1777,2093 1955,2070 2031,2102 2190,2073 2191,2034 2151,2020 2110,2050 2040,2047 1952,2008 1902,2028 1861,2018 1818,2044 1755,2023 1711,2042 1610,2034"/>
                <Baseline points="1620,2058 1648,2058 1676,2060 1704,2060 1732,2061 1760,2062 1788,2063 1816,2064 1844,2066 1872,2067 1900,2069 1928,2069 1956,2070 1984,2070 2012,2072 2040,2070 2068,2070 2096,2070 2124,2068 2152,2066 2181,2064"/>
                <TextEquiv>
                    <Unicode>nach ein anderen verwandt</Unicode>
                </TextEquiv>
            </TextLine>
            <TextLine id="r1l29" custom="readingOrder {index:28;}">
                <Coords points="1612,2157 1741,2121 1805,2122 1850,2147 1910,2131 1979,2157 2078,2147 2102,2166 2200,2142 2201,2102 2004,2100 1951,2069 1672,2099 1615,2078"/>
                <Baseline points="1623,2120 1651,2118 1679,2118 1708,2118 1736,2120 1764,2120 1793,2122 1821,2123 1849,2125 1878,2127 1906,2129 1934,2130 1963,2132 1991,2133 2019,2135 2048,2136 2076,2136 2104,2136 2133,2135 2161,2133 2190,2130"/>
                <TextEquiv>
                    <Unicode>syn gemendt Cognitum</Unicode>
                </TextEquiv>
            </TextLine>
            <TextLine id="r1l30" custom="readingOrder {index:29;}">
                <Coords points="1628,2207 1728,2196 1785,2219 1862,2185 2063,2232 2188,2191 2189,2158 2161,2145 2117,2171 2080,2148 1979,2157 1922,2136 1890,2160 1814,2129 1778,2153 1719,2133 1674,2153 1630,2143"/>
                <Baseline points="1638,2177 1665,2178 1692,2178 1719,2180 1746,2180 1773,2182 1800,2183 1827,2184 1854,2186 1881,2187 1908,2189 1935,2190 1962,2192 1989,2193 2016,2193 2043,2195 2070,2195 2097,2195 2124,2195 2151,2195 2178,2195"/>
                <TextEquiv>
                    <Unicode>diewyl dhein freundtschafft</Unicode>
                </TextEquiv>
            </TextLine>
            <TextLine id="r1l31" custom="readingOrder {index:30;}">
                <Coords points="1568,2249 1659,2241 1735,2270 1838,2248 1890,2268 1921,2250 2044,2274 2071,2259 2120,2294 2214,2269 2216,2205 2193,2199 2148,2228 2064,2236 1942,2200 1906,2228 1570,2194"/>
                <Baseline points="1577,2241 1608,2240 1639,2238 1671,2238 1702,2238 1734,2240 1765,2242 1796,2244 1828,2246 1859,2247 1891,2250 1922,2252 1953,2255 1985,2256 2016,2258 2048,2258 2079,2259 2110,2258 2142,2257 2173,2255 2205,2252"/>
                <TextEquiv>
                    <Unicode>da, das wider Gottes wort vnd</Unicode>
                </TextEquiv>
            </TextLine>
            <TextLine id="r1l32" custom="readingOrder {index:31;}">
                <Coords points="1622,2299 1651,2291 1684,2321 1780,2301 1836,2336 1924,2312 1971,2340 2071,2317 2118,2337 2135,2331 2138,2292 2079,2265 2054,2276 1928,2254 1886,2267 1856,2252 1834,2268 1789,2254 1735,2270 1625,2238"/>
                <Baseline points="1632,2288 1658,2289 1684,2292 1710,2294 1736,2295 1762,2298 1788,2300 1814,2301 1840,2303 1866,2306 1892,2307 1918,2309 1944,2310 1970,2312 1996,2313 2022,2313 2048,2315 2074,2315 2100,2316 2126,2316"/>
                <TextEquiv>
                    <Unicode>wise ge einsatzung</Unicode>
                </TextEquiv>
            </TextLine>
            <TextLine id="r1l33" custom="readingOrder {index:32;}">
                <Coords points="1610,2365 1645,2373 1700,2350 1747,2376 1821,2364 1841,2379 1917,2360 1996,2368 2079,2411 2177,2375 2180,2321 2148,2339 2070,2317 1961,2345 1937,2322 1828,2336 1781,2303 1688,2321 1649,2292 1613,2309"/>
                <Baseline points="1620,2352 1647,2351 1674,2349 1702,2349 1729,2351 1757,2351 1784,2353 1811,2355 1839,2356 1866,2358 1894,2360 1921,2362 1948,2364 1976,2367 2003,2369 2031,2369 2058,2371 2085,2372 2113,2372 2140,2371 2168,2370"/>
                <TextEquiv>
                    <Unicode>sye, solle und möge sy der</Unicode>
                </TextEquiv>
            </TextLine>
            <TextLine id="r1l34" custom="readingOrder {index:33;}">
                <Coords points="1634,2408 1810,2428 1836,2415 1881,2435 1936,2420 1962,2444 2058,2423 2107,2443 2214,2426 2215,2392 2189,2379 2068,2405 1994,2368 1955,2384 1918,2359 1807,2379 1725,2358 1635,2372"/>
                <Baseline points="1644,2403 1672,2403 1700,2403 1728,2405 1756,2406 1784,2408 1812,2409 1840,2412 1868,2414 1896,2416 1924,2418 1952,2421 1980,2423 2008,2424 2036,2425 2064,2426 2092,2426 2120,2424 2148,2423 2176,2419 2205,2417"/>
                <TextEquiv>
                    <Unicode>redicantt zu Oberbin wol</Unicode>
                </TextEquiv>
            </TextLine>
            <TextLine id="r1l35" custom="readingOrder {index:34;}">
                <Coords points="1615,2483 1712,2463 1799,2471 1815,2490 1912,2477 1972,2510 2012,2485 2116,2533 2194,2487 2185,2436 2143,2459 2096,2437 2047,2454 1980,2433 1917,2455 1779,2410 1682,2423 1619,2398"/>
                <Baseline points="1626,2468 1653,2465 1681,2463 1709,2462 1737,2462 1765,2462 1793,2465 1821,2466 1849,2468 1877,2471 1905,2474 1932,2476 1960,2479 1988,2482 2016,2483 2044,2486 2072,2486 2100,2486 2128,2486 2156,2484 2184,2481"/>
                <TextEquiv>
                    <Unicode>zusammen gëben, und sy als</Unicode>
                </TextEquiv>
            </TextLine>
            <TextLine id="r1l36" custom="readingOrder {index:35;}">
                <Coords points="1626,2547 1715,2544 1728,2559 1787,2538 1933,2534 2009,2546 2038,2572 2087,2566 2125,2598 2183,2571 2189,2498 2119,2532 2055,2527 2030,2505 1982,2519 1912,2477 1859,2494 1743,2463 1632,2472"/>
                <Baseline points="1638,2519 1664,2519 1691,2519 1718,2520 1745,2521 1772,2523 1799,2524 1825,2526 1852,2529 1879,2531 1906,2533 1933,2537 1960,2539 1987,2542 2013,2544 2040,2547 2067,2549 2094,2551 2121,2552 2148,2553 2175,2555"/>
                <TextEquiv>
                    <Unicode>ehrlich, mit ein anderen zu</Unicode>
                </TextEquiv>
            </TextLine>
            <TextLine id="r1l37" custom="readingOrder {index:36;}">
                <Coords points="1597,2609 1651,2636 1822,2632 1855,2616 1941,2645 1984,2622 2029,2626 2087,2651 2091,2578 2039,2573 2010,2546 1922,2566 1858,2537 1729,2557 1711,2542 1600,2551"/>
                <Baseline points="1608,2588 1634,2585 1660,2583 1686,2583 1712,2583 1738,2583 1765,2584 1791,2586 1817,2588 1843,2589 1869,2591 1895,2594 1922,2597 1948,2599 1974,2601 2000,2603 2026,2605 2052,2606 2079,2607"/>
                <TextEquiv>
                    <Unicode>kilchenrächte thun.</Unicode>
                </TextEquiv>
            </TextLine>
            <TextEquiv>
                <Unicode>g. 2.
under zustelle, solle er das uff das für der
.
lichest touffen laßen, und vo
dan sy us der kind perti Künger
möge, er dan widerumb, zu¬
gegen württigkeyt ira vor uns
erschynd, khöner er dan den
kind ein anderen Vatter finde
laß mans beschächen. Je doch ist
er Boschi nit ob dan das er sy
offtmalls beschlaffen vnd
ein eigne schlüssel zum hus
ohan habe.
Ober Bipp.
Hans Hauß ist, mit einer schyn
er schynne, von wegen das er
sich, mit Maria Alleman Esche¬
lichet, vnd aber Ime der Rich¬
gang nit hat mögen verfolgen
ohne ferwüsten unser geh
dorumb das ietz gemeltte sin
versprochne, und Margret
Keller hals sälig sin abstorbe
husfrauw sälig zwön bruder
ghan, dardurch dan ein sche¬
gricht zu Oberbin, sy zu
nach ein anderen verwandt
syn gemendt Cognitum
diewyl dhein freundtschafft
da, das wider Gottes wort vnd
wise ge einsatzung
sye, solle und möge sy der
redicantt zu Oberbin wol
zusammen gëben, und sy als
ehrlich, mit ein anderen zu
kilchenrächte thun.</Unicode>
            </TextEquiv>
        </TextRegion>
        <TextRegion orientation="0.0" id="r2" custom="readingOrder {index:1;}">
            <Coords points="2312,365 2312,2830 3059,2830 3059,365"/>
            <TextLine id="r2l1" custom="readingOrder {index:0;}">
                <Coords points="2914,426 2930,423 2935,417 2941,419 2947,413 2959,424 2970,414 2988,430 3005,428 3002,351 2977,348 2958,352 2946,343 2911,350"/>
                <Baseline points="2922,396 2958,396 2994,393"/>
                <TextEquiv>
                    <Unicode>25.</Unicode>
                </TextEquiv>
            </TextLine>
            <TextLine id="r2l2" custom="readingOrder {index:1;}">
                <Coords points="2431,529 2465,510 2481,514 2494,498 2531,506 2548,491 2561,499 2597,491 2637,497 2657,468 2672,462 2659,380 2636,393 2591,379 2561,413 2519,410 2480,432 2454,428 2416,438"/>
                <Baseline points="2433,483 2458,481 2483,477 2508,473 2533,470 2559,465 2584,460 2609,456 2634,453 2660,449"/>
                <TextEquiv>
                    <Unicode>Thun.</Unicode>
                </TextEquiv>
            </TextLine>
            <TextLine id="r2l3" custom="readingOrder {index:2;}">
                <Coords points="2333,606 2534,560 2731,578 2776,541 2878,572 2965,524 2961,479 2857,473 2798,506 2752,487 2646,508 2571,495 2500,540 2455,519 2416,538 2359,501 2324,510"/>
                <Baseline points="2340,584 2370,579 2401,574 2432,570 2463,566 2493,563 2524,560 2555,557 2586,554 2616,552 2647,549 2678,546 2709,544 2739,542 2770,539 2801,536 2832,535 2862,533 2893,530 2924,527 2955,525"/>
                <TextEquiv>
                    <Unicode>Alls dan offli Meyer rath</Unicode>
                </TextEquiv>
            </TextLine>
            <TextLine id="r2l4" custom="readingOrder {index:3;}">
                <Coords points="2332,677 2392,640 2478,669 2530,641 2599,660 2698,615 2794,630 2838,600 2964,581 2961,552 2864,573 2776,540 2750,572 2667,580 2605,560 2569,581 2476,565 2325,610"/>
                <Baseline points="2339,647 2369,642 2400,636 2431,632 2462,627 2492,625 2523,622 2554,618 2585,616 2615,614 2646,612 2677,609 2708,608 2738,605 2769,603 2800,600 2831,596 2861,593 2892,590 2923,585 2954,579"/>
                <TextEquiv>
                    <Unicode>Balsingers eheliche husfrouw</Unicode>
                </TextEquiv>
            </TextLine>
            <TextLine id="r2l5" custom="readingOrder {index:4;}">
                <Coords points="2347,722 2460,689 2515,711 2625,691 2661,707 2731,667 2831,680 2858,658 2881,675 2973,645 2968,591 2866,595 2771,638 2714,612 2610,655 2527,642 2506,660 2479,641 2450,669 2376,643 2342,668"/>
                <Baseline points="2355,705 2385,700 2415,695 2446,690 2476,687 2507,684 2537,681 2567,678 2598,676 2628,674 2659,671 2689,669 2719,667 2750,664 2780,662 2811,659 2841,656 2871,651 2902,647 2932,641 2963,635"/>
                <TextEquiv>
                    <Unicode>sich mächtig ob irem gesagte</Unicode>
                </TextEquiv>
            </TextLine>
            <TextLine id="r2l6" custom="readingOrder {index:5;}">
                <Coords points="2349,802 2376,807 2419,765 2606,755 2677,728 2737,750 2888,724 2962,752 2955,677 2874,696 2792,664 2723,674 2690,702 2603,693 2523,717 2457,690 2402,726 2342,719"/>
                <Baseline points="2355,764 2384,760 2414,755 2444,752 2473,748 2503,746 2533,743 2562,740 2592,738 2622,736 2652,733 2681,731 2711,729 2741,727 2770,725 2800,723 2830,720 2859,717 2889,716 2919,713 2949,710"/>
                <TextEquiv>
                    <Unicode>eheman, wie er mit zuerath¬</Unicode>
                </TextEquiv>
            </TextLine>
            <TextLine id="r2l7" custom="readingOrder {index:6;}">
                <Coords points="2324,848 2460,849 2577,799 2637,833 2697,836 2749,792 2813,781 2948,801 2940,732 2865,723 2813,756 2654,726 2601,756 2412,767 2378,805 2317,787"/>
                <Baseline points="2333,836 2363,830 2393,825 2423,822 2453,817 2483,813 2513,810 2543,806 2573,802 2603,799 2633,797 2663,794 2693,791 2723,788 2753,786 2783,783 2813,779 2843,776 2873,773 2903,768 2933,764"/>
                <TextEquiv>
                    <Unicode>rutzen fraw sich mit huren</Unicode>
                </TextEquiv>
            </TextLine>
            <TextLine id="r2l8" custom="readingOrder {index:7;}">
                <Coords points="2339,911 2456,878 2525,904 2627,860 2671,881 2704,856 2740,872 2807,845 2856,864 2959,832 2956,799 2811,783 2737,824 2647,835 2578,799 2532,845 2378,836 2334,865"/>
                <Baseline points="2346,891 2376,888 2406,883 2436,879 2466,874 2496,871 2526,867 2556,864 2586,860 2616,857 2647,855 2677,852 2707,850 2737,846 2767,843 2797,842 2827,838 2857,835 2887,833 2917,830 2948,827"/>
                <TextEquiv>
                    <Unicode>begange. Item ime futzen</Unicode>
                </TextEquiv>
            </TextLine>
            <TextLine id="r2l9" custom="readingOrder {index:8;}">
                <Coords points="2327,992 2407,955 2484,985 2516,944 2583,938 2649,966 2787,906 2970,891 2961,833 2684,888 2632,861 2525,904 2462,881 2432,908 2317,906"/>
                <Baseline points="2333,962 2364,957 2395,951 2427,947 2458,942 2489,937 2521,933 2552,929 2583,925 2615,920 2646,917 2677,913 2709,909 2740,906 2771,903 2803,900 2834,898 2865,895 2897,892 2928,890 2960,887"/>
                <TextEquiv>
                    <Unicode>korn, syne kinden hutt und</Unicode>
                </TextEquiv>
            </TextLine>
            <TextLine id="r2l10" custom="readingOrder {index:9;}">
                <Coords points="2349,1027 2463,1015 2560,1036 2796,962 2892,987 2979,964 2973,914 2922,902 2834,915 2804,948 2725,933 2677,954 2643,928 2621,954 2517,945 2484,984 2420,963 2346,991"/>
                <Baseline points="2358,1014 2388,1011 2418,1009 2449,1006 2479,1002 2510,999 2540,997 2571,994 2601,991 2632,988 2662,985 2692,981 2723,977 2753,974 2784,970 2814,966 2845,964 2875,960 2906,957 2936,953 2967,950"/>
                <TextEquiv>
                    <Unicode>anders in khouffe, auch das ge¬</Unicode>
                </TextEquiv>
            </TextLine>
            <TextLine id="r2l11" custom="readingOrder {index:10;}">
                <Coords points="2346,1112 2408,1096 2437,1111 2495,1070 2559,1099 2645,1045 2773,1062 2893,1026 2916,1042 2960,1031 2956,991 2871,994 2798,962 2631,1024 2505,1019 2486,1038 2396,1014 2339,1043"/>
                <Baseline points="2351,1076 2380,1072 2410,1069 2440,1067 2470,1064 2500,1060 2530,1057 2559,1054 2589,1052 2619,1048 2649,1046 2679,1041 2709,1039 2739,1036 2768,1033 2798,1030 2828,1027 2858,1025 2888,1022 2918,1019 2948,1016"/>
                <TextEquiv>
                    <Unicode>fhundern gemelts hingen</Unicode>
                </TextEquiv>
            </TextLine>
            <TextLine id="r2l12" custom="readingOrder {index:11;}">
                <Coords points="2330,1147 2372,1137 2407,1157 2444,1138 2503,1166 2550,1121 2610,1115 2651,1136 2763,1091 2846,1112 2903,1077 2960,1086 2948,1031 2900,1052 2874,1039 2841,1066 2793,1047 2728,1072 2643,1045 2595,1081 2558,1060 2527,1081 2485,1071 2429,1110 2327,1113"/>
                <Baseline points="2339,1139 2369,1134 2399,1131 2430,1128 2460,1125 2491,1121 2521,1118 2552,1115 2582,1112 2613,1109 2643,1106 2673,1104 2704,1101 2734,1097 2765,1094 2795,1090 2826,1087 2856,1085 2887,1081 2917,1077 2948,1073"/>
                <TextEquiv>
                    <Unicode>frouw genöttiget werde.</Unicode>
                </TextEquiv>
            </TextLine>
            <TextLine id="r2l13" custom="readingOrder {index:12;}">
                <Coords points="2332,1216 2397,1194 2466,1224 2493,1197 2570,1213 2631,1168 2710,1202 2852,1146 2970,1162 2949,1091 2768,1135 2710,1117 2632,1151 2559,1136 2497,1162 2326,1152"/>
                <Baseline points="2339,1187 2369,1187 2400,1187 2431,1187 2462,1185 2493,1184 2524,1182 2555,1180 2586,1177 2617,1175 2648,1172 2678,1169 2709,1165 2740,1161 2771,1158 2802,1154 2833,1151 2864,1146 2895,1141 2926,1137 2957,1133"/>
                <TextEquiv>
                    <Unicode>dan sy sage, das sy geren woltte</Unicode>
                </TextEquiv>
            </TextLine>
            <TextLine id="r2l14" custom="readingOrder {index:13;}">
                <Coords points="2340,1275 2371,1253 2407,1269 2463,1248 2614,1265 2713,1227 2814,1255 2868,1211 2955,1203 2973,1164 2867,1176 2805,1155 2747,1195 2687,1201 2628,1169 2568,1214 2521,1204 2496,1224 2377,1198 2334,1216"/>
                <Baseline points="2348,1251 2378,1250 2409,1247 2440,1245 2471,1244 2502,1242 2533,1239 2564,1237 2595,1235 2626,1233 2657,1230 2687,1228 2718,1225 2749,1222 2780,1218 2811,1214 2842,1210 2873,1206 2904,1201 2935,1196 2966,1191"/>
                <TextEquiv>
                    <Unicode>sachen, er das nit thun weit</Unicode>
                </TextEquiv>
            </TextLine>
            <TextLine id="r2l15" custom="readingOrder {index:14;}">
                <Coords points="2326,1349 2455,1313 2595,1322 2636,1301 2713,1330 2814,1285 2868,1310 2928,1260 2969,1265 2965,1217 2938,1217 2866,1254 2758,1256 2713,1227 2615,1264 2510,1255 2445,1287 2400,1258 2320,1272"/>
                <Baseline points="2333,1320 2364,1317 2395,1313 2427,1310 2458,1307 2489,1304 2521,1302 2552,1300 2583,1299 2615,1296 2646,1295 2677,1293 2709,1290 2740,1289 2771,1286 2803,1283 2834,1280 2865,1277 2897,1272 2928,1268 2960,1263"/>
                <TextEquiv>
                    <Unicode>dan er salsis, sya mehr</Unicode>
                </TextEquiv>
            </TextLine>
            <TextLine id="r2l16" custom="readingOrder {index:15;}">
                <Coords points="2331,1413 2403,1412 2560,1362 2622,1366 2653,1393 2731,1348 2767,1369 2804,1339 2931,1332 2928,1299 2891,1294 2833,1314 2774,1299 2704,1331 2568,1313 2327,1348"/>
                <Baseline points="2339,1371 2368,1370 2397,1367 2426,1365 2455,1363 2484,1362 2513,1359 2542,1358 2571,1356 2600,1355 2630,1352 2659,1351 2688,1349 2717,1346 2746,1344 2775,1342 2804,1340 2833,1337 2862,1333 2891,1331 2921,1328"/>
                <TextEquiv>
                    <Unicode>geschrye, dan ir ehemen</Unicode>
                </TextEquiv>
            </TextLine>
            <TextLine id="r2l17" custom="readingOrder {index:16;}">
                <Coords points="2319,1452 2454,1476 2576,1421 2669,1445 2694,1427 2764,1449 2846,1437 2970,1394 2965,1334 2912,1368 2872,1349 2839,1373 2753,1343 2653,1392 2548,1369 2316,1419"/>
                <Baseline points="2327,1439 2358,1436 2390,1433 2421,1430 2453,1427 2485,1425 2516,1424 2548,1421 2580,1419 2611,1416 2643,1414 2675,1412 2706,1410 2738,1407 2770,1404 2801,1402 2833,1398 2865,1396 2896,1392 2928,1389 2960,1385"/>
                <TextEquiv>
                    <Unicode>lutz zu dem so schlache er</Unicode>
                </TextEquiv>
            </TextLine>
            <TextLine id="r2l18" custom="readingOrder {index:17;}">
                <Coords points="2320,1526 2372,1497 2442,1527 2484,1497 2538,1513 2650,1487 2697,1523 2767,1479 2977,1459 2972,1396 2947,1390 2886,1433 2795,1431 2760,1453 2574,1421 2448,1474 2363,1453 2316,1466"/>
                <Baseline points="2327,1499 2360,1497 2394,1495 2427,1494 2461,1492 2495,1490 2528,1488 2562,1487 2596,1485 2629,1484 2663,1482 2696,1480 2730,1478 2764,1476 2797,1472 2831,1469 2865,1464 2898,1461 2932,1455 2966,1448"/>
                <TextEquiv>
                    <Unicode>Balsinger ir man sy übel und</Unicode>
                </TextEquiv>
            </TextLine>
            <TextLine id="r2l19" custom="readingOrder {index:18;}">
                <Coords points="2358,1567 2510,1557 2722,1582 2753,1549 2938,1540 2933,1461 2854,1494 2804,1476 2786,1495 2743,1489 2716,1514 2631,1488 2598,1510 2560,1493 2525,1528 2356,1534"/>
                <Baseline points="2366,1554 2394,1554 2422,1554 2450,1554 2478,1553 2506,1552 2534,1551 2562,1550 2590,1548 2618,1547 2646,1546 2674,1544 2702,1542 2730,1540 2758,1538 2786,1535 2814,1533 2842,1530 2870,1527 2898,1524 2927,1521"/>
                <TextEquiv>
                    <Unicode>vor etwas zyts habe des</Unicode>
                </TextEquiv>
            </TextLine>
            <TextLine id="r2l20" custom="readingOrder {index:19;}">
                <Coords points="2335,1646 2469,1616 2534,1618 2587,1652 2733,1610 2815,1625 2875,1590 2948,1619 3001,1602 2998,1548 2867,1535 2805,1562 2754,1551 2695,1586 2535,1560 2465,1588 2401,1559 2331,1578"/>
                <Baseline points="2342,1614 2374,1616 2406,1616 2439,1616 2471,1616 2504,1614 2536,1614 2568,1613 2601,1611 2633,1610 2666,1608 2698,1605 2730,1603 2763,1600 2795,1597 2828,1594 2860,1591 2892,1589 2925,1586 2957,1582 2990,1578"/>
                <TextEquiv>
                    <Unicode>fuzen frauw, sy amass gstellaten</Unicode>
                </TextEquiv>
            </TextLine>
            <TextLine id="r2l21" custom="readingOrder {index:20;}">
                <Coords points="2345,1699 2384,1674 2501,1703 2583,1671 2733,1703 2781,1660 2892,1672 2966,1652 2964,1612 2888,1591 2814,1625 2769,1606 2590,1650 2470,1615 2418,1653 2342,1639"/>
                <Baseline points="2354,1673 2384,1674 2414,1674 2444,1674 2474,1674 2504,1674 2534,1674 2565,1674 2595,1673 2625,1671 2655,1670 2685,1668 2715,1667 2745,1665 2776,1662 2806,1659 2836,1656 2866,1654 2896,1650 2926,1647 2957,1643"/>
                <TextEquiv>
                    <Unicode>gen, das sy umb das sind khommen</Unicode>
                </TextEquiv>
            </TextLine>
            <TextLine id="r2l22" custom="readingOrder {index:21;}">
                <Coords points="2346,1751 2479,1740 2551,1760 2723,1723 2833,1758 2877,1723 2952,1738 3006,1718 3002,1628 2892,1680 2801,1661 2733,1702 2583,1671 2502,1704 2416,1689 2344,1716"/>
                <Baseline points="2354,1736 2386,1736 2418,1737 2450,1736 2482,1736 2514,1735 2546,1734 2578,1734 2610,1731 2642,1730 2675,1728 2707,1727 2739,1725 2771,1722 2803,1719 2835,1718 2867,1715 2899,1711 2931,1710 2963,1707 2996,1704"/>
                <TextEquiv>
                    <Unicode>und als das kind worden, habe es</Unicode>
                </TextEquiv>
            </TextLine>
            <TextLine id="r2l23" custom="readingOrder {index:22;}">
                <Coords points="2342,1809 2384,1793 2487,1835 2590,1785 2640,1783 2710,1824 2749,1795 2807,1802 2854,1778 2914,1810 2983,1795 2979,1729 2877,1723 2828,1756 2783,1729 2661,1728 2611,1765 2480,1740 2402,1764 2340,1751"/>
                <Baseline points="2352,1791 2383,1791 2414,1793 2445,1793 2476,1793 2507,1791 2538,1791 2569,1790 2600,1789 2631,1787 2662,1785 2693,1784 2724,1782 2755,1779 2786,1778 2817,1775 2848,1772 2879,1770 2910,1769 2941,1766 2972,1763"/>
                <TextEquiv>
                    <Unicode>ein loch im Hauptli ghan</Unicode>
                </TextEquiv>
            </TextLine>
            <TextLine id="r2l24" custom="readingOrder {index:23;}">
                <Coords points="2355,1859 2415,1872 2505,1847 2562,1874 2630,1850 2691,1869 2825,1848 2897,1866 2952,1829 3014,1838 3012,1790 2914,1809 2855,1777 2699,1824 2630,1786 2587,1813 2489,1796 2353,1813"/>
                <Baseline points="2364,1851 2397,1851 2431,1851 2464,1850 2498,1850 2532,1849 2565,1848 2599,1848 2633,1847 2666,1845 2700,1844 2733,1843 2767,1841 2801,1839 2834,1837 2868,1836 2902,1832 2935,1831 2969,1827 3003,1824"/>
                <TextEquiv>
                    <Unicode>des die hebammen, und wyber</Unicode>
                </TextEquiv>
            </TextLine>
            <TextLine id="r2l25" custom="readingOrder {index:24;}">
                <Coords points="2359,1924 2387,1909 2433,1936 2463,1917 2507,1954 2559,1916 2672,1944 2723,1905 2792,1931 2881,1904 2950,1924 2979,1897 3030,1906 3013,1838 2934,1839 2899,1866 2815,1847 2781,1870 2728,1843 2654,1877 2506,1847 2440,1874 2356,1858"/>
                <Baseline points="2367,1910 2399,1910 2432,1909 2464,1908 2497,1908 2529,1908 2562,1907 2594,1906 2627,1905 2659,1904 2692,1902 2725,1901 2757,1899 2790,1896 2822,1895 2855,1892 2887,1890 2920,1887 2952,1886 2985,1883 3018,1880"/>
                <TextEquiv>
                    <Unicode>s by gsyn, wol in gedencken syndt</Unicode>
                </TextEquiv>
            </TextLine>
            <TextLine id="r2l26" custom="readingOrder {index:25;}">
                <Coords points="2330,1984 2426,1971 2532,2017 2673,1968 2744,1969 2803,1999 2900,1955 2983,1953 2982,1930 2884,1905 2791,1930 2740,1904 2681,1947 2559,1919 2504,1950 2462,1917 2358,1952 2328,1934"/>
                <Baseline points="2339,1974 2370,1976 2402,1976 2434,1976 2465,1974 2497,1974 2529,1974 2560,1973 2592,1971 2624,1970 2656,1968 2687,1967 2719,1966 2751,1964 2782,1962 2814,1960 2846,1959 2877,1956 2909,1955 2941,1952 2973,1950"/>
                <TextEquiv>
                    <Unicode>vnd verschynner tagen hab er</Unicode>
                </TextEquiv>
            </TextLine>
            <TextLine id="r2l27" custom="readingOrder {index:26;}">
                <Coords points="2974,2036 2984,2034 3002,2044 3011,2042 2995,1967 2984,1969 2982,1972 2979,1972 2973,1981 2963,1983"/>
                <Baseline points="2979,2009 2994,2006"/>
                <TextEquiv>
                    <Unicode>.</Unicode>
                </TextEquiv>
            </TextLine>
            <TextLine id="r2l28" custom="readingOrder {index:27;}">
                <Coords points="2333,2047 2427,2073 2466,2044 2526,2081 2710,2056 2734,2031 2766,2055 2798,2032 2971,2021 2967,1952 2811,1997 2665,1971 2521,2016 2428,1972 2330,1983"/>
                <Baseline points="2342,2039 2372,2039 2403,2039 2434,2039 2465,2039 2496,2039 2527,2038 2558,2037 2589,2036 2620,2035 2651,2033 2681,2032 2712,2030 2743,2027 2774,2025 2805,2023 2836,2019 2867,2016 2898,2014 2929,2010 2960,2007"/>
                <TextEquiv>
                    <Unicode>luch selbs sy gefüstet, wie dan</Unicode>
                </TextEquiv>
            </TextLine>
            <TextLine id="r2l29" custom="readingOrder {index:28;}">
                <Coords points="2345,2102 2384,2096 2432,2129 2569,2092 2656,2130 2770,2100 2858,2119 2910,2077 3004,2074 3001,2011 2910,2041 2882,2021 2768,2054 2722,2041 2681,2065 2500,2073 2462,2044 2432,2073 2343,2068"/>
                <Baseline points="2354,2096 2387,2096 2421,2095 2454,2094 2488,2094 2522,2093 2555,2093 2589,2091 2623,2091 2656,2090 2690,2088 2723,2086 2757,2084 2791,2082 2824,2079 2858,2076 2892,2072 2925,2067 2959,2062 2993,2057"/>
                <TextEquiv>
                    <Unicode>an ira angenschynlich sye.</Unicode>
                </TextEquiv>
            </TextLine>
            <TextLine id="r2l30" custom="readingOrder {index:29;}">
                <Coords points="2334,2185 2383,2160 2417,2178 2565,2156 2668,2177 3017,2134 3016,2107 2943,2079 2860,2119 2819,2099 2650,2126 2527,2096 2486,2127 2436,2127 2385,2096 2331,2104"/>
                <Baseline points="2342,2162 2375,2160 2408,2158 2441,2157 2475,2156 2508,2154 2541,2153 2575,2153 2608,2151 2641,2151 2675,2150 2708,2148 2741,2147 2774,2147 2808,2145 2841,2142 2874,2140 2908,2138 2941,2136 2974,2133 3008,2129"/>
                <TextEquiv>
                    <Unicode>Cognitum, das unnd ande</Unicode>
                </TextEquiv>
            </TextLine>
            <TextLine id="r2l31" custom="readingOrder {index:30;}">
                <Coords points="2342,2252 2418,2233 2450,2263 2486,2232 2538,2254 2585,2219 2648,2255 2780,2219 2853,2253 2942,2201 3013,2195 2995,2132 2804,2189 2759,2160 2709,2183 2583,2157 2497,2182 2388,2159 2339,2176"/>
                <Baseline points="2351,2223 2383,2221 2416,2220 2448,2218 2481,2217 2513,2216 2546,2216 2578,2216 2611,2216 2643,2216 2676,2214 2709,2214 2741,2213 2774,2213 2806,2211 2839,2208 2871,2206 2904,2202 2936,2199 2969,2194 3002,2187"/>
                <TextEquiv>
                    <Unicode>Ehorgricht schryb, die hebene</Unicode>
                </TextEquiv>
            </TextLine>
            <TextLine id="r2l32" custom="readingOrder {index:31;}">
                <Coords points="2367,2281 2421,2276 2459,2303 2531,2280 2710,2305 2849,2267 2893,2299 2932,2263 3011,2272 3009,2208 2932,2209 2899,2241 2839,2247 2780,2220 2648,2255 2581,2220 2540,2253 2485,2233 2448,2258 2414,2234 2366,2247"/>
                <Baseline points="2376,2277 2407,2277 2438,2277 2469,2277 2501,2279 2532,2279 2563,2279 2595,2279 2626,2279 2657,2277 2689,2277 2720,2277 2751,2276 2782,2274 2814,2272 2845,2270 2876,2267 2908,2264 2939,2261 2970,2257 3002,2252"/>
                <TextEquiv>
                    <Unicode>und wyber, so by dißer gehure</Unicode>
                </TextEquiv>
            </TextLine>
            <TextLine id="r2l33" custom="readingOrder {index:32;}">
                <Coords points="2345,2370 2405,2340 2448,2367 2484,2337 2563,2359 2671,2340 2777,2365 2846,2331 2919,2330 2919,2299 2890,2302 2847,2264 2686,2313 2651,2288 2599,2306 2545,2280 2460,2305 2398,2277 2344,2301"/>
                <Baseline points="2354,2334 2381,2336 2409,2337 2437,2337 2465,2337 2492,2339 2520,2339 2548,2339 2576,2339 2603,2339 2631,2339 2659,2338 2687,2337 2714,2336 2742,2336 2770,2334 2798,2333 2825,2331 2853,2330 2881,2327 2909,2324"/>
                <TextEquiv>
                    <Unicode>gsin, auch die nachburen</Unicode>
                </TextEquiv>
            </TextLine>
            <TextLine id="r2l34" custom="readingOrder {index:33;}">
                <Coords points="2303,2409 2340,2401 2422,2446 2510,2406 2576,2434 2992,2388 2966,2344 2924,2356 2844,2332 2775,2366 2671,2340 2303,2355"/>
                <Baseline points="2312,2397 2345,2399 2379,2400 2412,2402 2446,2403 2479,2403 2513,2405 2546,2405 2580,2405 2613,2405 2647,2404 2680,2403 2714,2403 2747,2402 2781,2400 2814,2399 2848,2397 2881,2394 2915,2393 2948,2390 2982,2388"/>
                <TextEquiv>
                    <Unicode>beschicke, sy mit dens so die</Unicode>
                </TextEquiv>
            </TextLine>
            <TextLine id="r2l35" custom="readingOrder {index:34;}">
                <Coords points="2348,2491 2419,2464 2549,2506 2652,2464 2724,2487 2863,2473 2906,2499 2988,2479 2974,2406 2856,2398 2772,2428 2675,2409 2582,2434 2515,2410 2412,2443 2346,2419"/>
                <Baseline points="2357,2469 2388,2468 2419,2468 2450,2466 2481,2466 2512,2466 2543,2465 2574,2465 2605,2465 2636,2463 2667,2463 2698,2462 2729,2462 2760,2460 2791,2460 2822,2458 2853,2457 2884,2454 2915,2451 2946,2450 2978,2447"/>
                <TextEquiv>
                    <Unicode>Elegerin legen möchte, verhöre,</Unicode>
                </TextEquiv>
            </TextLine>
            <TextLine id="r2l36" custom="readingOrder {index:35;}">
                <Coords points="2356,2532 2404,2518 2540,2563 2578,2539 2771,2528 2820,2552 2866,2528 2905,2554 3039,2523 3038,2454 2898,2497 2820,2469 2726,2488 2654,2468 2560,2505 2419,2465 2356,2490"/>
                <Baseline points="2366,2523 2399,2523 2432,2523 2465,2523 2498,2523 2531,2523 2564,2523 2598,2523 2631,2523 2664,2523 2697,2523 2730,2523 2763,2522 2796,2522 2830,2520 2863,2519 2896,2516 2929,2514 2962,2513 2995,2510 3029,2507"/>
                <TextEquiv>
                    <Unicode>eigentlich, des, unds, tugen vnd</Unicode>
                </TextEquiv>
            </TextLine>
            <TextLine id="r2l37" custom="readingOrder {index:36;}">
                <Coords points="2360,2587 2473,2581 2524,2610 2556,2590 2649,2619 2799,2580 2838,2607 2954,2622 3000,2606 3000,2545 2816,2549 2766,2528 2531,2558 2406,2520 2359,2533"/>
                <Baseline points="2369,2573 2400,2576 2431,2577 2462,2578 2493,2579 2524,2580 2555,2580 2586,2581 2617,2582 2648,2582 2680,2582 2711,2582 2742,2582 2773,2580 2804,2580 2835,2579 2866,2577 2897,2577 2928,2575 2959,2574 2991,2571"/>
                <TextEquiv>
                    <Unicode>sies wybs halb nach forche</Unicode>
                </TextEquiv>
            </TextLine>
            <TextLine id="r2l38" custom="readingOrder {index:37;}">
                <Coords points="2347,2640 2484,2656 2525,2632 2565,2658 2644,2639 2717,2661 3013,2637 3014,2596 2930,2620 2840,2610 2800,2580 2734,2612 2634,2586 2558,2616 2510,2595 2462,2610 2349,2567"/>
                <Baseline points="2358,2624 2390,2626 2422,2628 2454,2631 2487,2633 2519,2634 2551,2636 2583,2637 2616,2639 2648,2639 2680,2640 2712,2640 2745,2640 2777,2642 2809,2642 2841,2641 2874,2640 2906,2640 2938,2640 2970,2639 3003,2637"/>
                <TextEquiv>
                    <Unicode>das einge zu widerumb</Unicode>
                </TextEquiv>
            </TextLine>
            <TextLine id="r2l39" custom="readingOrder {index:38;}">
                <Coords points="2353,2699 2571,2729 2710,2701 2756,2726 3069,2697 3069,2653 3019,2635 2855,2667 2826,2648 2564,2658 2514,2632 2481,2657 2354,2635"/>
                <Baseline points="2363,2682 2397,2685 2432,2688 2467,2691 2502,2693 2537,2694 2571,2696 2606,2697 2641,2697 2676,2697 2711,2697 2745,2697 2780,2697 2815,2697 2850,2696 2885,2696 2919,2694 2954,2693 2989,2692 3024,2690 3059,2690"/>
                <TextEquiv>
                    <Unicode>berichtet, vnd so es von nöthe, die</Unicode>
                </TextEquiv>
            </TextLine>
            <TextLine id="r2l40" custom="readingOrder {index:39;}">
                <Coords points="2358,2746 2423,2748 2465,2788 2549,2752 2782,2802 2898,2755 3026,2788 3028,2711 2949,2722 2882,2699 2746,2729 2710,2701 2595,2733 2359,2698"/>
                <Baseline points="2367,2738 2399,2741 2432,2744 2464,2747 2497,2749 2529,2752 2562,2754 2594,2756 2627,2759 2659,2759 2692,2760 2725,2762 2757,2762 2790,2762 2822,2763 2855,2762 2887,2762 2920,2761 2952,2760 2985,2759 3018,2757"/>
                <TextEquiv>
                    <Unicode>parthyen alhar schickenn</Unicode>
                </TextEquiv>
            </TextLine>
            <TextLine id="r2l41" custom="readingOrder {index:40;}">
                <Coords points="2373,2821 2439,2826 2449,2817 2491,2852 2557,2820 2683,2854 2687,2775 2660,2776 2647,2761 2576,2779 2499,2773 2464,2787 2427,2750 2377,2747"/>
                <Baseline points="2385,2801 2411,2803 2437,2804 2464,2807 2490,2808 2516,2809 2543,2810 2569,2811 2595,2813 2622,2813 2648,2816 2675,2817"/>
                <TextEquiv>
                    <Unicode>söllindt.</Unicode>
                </TextEquiv>
            </TextLine>
            <TextEquiv>
                <Unicode>25.
Thun.
Alls dan offli Meyer rath
Balsingers eheliche husfrouw
sich mächtig ob irem gesagte
eheman, wie er mit zuerath¬
rutzen fraw sich mit huren
begange. Item ime futzen
korn, syne kinden hutt und
anders in khouffe, auch das ge¬
fhundern gemelts hingen
frouw genöttiget werde.
dan sy sage, das sy geren woltte
sachen, er das nit thun weit
dan er salsis, sya mehr
geschrye, dan ir ehemen
lutz zu dem so schlache er
Balsinger ir man sy übel und
vor etwas zyts habe des
fuzen frauw, sy amass gstellaten
gen, das sy umb das sind khommen
und als das kind worden, habe es
ein loch im Hauptli ghan
des die hebammen, und wyber
s by gsyn, wol in gedencken syndt
vnd verschynner tagen hab er
.
luch selbs sy gefüstet, wie dan
an ira angenschynlich sye.
Cognitum, das unnd ande
Ehorgricht schryb, die hebene
und wyber, so by dißer gehure
gsin, auch die nachburen
beschicke, sy mit dens so die
Elegerin legen möchte, verhöre,
eigentlich, des, unds, tugen vnd
sies wybs halb nach forche
das einge zu widerumb
berichtet, vnd so es von nöthe, die
parthyen alhar schickenn
söllindt.</Unicode>
            </TextEquiv>
        </TextRegion>
    </Page>
</PcGts>
