4032 3024
1252 302 1351 389 Il.
1363 364 1915 518 Sonstag den 2. tag mergers
1356 445 1892 569 1594. Praeses herr Tharen.
1335 523 1942 671 minist. ambo. Civium Rüsch Ra
1336 567 1833 692 Dachselhoffer hoffstettern
1502 662 1770 783 Gastgricht.
1432 754 1713 866 soltingenn.
1304 823 1934 977 Alls den Anna dubach, sich ab Hans Bun
1322 890 1926 1030 dem jungen ehrem eheman erklagt,
1334 958 1940 1073 wie er syn verlaßen, zu finem vatten
1314 1002 1927 1132 zogen, und sya mitt einem khind s
1331 1056 1920 1186 sy beide mitt einanderen erzüget
1316 1112 1930 1234 hilff und trostlos sitzen lochten, und
1319 1183 1917 1305 dhein narung zugeschaffet, neben
1319 1243 1914 1364 dem, so sye er an heimlichen orten
1320 1296 1916 1414 mitt der bösen suchte und clag der
1294 1336 1906 1458 franzosen verhafft gsin, daru
1308 1425 1895 1525 man wol und gnugsamlich
1315 1468 1899 1596 erkennen mögen, das er solliche
1302 1508 1873 1623 by frömbden wyben ererbt
1290 1574 1889 1682 werdt haben, dann sy gott hab lob
1303 1624 1895 1738 nie damitt verhafft gewesenn
1270 1690 1905 1804 begärt derhalben von ime aller ehrlichen
1286 1741 1900 1863 banden und pflicht von ime uffgebeht
1274 1813 1902 1926 ze werden entgegen er nitt abfie
1272 1860 1900 1994 khönnen, dan das er ja mitt gesagte
1273 1938 1876 2056 bosen plag behafft gsin, und anzeigt
1276 1999 1869 2101 wieser wol möchte gefeltt habenn
1273 2070 1879 2175 Wan wir es für ein fäller erkenntn
1276 2118 1866 2245 khonnind, sy aber habe ime wenigen
1268 2169 1856 2304 und vergeben und vermeint, sy
1278 2241 1809 2370 verners mitt Ime hus halten soltte,
1262 2293 1846 2420 cognitum, die wyl sich us relation des
1266 2344 1848 2487 natur erfharnen meistere zu dem
2580 320 2688 411 145
2045 392 2715 530 er Bruni geschikt worden, erfunden, das
2053 457 2689 579 er an deren heimlichen ortten, und enden
2041 500 2695 650 mitt der gesagten bösen sucht behafft gsin,
2026 573 2683 697 das man die one bywonung unreyner
2052 612 2674 749 wyberen, nitt erlangen mag und er
2046 680 2692 811 sin husfrouw nitt beschuldigen können
2039 748 2693 873 dorcht damitt befleckt gsin sye, son¬
2020 810 2692 930 ders nitt verlougnen können, dan ero
2020 869 2671 1014 ja anderswo bekhomen, und sich der
2023 933 2694 1063 Ehebruch der gstalt uff inne beschienen
2024 1003 2660 1129 das der derselb mitt keinem schyn
2035 1078 2691 1170 der werheitt mag verlougnet werden,
2006 1137 2670 1257 daß deßhalb sy aller ehelichen banden
2010 1195 2680 1300 von ein anderen uffgelofft, und innen
2011 1268 2664 1375 verpott sin solle sich widerumb ander¬
2015 1332 2674 1420 fort zeuerehrlichen, ira 1. imme aber
2010 1383 2667 1497 ti jar lang, er soll ira das kheid
2009 1457 2657 1562 abnemmen, und für das sin in gottes
1991 1518 2674 1623 forcht erzügen, denne auch ira allen
2000 1586 2683 1703 zimlich billich kosten, diser schidigung
1995 1648 2466 1762 halb uffgelieffen, abschragen.
2204 1768 2299 1854 chun
2005 1810 2643 1915 dr schultheissen zu thun, solle ge
1991 1876 2622 1977 meltten Bruni, mitt 20. tagiger
1973 1924 2471 2031 gfangenschafft straffen.
2140 2006 2320 2090 Signouw.
1964 2058 2665 2158 anvogt zu Signouw sölle Uli Host den
1967 2118 2612 2223 Müller zu Asch- und Barbara Henni
1981 2171 2631 2262 sin übel versierende husfrouw, uff
1978 2227 2673 2340 mittwuchen nechst khünfftig, sampt den
1980 2265 2633 2363 so sy am corgricht zu Signouw gegen
1966 2314 2648 2409 ein anderen geklagt, sampt der khundt.
1957 2358 2654 2456 schafft sag und bericht gesagte ehlütt
1968 2419 2677 2515 huns. Wandels und hushaltung waren
1969 2480 2659 2554 ime deßhalb in wüssen sin mag und er
1981 2519 2668 2619 von den nachpuren vernemmen mag, alhar
