4032 3024
1312 394 1422 492 356.
1538 439 1751 542 horberg.
1351 488 2007 641 Sölle obuermeltten Geörg Brügger
1366 549 2002 680 und Cathrina Schwartz, jedes mitt
1340 598 2015 747 fürst tägiger gfangenschafft straffen
1512 700 1756 806 Coppingen.
1344 749 1999 910 An Fryweybel und gantz Chorgricht
1363 840 1994 958 zu Coppingen, sollind uff eini Rütt
1715 911 1783 950 dar
1352 901 1987 1012 welcher sich gar eherlich mittlicht.
1350 945 2012 1058 fertiger nambsung zu jedem wortt
1356 1011 1999 1137 vnd in allen sachen, in wirtshüse
1339 1066 1980 1178 ren vnd sonst. Ich glaub in gott.
1354 1119 1979 1239 vnd dannothin das er znacht Im
1357 1184 1977 1282 wirthue, und sonst wan er heim
1353 1241 1992 1344 gatt, ein wust khu gschrey brucht,
1341 1291 1991 1414 das mengklicher sich darab geerge¬
1358 1345 1980 1442 rett, vnd dem predicant in allen
1349 1400 2011 1516 sachen widerstrept, ein flyßige
1370 1454 1965 1563 vffstechen haltten, vnd wan sy
1345 1512 1978 1619 derglychen sachen mer von Ime
1339 1578 1989 1678 gespürren wurdind, mine herren
1342 1632 1657 1738 derselben berichten
1540 1766 1715 1858 Seppingen.
1307 1812 1983 1914 zwüschen herren Sebastian Eyen, dem
1315 1870 2003 1956 predicant zu Coppingen an einem unnd
1329 1915 2006 1990 A Rüll seinem kilchgnoßen am anderen
1324 1955 1955 2039 heill, welcher welcher den einen
1321 2001 1989 2075 gotten vergebenlich nambset vnnd
1324 2051 1985 2144 zu jedem wortt seytt, Ich glaub in
1324 2095 1982 2189 gott, gott es giltt, gott ja gott
1318 2154 1977 2241 nei, denne das er by nechtlicher
1320 2199 1973 2288 wyl im wirts huß, und wan er
1320 2252 1957 2351 daruff gang ein wüst thu gschwei
1321 2303 1965 2399 fhüre, das mengklich sich darab
1342 2361 1981 2446 ergere und niemann wüßen was
1345 2410 1994 2495 es sye, welches im Rüttin leid ist
1342 2463 1985 2548 mitt pietten, das solliches nittmer
1345 2519 1916 2615 von ime sölle gehört werden.
2646 377 2736 456 357
2108 418 2785 542 Ist erkent, das Rütti sich fürhin solliche
2112 495 2768 600 lichtfertiger nambsung des nammen gottes
2126 525 2769 644 by schwärer straff abthüge, sich auch das
2112 577 2760 691 sohn gschreys müssige und an anderen
2120 640 2757 737 sinen kelch gueten, die ettwan gar
2121 689 2766 781 ruch vor inhin von unseren gnädigen
2112 739 2768 842 herren von irer leppigkeyt und
2106 799 2743 901 boscheytt, so sy an dem predicant
2128 849 2764 951 vnd sinem gutt bewisen, gestrafft
2131 907 2781 993 worden, ein exempel nemmen, sonst
2137 970 2785 1068 wo sollches mer von Ime soltte zu klag¬
2123 1028 2759 1118 khomen, wurde man inne miners
2119 1082 2785 1177 Herren verzeigen, und soller sich fründen
2117 1139 2772 1228 tlicher, vnd eher erpiettiger gegen
2124 1192 2745 1277 sinem predicant erzeigen, und er
2109 1239 2761 1340 der predicanten, Irere Kluffner sach
2123 1303 2780 1397 ouch mitt engeltt lagen, vnd Inne
2096 1357 2771 1460 für einen kilchgnossen erkennen
2107 1413 2748 1505 Er hatt michen herren zu straff ein
2101 1469 2602 1576 guldi in büchsen gelegt.
2217 1537 2420 1658 Lüschert.
2088 1636 2762 1762 Anni Schwab, ist ehelicher zusagung
2096 1683 2677 1788 so sy durch person von Eschugg
2103 1734 2724 1851 gethan, und aber den kilchgang
2104 1798 2723 1896 noch nitt verbracht, von wegen
2107 1824 2748 1954 das er morndes zu einem houpt¬
2109 1893 2742 2012 man dinget und in krieg zogen
2107 1932 2721 2053 gelediget, und ira erloupten das
2083 1985 2724 2114 sy sich anderfart verehelichen möge
