4032 3024
1319 464 1897 571 s anzeigt, wie ein man ime nitt
1303 539 1919 641 wytt von Krauchthal begegnet, der
1313 592 1904 688 selbig hätte ime fürgeben er wäre
1305 650 1919 762 auch us dem argöüw und hiese hans
1304 707 1907 818 Jacob des zunamen und ortt waren
1319 762 1915 870 ime unbeküffet, derselbige es bereit
1310 823 1907 931 das es sines willens gepflägt,
1306 895 1889 979 und von imme schwanger worden,
1296 948 1927 1063 Denne habe es ein sak mitt lumppen
1298 1008 1888 1111 gan Singringen tragen wellung
1317 1068 1892 1159 sye es uff dem underen breytt
1302 1125 1879 1221 feld damitt gefallen, vnd habe
1303 1185 1883 1279 Demnach nitt widerumb uff
1297 1250 1883 1344 khommen mögen, dan das es sich
1306 1317 1877 1405 vberburtt, das sye die Vrsach
1289 1371 1856 1476 das es zu frey genegen, hatt
1307 1438 1904 1520 abbüst, und ist verwarnet solle
1305 1480 1887 1592 sich fürhin vor huri musicken
1460 1626 1703 1731 frutingenn.
1288 1689 1916 1806 Barbli Lienhart begärt der schidigung
1304 1758 1856 1846 ab Geyer boller irem eheman,
1306 1810 1880 1903 mitt anzeig, wie er Cristina Gru¬
1299 1855 1898 1954 ner nachts und tags vil nachgang
1296 1904 1887 2002 gen, und gestenden, dargegen er
1299 1954 1878 2042 offnen Ehebruchs nitt anred sin
1289 2010 1878 2091 wellen, hatt sich dem nach gemeltte
1316 2061 1862 2151 Barbli begeben verneren versuchte.
1305 2116 1839 2209 thun mitt Ime huszehaltten
1299 2169 1887 2279 welches man dem ehegricht zu
1301 2224 1895 2339 früttingen zugeschriben, mitt vermelden,
1290 2293 1896 2408 das mine herren, sin Bollers mitt
1290 2341 1917 2484 ina der gesagten Cristina gebrucht
2493 327 2614 409 175.
1975 378 2629 550 wickelschliffen für ein offnen Ehebruch
1992 419 2649 614 gerechnet, der halben solle er mitt etc. tagige
1997 498 2632 656 gefangenschafft gestrafft werden, itemn
1997 560 2628 711 solle er disen ersten, so sy mitt diser
1997 632 2609 785 sach erlitten, us sinem gutt und
1997 695 2621 838 nitt uß der frouwen bezallenn
2002 737 2617 910 welches er angelopt, hieneben ist
1989 827 2617 967 her auch anzeigt worden, wann
2003 888 2617 1009 ermer mitt gesagter Cristina
1988 946 2620 1089 in winkel und schürren schlüffen
2008 1016 2632 1150 wurde, und es soltte geklagt
2004 1067 2626 1192 werden, wurde man nitt für
1995 1145 2636 1274 khonnen können, an der frouwen
1991 1228 2489 1351 ir recht erganzelaßen,
2145 1344 2381 1445 Frutting
1966 1391 2634 1503 der Castlan, solle dem Venners
1998 1455 2661 1567 Rytter anzeigen, das er minen
2008 1521 2670 1621 herren, die zwo kronen, so hans
1998 1582 2672 1691 Rytter den jungen zu bug uffge¬
1988 1652 2668 1766 legt worden, abhin schiken, sonst
2016 1726 2640 1827 werde man nach mittlen trach
2014 1785 2681 1883 wie man dieselb yn khommen mögen
2141 1893 2383 1984 Rossoniere.
2014 1956 2680 2072 Pierre Martin als vogt Graudat Monsier
2005 2050 2673 2133 klagt gegen Jeronime mossier, vonn
2018 2106 2616 2186 öß, wie er ime und der dochter
2015 2134 2682 2235 fründen vom vatter har hinderruks
2008 2203 2644 2288 die dochter zugefürtt, das sy ime
2012 2258 2655 2343 die Ehe verheyssen, vnd obwol der
2002 2311 2681 2388 dochter mutter darby gsin, vnd darun¬
1998 2370 2698 2465 bewilliget, so habe sy doch degen dhein
