4032 3024
1410 330 2022 561 a. den Herren eine
1405 412 2016 614 dlichen angelegen
1409 470 1798 599 dit. linind besche
1566 547 1781 674 Beüwe
1414 619 2002 779 die ehe ansprach, so Jeanna monet
1424 685 2008 832 von Cochon by thon, an Gabrich
1408 732 2009 880 du carre gesucht, Ist in bedencken
1401 779 2020 927 das sy dheim Kundtschafft darumb
1397 858 2012 987 gehapt uffgehept, und iro jeden
1412 902 2006 1034 erloupt, das es sich anderfartt
1367 958 1992 1104 Behelich mögen denne soll jede
1402 1040 1995 1161 parche Iren erlittnen ersten
1386 1101 1800 1201 an daselben haben.
1396 1198 1983 1327 Mittwuchen den 12. Septemb.
1394 1276 1983 1380 1194. 2. Praeses herr Balthart
1385 1329 1976 1418 Cons. 8. Baldi minist. ambo.
1384 1389 2016 1478 Cinin Rüsch dachselhofer zechend
1405 1443 1702 1540 Wiechselman.
1547 1550 1790 1652 Bollingen.
1381 1629 2004 1748 Anaman zu Bollingen, solle Niclaus
1378 1708 2003 1805 Bientzen uff nechst khünfftig mittag
1387 1763 2003 1855 alhar tagen, damitt er von wegen
1402 1822 1970 1910 siner erzeigten ungehorsame
1386 1874 1986 1961 gestrafft werde, denne soller an
1384 1933 1997 2027 In das jhenig hus zu deißwyl gen
1384 1988 1984 2080 darin agnes seinen von Baris
1383 2043 1994 2140 wyl khindts genesen, vnd das
1393 2104 1999 2192 khindt Hans Geörg von Oberbe
1379 2161 1999 2257 geben, und dem huss vatter gepieten
1378 2225 1982 2321 das er sy nitt vslage, sy habe
1386 2285 1980 2381 dan alhie abbüst, vnd soll er sy
1402 2344 1644 2438 alhar vermogen
1566 2416 1827 2533 Kraucht all.
1383 2449 1980 2569 an, das Chorgricht, sollind Hann
1400 2535 1984 2614 Bor von Oberburg, welcher by d
1393 2585 1987 2659 leman, ein unehrlich kind erzüge
1397 2627 1985 2709 alhar vermögen, sinen faller als
2648 400 2748 504 359.
2246 441 2356 551 thun
2121 495 2771 609 zwüschen Caspar Murri von Thun
2116 553 2782 649 und des lengen Vogels dochter von Scher.
2118 603 2762 690 litzen, welche beide Anna Schoffe
2133 660 2765 752 von Blumenstein ungen lassen, alls
2135 708 2772 806 solltind sy fleyschliche werth nicht
2144 768 2789 858 einanderen verbracht haben, hatt
2123 819 2774 912 man, u der khundtschafft nitt funden
2119 881 2761 975 khönnen, das sy bywonung mitt ein
2117 926 2764 1022 ander gepflegt, und desshalb inne
2117 989 2755 1091 murr, deselben absolviert unnd
2105 1055 2609 1159 ungestrafft lassen vngang
2314 1161 2449 1246 vinis
2137 1201 2704 1297 lande Dorey klagt ab Clauda
2121 1279 2740 1371 Chappellan siner hußfrouwen, wie er
2115 1338 2722 1418 sya für ein reyne dochter genommen,
2110 1383 2754 1474 die sy aber nitt gsin, dan sy in 20 wuchen
2098 1451 2717 1538 nach irer ehelich versprechung eines
2102 1501 2747 1591 khindts niderkhon, daselbige auch vol¬
2096 1557 2731 1645 gendts einer anderen mans personn
2092 1616 2733 1715 von Blonay, zugeeignet, vnd Inne
2097 1679 2739 1776 hiemitt hochlich dargesetzt, vnd betrogen
2108 1742 2741 1838 und deshalb die schidigung begärt entgegen
2090 1802 2741 1904 sy des klagten fällers nitt absin können,
2089 1868 2721 1968 welcher ira von hertzen leid und
2101 1935 2695 2031 hatt Gott den herren, ein gnädige
2101 2002 2711 2080 oberkeyt, vnd iren Eheman vmb
2093 2065 2708 2142 verzychung gepätten, sy vermeint ouch
2088 2114 2733 2205 wyl der fäller, vor und ehe sy zesammen
2092 2177 2718 2274 khommen, und sy sich by wyl irer Ehe
2094 2241 2730 2333 wol und eherlich gehalten, das er kein
2084 2295 2697 2382 klag ob ira nitt fhüren können, so
2088 2342 2704 2440 sollte ine kein schidigung ervolgen er
2086 2397 2722 2489 aber hatt ira nitt verzychen wollen etc.
2080 2455 2696 2533 cognitum, die wyl sich uß dem er
2097 2500 2720 2599 zügten khind, so zu zwentzig unchre
