4032 3024
1258 326 1391 418 220.
1382 399 1997 582 slen er den halter aber anden,
1402 479 1987 626 erlouptung erlangen, und stellen
1380 548 1981 699 die person, so er zu ehelichen willen
1364 605 1974 744 degen vnangesechen, hatt er einer
1389 706 1970 843 genampt Frena Studer, die Ehe
1387 775 1969 894 verheysen, ist hierüber er¬
1372 832 1971 969 kent worden, die wyl die satz
1374 918 1966 1030 ung, denen personen, so erloupt
1379 996 1949 1121 nus vor der ehe versprechung
1366 1054 1931 1171 nemmen sollen, wan sy es nitt
1367 1118 1955 1268 thund, wie diser ouch nitt than,
1360 1210 1924 1322 dhein ehe nitt zu last, sonders
1359 1288 1960 1397 was schon beschechen were, krafftlich
1355 1349 1946 1469 sagt, daß deßhalb dise ehrber
1351 1430 1944 1552 heihung widerumb uffgehept,
1348 1514 1929 1608 und nitt geltten solle, sy mag
1324 1572 1941 1691 sych angentz anderfart vehelich.
1303 1651 1915 1766 Er soll aber nochmallen under den
1334 1728 1895 1837 ersten vorbehaltt gebunden sin,
1324 1799 1912 1917 nemlich das er die person stelle,
1328 1865 1916 1970 so er zu ehrlichen überhabens wäre,
1317 1925 1926 2032 vnd werde ime erloupt, denne soll
1326 1992 1902 2100 er ira von wegen er one vorer.
1312 2049 1942 2170 langk erlouptnug, sich verehelichet
1313 2120 1921 2225 Na allen zimlich billichen rossen, ob
1298 2186 1912 2287 thragen, und die wyl sy schon den by
1330 2235 1924 2359 laff mitt ein anderen gethan, ist
1295 2292 1895 2410 erkent, wan sy durch selben ge
1307 2357 1906 2489 zwengeret wäre, und sy ime das
1302 2406 1928 2541 khind geben wurde, sol er es ira ab
1298 2465 1921 2619 nemmen, und für das sein erzüchen, und
1299 2523 1861 2690 diensten in der die in sonder
1314 2571 1650 2715 sendenen ausricht
2571 338 2656 419 331
2237 398 2382 468 Belpp
2079 409 2675 563 Bendicht Balfinger der wirtt zu
2097 455 2734 621 Belpp, welcher von wegen vilfaltiger
2089 527 2636 672 huri, so er mitt dichtli Heini
2099 563 2724 702 reuli springen uff der furren huss
2076 628 2735 787 frouw getheilen, mitt zechen tagiger
2087 708 2679 834 ger gefangenschafft gstrafft worden
2057 752 2712 899 Ist uff hütt uffgelassen, und vermant
2068 811 2701 948 worden, das er sich fürhin gesagt
2062 889 2685 1015 dichtli müssigen, und weder ehe¬
2068 938 2690 1059 noch Ringkhen mer solle, sonst wer
2043 1001 2659 1109 de man inne mitt genseren g
2057 1072 2413 1187 herren verzeigen.
2154 1181 2462 1294 Verzenbalm
2031 1241 2687 1366 Hans Cristen, hatt fünff tag, inn
2042 1334 2669 1432 pfangenschafft gebuhrt, von wegen
2036 1386 2670 1468 er Anna Rondet der Ehe nitt
2047 1445 2689 1545 bekhandtlich sin wollen, sy aber
2041 1505 2279 1606 beschlaffen.
2208 1613 2414 1689 Thurnen
2034 1659 2648 1774 frei Schärer, so Uli Kantz
2065 1730 2689 1829 von Hierracheren kein vnehe¬
2062 1795 2692 1888 lich khind geben, hatt von selbige
2057 1854 2592 1960 füllers wegen abbüste.
2177 1970 2329 2067 Spietz
2048 2020 2698 2129 Der schuld heis zu Spietz, soll Steffan
2060 2098 2699 2187 stellen, von wegen er Frena Studer
2054 2151 2667 2233 vor erlandter erlouptnus die ehe
2047 2205 2677 2300 verheisen, und sy ouch wol precht
2032 2264 2717 2344 das er dhein erlouptnus, noch nitt
2048 2322 2710 2417 usbracht gehept, jedes mitt fünff
2039 2375 2701 2481 tagier gefangenschafft straffenn
2036 2437 2695 2545 Item ouch Barbli Grotz glyche
2055 2496 2667 2577 anzal tagen mitt gfencknus
2049 2544 2653 2643 züchtigen, von sy sich selbs der
2040 2597 2358 2682 hur angeben.
