4032 3024
1446 464 1693 585 gampellen.
1297 560 1895 660 Cristen pfosen von Erlach spricht der
1312 628 1911 724 Ihe au Margrett meister von Gangele
1307 676 1904 771 mitt anzeig, wie sy ime dieselb uff
1303 718 1900 817 gfallen. Ires 920t vatters brüderen
1298 765 1903 859 und mutter verheysen habe, als ein
1314 821 1914 925 er solichen willen by ira gspilen
1303 889 1912 970 habe er mitt dem grosvatter, vnd
1327 928 1889 1025 petter meister irem bruder rech
1309 979 1906 1089 lassen, die imme zu bscheid geben, wie
1327 1046 1904 1133 es numen khon soltte, er brüder
1308 1102 1915 1204 und das meittli warend guttwillig
1309 1157 1881 1252 allein die mutter sperre sey, sy
1297 1214 1902 1317 wellind sy aber bereden, das sy
1310 1275 1895 1376 Iren willen darzu geben werde,
1311 1335 1882 1422 mitt pitt an vns wir ime die
1324 1390 1895 1505 selb zusprechen weltind, zuge
1317 1456 1876 1561 erschein auch, Cristen Kocher,
1310 1528 1908 1615 und gab zu verstand, wie gemelte
1317 1585 1902 1673 Margrett meyster auch die Ehe
1336 1640 1906 1743 uffrecht und redlich zugesagt
1328 1712 1889 1797 ein sonen Cronen, von ime
1313 1760 1912 1861 daruff empfangen habe, mitt
1327 1819 1923 1921 begär, das sy ime daselb ein zu sagen
1344 1895 1928 1981 haltte. Entgegen die verantwor¬
1344 1950 1931 2049 terin zuwendt, wie gesagter pfori si
1340 2009 1923 2104 umb die ehe augsprochen, sy habe ine
1345 2062 1912 2170 aber zu antwortt geben, wie sy
1338 2118 1915 2222 one ires großvatters mutter, vnd
1350 2182 1940 2272 brüderen wüssen, und willen nie nach
1363 2239 1918 2338 verheiten dorffe, und was die selb
1355 2292 1937 2409 sy heysen werden, muge sy innen
1357 2358 1940 2466 wol volgen, da nun Ir mutter
1358 2415 1953 2550 niemals Iren willen darzu geb wollen
1359 2468 1921 2612 und vermeint nitt das es ein ehe
2513 338 2598 425 137.
1965 384 2584 569 schon des er allen er sein
1961 456 2595 621 erkent werden. So vill aber deß
1977 509 2595 678 gesagten kocher ehe ansprach anbe¬
1982 574 2602 736 langer syn dieselb uffrecht und
1978 622 2633 795 begär ime in zusagen zehalten. Cognitum.
1957 678 2611 854 Diewyl der dochter mutter, alls
1980 756 2611 905 pfosten der kleger selb anred worden.
1976 808 2639 943 niemals iren willen zu gesaget
1970 867 2640 1018 eheversprechung geben wollen, das
1988 916 2648 1069 deßhalb sy von imme pfosen ledig und
1972 998 2629 1109 ihme erloupt sin solle, sich andern
1974 1049 2652 1197 fert zeuerehelichen, die versprechen
1994 1107 2640 1229 aber gegen imme kocher krafft haben
1998 1175 2668 1291 und sy innerthalb den nechst khomenden
1995 1232 2633 1345 vierzeihen tagen, den kilchgang
2001 1295 2645 1384 mitt ein anderen volnbringen
1992 1356 2654 1448 denne soll der altt käch, wyl er
1991 1403 2624 1502 ime pfosten tag angsetzt, das er
2003 1451 2614 1565 khon soltte, den anzognen Ehe¬
2001 1507 2657 1615 handel ze beschließen, hieneben
2018 1549 2644 1667 ouch vmb kochers anwerbung
2027 1611 2686 1708 wol gwüsst, und der consentiert
2022 1665 2635 1770 das das meittli, Ime die Ehe
2015 1712 2651 1837 versprechen möchten, ine pfostein sach
2028 1790 2689 1885 einem eignen gutt, allen zimlicher
2008 1845 2671 1943 billichen ersten die ehe handels halb
2023 1902 2452 2013 uffgelüffen abthraffen.
2137 1981 2437 2069 Wichtrach
2041 2052 2663 2134 An das Chorgricht zu Wichtrach
2057 2107 2661 2179 Illind Cristen Fracher uff nechst
2040 2157 2715 2239 kunfftig mittwuchen alhar tagen
2259 2206 2382 2291 Gel.
2029 2245 2719 2356 Item auch an das Chorgricht zu
2051 2312 2727 2405 Belp sollind Elsi feller uff negst
2050 2368 2688 2452 khommender Wittwuchen, alhat
2073 2424 2744 2504 vermögen, die wortt, so zwüschen
2056 2461 2707 2556 Ira, vnd obgesagtem Erlacher
2063 2525 2701 2617 verlüffen versprechung der ehe
2059 2572 2547 2674 halb usfündig zu machen,
2696 1266 2730 1312 de
