4032 3024
1259 376 1354 474 375.
1374 417 1943 555 frytag den 14. junii 1694.
1375 496 1989 623 Praeses Herr Galdi Conr Herr walt
1397 548 1980 667 hart minist. Herr Abgaller eine
1382 583 1987 725 Dachselhofer, zechender Wiechselman
1582 684 1880 791 Chun schorren
1370 746 1979 862 Hanns Meyer von Schorren, welcher
1404 796 1963 912 sich mitt Euli Gasser zeuersche¬
1375 855 1982 964 lichen begärt, ist ime dasselbige
1388 903 1974 1011 abgstrickt, die wyl sy by lebene
1399 957 1990 1066 siner vorigen husfrouwen mitt
1386 1018 1990 1127 einanderen hur gethriben, und
1379 1073 1984 1202 gestrafft worden, und sollend sy
1402 1132 1968 1253 fürhin einanderen müssig gan
1382 1194 1975 1308 sonst wo wytter hur und er¬
1392 1253 1935 1365 gerliche zesamen wandlung
1402 1309 1980 1406 von inen offenbar wurde wer¬
1377 1367 1939 1480 de man sy mitt aller rüche
1398 1421 1601 1516 straffen
1536 1498 1682 1611 Conies.
1388 1582 1968 1669 Johan Blanc von Domies. Ist ein Citatio
1392 1638 1966 1711 zu 14 tagen, wider zugette Bouet
1381 1684 1959 1757 von Orbaz, sin hingeloffne ehefrouw
1385 1724 1960 1801 mitt Johan Prevost, verwilliget,
1381 1774 1958 1843 und wan sy ime ob dem anzogne
1374 1813 1966 1898 zytt, mitt antwort mitt begägnen
1378 1861 1962 1939 wurde, soll er von ira gescheiden.
1378 1907 1973 1996 und ime erloupt sin, sich anderhart
1369 1960 1939 2041 verehelichen mögen, ob sy aber iure
1371 2002 1943 2082 nitt begägnen wurde, soll alle
1351 2049 1939 2147 dan ein ersam chorgricht zu
1366 2107 1956 2199 yner sy alhar wysennen, dis ist an
1357 2158 1940 2241 das Consistoriis zu yuerden geschriben
1366 2205 1618 2281 wordenn.
1554 2278 1732 2372 yuerden.
1367 2342 1935 2426 Anthoine Leurat. Ist erloupt, die
1358 2394 1919 2477 wyl ir eheman elande Barbag
1356 2442 1928 2541 von Pommen, nun in die 7. jar von
2602 353 2705 446 273.
2086 404 2762 549 ira usbliben, und sy von villen personen
2112 469 2739 594 verstanden, wie das er umb grenobte
2104 531 2729 631 von puren erschlagen worden, und
2105 570 2723 683 es, der warheyt glych sicht alle
2110 632 2713 743 ob er thod sye, das sy sich ander
2091 695 2722 811 fart verehelichen möge, darumb
2081 733 2754 881 Ist ira ein offner brieff geben worden.
2187 864 2386 979 Seüws.
2087 918 2752 1027 Alls den Anthoine fernet, von Mordien
2105 995 2745 1070 uss Burgund, eine genampt frauwer
2160 1039 2739 1117 den vogty gent versprochen gehapt
2087 1059 2156 1121 v
2082 1083 2714 1174 doch uff vorbehalt, das solliches iren
2089 1145 2740 1223 gutten fründen gefellig sye, welche
2094 1183 2718 1266 ime aber dieselb nitt wollen gefolgen
2083 1238 2709 1326 lassen, und sy deshalb ime die gab
2101 1293 2714 1379 alls namlich ein haben, unnd
2088 1345 2720 1427 guffen widerbekhert, dahar er
2102 1397 2721 1492 vermeint von ira lidig sin und
2092 1457 2734 1541 daruff hin Plandina Jochon von
2093 1512 2723 1590 Neüws mitt Consens Irer fründe
2090 1564 2741 1635 geehelichet, da aber ein Consistorium
2084 1608 2700 1689 daselbs ime den kilchgang nitt
2076 1655 2730 1747 gestatten wollen, und inne für mine
2086 1708 2695 1794 herren die Chorrichter gewisenn
2071 1760 2729 1844 Cognitu, diewyl die Ehe, so er mitt
2091 1811 2739 1898 Francoise getroffen, conditioniert
2082 1858 2716 1946 gsin, vnd durch die conditionenn
2078 1916 2720 2001 von ira selbs uffgelöst worden, sye
2085 1966 2720 2057 ouch imme die gaben widerbekhert, so
2090 2014 2694 2106 solle deßhalb dieselb nütt gelten, die
2092 2073 2700 2156 aber so er mitt der Smeltten Tochon
2075 2127 2706 2220 gethroffen, in krefften blyben, und sy
2071 2173 2736 2262 den kilchgang mitt einanderen voln
2059 2226 2686 2306 bringen mögen, darumb ime ein
2075 2272 2430 2349 offner brieff worden.
2244 2331 2692 2425 Hans Stoß von Müllenberg
2070 2373 2753 2488 Ist von der mitt einer dirn genampt
2072 2446 2716 2519 Anna Steiner von Langnouw, vnd
2067 2480 2716 2553 kusheitt getheit, mitt v tägiger
2061 2514 2705 2616 gefangenschafft gestrafft worden.
