4032 3024
1277 360 1396 445 450.
1399 423 1986 571 an landtvogt zu inderlegeren
1416 498 1987 623 solle, sy beide, jeden mitt fin
1413 553 1986 684 tägiger gfangenschafft straff
1501 658 1767 765 Bimplitz.
1374 699 1980 865 der preditant und Amman zu
1392 791 1980 903 Bimplitz, habend von Niclaus
1409 846 1982 947 Stytt, ouch von Simplitz an¬
1405 904 1989 1002 zeigt, wie er in seinem zech
1402 952 1979 1069 geredt, er gloube nitt, das
1405 1017 1959 1116 Gott der Herr vnd Vatter
1394 1080 1961 1176 ein son habe der für ung
1400 1136 1949 1235 gelitten habe, sondern es
1383 1194 1946 1301 habe Gott der vatter selbs
1375 1257 1964 1359 für uns gelitten, welches
1385 1317 1971 1428 aber ime leyd sye, begären sich
1396 1385 1966 1487 aller underwysung zeunder
1402 1443 1946 1532 werffen. Ist darüber ab¬
1377 1502 1954 1599 geratt worden, man sollen
1365 1561 1953 1666 dise sach an ein hochen oberkeyt
1375 1637 1947 1739 gelangen lassen, ob sy inne
1372 1696 1961 1810 straffen, oder aber iren diener
1362 1766 1955 1876 denn den chorrichteren, Inen
1374 1844 1946 1950 gestraffen übergeben wellind.
1501 1938 1694 2066 Künitz.
1340 2030 1957 2142 An Amman zu Künitz solle uff
1356 2107 1944 2213 nechst khünfftig, montag alhie
1372 2172 1961 2280 von Chorgricht erschynen man
1355 2239 1944 2352 habe ettwas mitt Ime zu rech
1535 2326 1651 2407 Bern.
1345 2355 1960 2465 Jacob Müller dem Steinhouwer ist
1352 2418 1943 2513 fürgehaltten, wie er Uli Glattz
1349 2459 1931 2581 manns frauw, in einer stoberken
2603 356 2706 428 251.
2099 412 2700 527 umb einanderen in glantzmang
2099 467 2710 568 matten gefürt, Item wie er in
2098 515 2719 642 glantzmans hin vill zeichen hatt
2087 568 2731 668 ders also versprochen, wie es ein
2097 613 2726 732 gwett goltten, aber sy die frouw
2097 667 2686 759 ode zur gefrouw, bis zum sod
2093 719 2726 838 stosen möchte, so vill aber furen
2093 774 2729 872 wandel in des glantzmans hin
2094 838 2715 944 belangen, zeigt er an glantz.
2100 900 2703 1007 man schike nach Ime vnd fin
2085 954 2749 1049 gutter bekhandter und beschechen
2090 1010 2739 1127 solliches uß keiner bösen meinung
2087 1075 2716 1171 errüttet, sich fürhin genampts
2082 1118 2716 1231 hich zu entzingen. Ist zugstelt und
2093 1177 2732 1279 soll harob ein wagner bein thor
2094 1232 2737 1344 so ettwas wüssens harumbtragen
2100 1307 2512 1393 soll, verhörtt werden.
2239 1402 2477 1502 Bollingen.
2031 1454 2717 1568 Zedel an zu redicant zu Bollingen
2066 1537 2713 1623 sölle, Hans Kobel von Oberburg,
2084 1589 2720 1667 und Barbli uttiger von Mattsten
2071 1635 2692 1729 stein anderes Widmanner ein
2079 1700 2698 1783 Schumacher von Bibrach, vnnd
2078 1756 2735 1853 Margrett Küngoldt von Beren
2071 1818 2660 1924 he bezogne ehe bestättigen.
2224 1907 2368 1987 Bern.
2065 1949 2721 2051 uff den rhat zedel, so einem ersammen
2075 2023 2716 2094 Chorgricht zu khanen, das man heim
2082 2065 2697 2139 rich den Trummetter und sie
2086 2115 2736 2202 hußfrouw, mitt dry tägiger gefan¬
2071 2168 2718 2258 igen schafft straffen solle, ist anderen
2083 2228 2714 2303 erstattet, und ime anzeigt worden
2086 2278 2732 2365 das er sich sines volfuffens tobens
2083 2330 2710 2420 und wettens entzüche, dan wo
2090 2394 2739 2484 es mer von ime soltte geklagt werden
2083 2434 2712 2552 wurde man ime passportten
2085 2487 2247 2566 geben
