<?xml version="1.0" encoding="UTF-8" standalone="yes"?>
<PcGts xmlns="http://schema.primaresearch.org/PAGE/gts/pagecontent/2013-07-15" xmlns:xsi="http://www.w3.org/2001/XMLSchema-instance" xsi:schemaLocation="http://schema.primaresearch.org/PAGE/gts/pagecontent/2013-07-15 http://schema.primaresearch.org/PAGE/gts/pagecontent/2013-07-15/pagecontent.xsd">
    <Metadata>
        <Creator>prov=University of Rostock/Institute of Mathematics/CITlab|PLANET AI GmbH/Gundram Leifert/gundram.leifert@planet-ai.de:name=German_Kurrent_XVI-XVIII_M5.2(htr_id=38305)::::v=2.6.7
prov=University of Rostock/Institute of Mathematics/CITlab|PLANET AI GmbH/Tobias Gruening/tobias.gruening@planet-ai.de:name=de.uros.citlab.module.baseline2polygon.B2PSeamMultiOriented:v=2.6.7
prov=University of Rostock/Institute of Mathematics/CITlab|PLANET AI GmbH/Tobias Gruening/tobias.gruening@planet-ai.de:name=/net_tf/LA73_249_0mod360.pb:de.uros.citlab.segmentation.CITlab_LA_ML:v=2.6.7
Transkribus</Creator>
        <Created>2021-11-02T15:14:21.122+01:00</Created>
        <LastChange>2021-12-05T14:43:38.866+01:00</LastChange>
        <TranskribusMetadata docId="822504" pageId="30662381" pageNr="146" tsid="69419576" status="IN_PROGRESS" userId="101542" imgUrl="https://files.transkribus.eu/Get?id=HVUIEPVNZBLRUNNYAPEESNTP&amp;fileType=view" xmlUrl="https://files.transkribus.eu/Get?id=XCDDPBHCSTRJNCGQBKSNNONO" imageId="24122452"/>
    </Metadata>
    <Page imageFilename="Foto 26.10.21, 3 07 37 PM.jpg" imageWidth="4032" imageHeight="3024">
        <ReadingOrder>
            <OrderedGroup id="ro_1687514396778" caption="Regions reading order">
                <RegionRefIndexed index="0" regionRef="r1"/>
                <RegionRefIndexed index="1" regionRef="r2"/>
                <RegionRefIndexed index="2" regionRef="r3"/>
            </OrderedGroup>
        </ReadingOrder>
        <TextRegion orientation="0.0" id="r1" custom="readingOrder {index:0;}">
            <Coords points="1296,319 1296,482 1394,482 1394,319"/>
            <TextLine id="r1l1" custom="readingOrder {index:0;}">
                <Coords points="1291,475 1311,472 1325,465 1333,454 1342,457 1352,453 1363,437 1378,435 1381,430 1388,435 1405,427 1394,350 1376,355 1360,345 1357,350 1336,349 1325,361 1318,356 1298,359 1292,355 1285,363 1274,364"/>
                <Baseline points="1296,432 1328,429 1361,422 1394,419"/>
                <TextEquiv>
                    <Unicode>284.</Unicode>
                </TextEquiv>
            </TextLine>
            <TextEquiv>
                <Unicode>284.</Unicode>
            </TextEquiv>
        </TextRegion>
        <TextRegion orientation="0.0" id="r2" custom="readingOrder {index:1;}">
            <Coords points="1344,453 1344,2435 1992,2435 1992,453"/>
            <TextLine id="r2l1" custom="readingOrder {index:0;}">
                <Coords points="1511,495 1563,518 1599,495 1621,518 1660,496 1758,513 1768,429 1754,425 1703,444 1646,419 1624,435 1596,429 1555,449 1518,431"/>
                <Baseline points="1523,480 1548,481 1573,482 1598,483 1623,485 1648,488 1673,491 1698,496 1723,501 1749,506"/>
                <TextEquiv>
                    <Unicode>Esanna</Unicode>
                </TextEquiv>
            </TextLine>
            <TextLine id="r2l2" custom="readingOrder {index:1;}">
                <Coords points="1397,529 1462,536 1502,573 1747,566 1797,600 1835,579 1995,636 2004,578 1912,530 1845,541 1687,498 1660,515 1604,501 1482,515 1440,486 1403,491"/>
                <Baseline points="1407,533 1436,534 1465,536 1494,537 1523,539 1552,541 1581,544 1610,546 1639,549 1668,553 1697,555 1726,559 1755,565 1784,569 1813,575 1842,581 1871,587 1900,594 1929,601 1958,609 1988,618"/>
                <TextEquiv>
                    <Unicode>Jacques viellet, von Losanna</Unicode>
                </TextEquiv>
            </TextLine>
            <TextLine id="r2l3" custom="readingOrder {index:2;}">
                <Coords points="1415,607 1464,621 1502,595 1518,616 1566,608 1618,647 1737,631 1804,667 1844,646 1868,662 1896,651 1969,701 1979,630 1952,633 1906,595 1884,609 1843,582 1797,600 1718,591 1633,560 1560,569 1490,536 1425,535"/>
                <Baseline points="1428,585 1454,588 1481,592 1508,594 1535,597 1562,599 1589,602 1615,606 1642,608 1669,612 1696,616 1723,619 1750,623 1777,627 1803,633 1830,636 1857,642 1884,647 1911,652 1938,658 1965,665"/>
                <TextEquiv>
                    <Unicode>so sin recht wider solichen</Unicode>
                </TextEquiv>
            </TextLine>
            <TextLine id="r2l4" custom="readingOrder {index:3;}">
                <Coords points="1399,668 1440,651 1496,679 1535,659 1582,694 1611,676 1673,701 1739,681 1780,711 1851,700 1999,747 2005,701 1954,698 1923,671 1895,680 1846,650 1806,670 1735,635 1601,642 1567,608 1454,620 1411,581"/>
                <Baseline points="1413,645 1441,648 1470,652 1499,656 1528,659 1557,662 1586,666 1615,669 1644,672 1673,675 1702,679 1730,682 1759,686 1788,691 1817,694 1846,700 1875,704 1904,709 1933,716 1962,721 1991,729"/>
                <TextEquiv>
                    <Unicode>birod von gruff ordenlich mitt</Unicode>
                </TextEquiv>
            </TextLine>
            <TextLine id="r2l5" custom="readingOrder {index:4;}">
                <Coords points="1403,723 1500,712 1569,737 1616,720 1897,796 1977,779 1982,738 1773,711 1747,685 1655,703 1411,657"/>
                <Baseline points="1416,705 1443,708 1471,710 1498,713 1526,716 1554,719 1581,721 1609,724 1636,727 1664,729 1692,733 1719,737 1747,740 1774,743 1802,746 1830,751 1857,755 1885,760 1912,764 1940,769 1968,776"/>
                <TextEquiv>
                    <Unicode>citieren, verfürtt, Ist von</Unicode>
                </TextEquiv>
            </TextLine>
            <TextLine id="r2l6" custom="readingOrder {index:5;}">
                <Coords points="1409,799 1502,787 1555,828 1597,833 1732,798 1990,860 1998,791 1901,799 1835,767 1754,779 1658,745 1619,764 1577,734 1459,752 1417,723"/>
                <Baseline points="1422,777 1450,777 1478,779 1506,780 1534,780 1562,782 1590,784 1618,786 1646,788 1674,791 1702,794 1730,798 1758,801 1786,805 1814,809 1842,814 1870,819 1898,822 1926,827 1954,833 1983,839"/>
                <TextEquiv>
                    <Unicode>ira abgescheiden, und ime erlauf</Unicode>
                </TextEquiv>
            </TextLine>
            <TextLine id="r2l7" custom="readingOrder {index:6;}">
                <Coords points="1401,856 1461,869 1517,846 1652,878 1717,869 1789,914 1869,892 1996,945 2006,860 1973,840 1945,856 1826,838 1801,809 1753,801 1623,813 1592,834 1497,791 1408,801"/>
                <Baseline points="1413,842 1441,843 1470,845 1499,847 1528,848 1557,850 1585,852 1614,854 1643,856 1672,858 1701,862 1729,864 1758,868 1787,872 1816,876 1845,880 1873,885 1902,891 1931,896 1960,904 1989,911"/>
                <TextEquiv>
                    <Unicode>sich anderfart zeverehelich</Unicode>
                </TextEquiv>
            </TextLine>
            <TextLine id="r2l8" custom="readingOrder {index:7;}">
                <Coords points="1386,933 1430,945 1511,923 1546,963 1685,937 1802,974 1903,961 1935,993 1958,988 1962,938 1913,915 1863,924 1831,898 1780,917 1719,869 1392,854"/>
                <Baseline points="1398,915 1425,917 1453,917 1480,918 1508,920 1536,921 1563,923 1591,924 1618,926 1646,928 1674,930 1701,933 1729,934 1756,938 1784,939 1812,943 1839,946 1867,950 1894,954 1922,958 1950,963"/>
                <TextEquiv>
                    <Unicode>er mag sich sines erlittnen</Unicode>
                </TextEquiv>
            </TextLine>
            <TextLine id="r2l9" custom="readingOrder {index:8;}">
                <Coords points="1402,994 1466,1005 1504,990 1554,1024 1688,1026 1733,1052 1942,1038 1969,1060 1986,996 1821,967 1692,972 1630,942 1545,962 1501,924 1439,956 1405,945"/>
                <Baseline points="1413,983 1441,984 1469,986 1497,987 1525,989 1553,992 1581,993 1609,993 1637,995 1665,997 1693,998 1721,1001 1749,1002 1777,1004 1805,1007 1833,1010 1861,1013 1889,1017 1917,1021 1945,1026 1973,1031"/>
                <TextEquiv>
                    <Unicode>costens uff irem gutt erholten</Unicode>
                </TextEquiv>
            </TextLine>
            <TextLine id="r2l10" custom="readingOrder {index:9;}">
                <Coords points="1374,1110 1478,1108 1542,1134 1614,1117 1633,1138 1734,1114 1814,1135 1878,1123 1915,1152 1993,1143 1996,1070 1958,1054 1854,1069 1803,1036 1687,1068 1658,1044 1584,1061 1505,1020 1484,1034 1442,1017 1404,1050 1378,1037"/>
                <Baseline points="1386,1098 1415,1100 1445,1103 1475,1104 1505,1106 1535,1107 1565,1109 1594,1110 1624,1112 1654,1113 1684,1114 1714,1115 1744,1116 1774,1118 1803,1119 1833,1121 1863,1121 1893,1123 1923,1125 1953,1127 1983,1130"/>
                <TextEquiv>
                    <Unicode>nn landtvogt zu Losanna solle</Unicode>
                </TextEquiv>
            </TextLine>
            <TextLine id="r2l11" custom="readingOrder {index:10;}">
                <Coords points="1402,1159 1533,1175 1658,1161 1677,1178 1713,1163 1947,1199 1949,1140 1912,1153 1881,1125 1787,1140 1735,1111 1653,1141 1613,1117 1539,1138 1484,1134 1451,1110 1404,1117"/>
                <Baseline points="1413,1154 1439,1155 1465,1157 1491,1158 1518,1159 1544,1160 1570,1160 1596,1161 1623,1162 1649,1163 1675,1163 1701,1164 1728,1165 1754,1166 1780,1167 1806,1169 1833,1170 1859,1172 1885,1173 1911,1175 1938,1176"/>
                <TextEquiv>
                    <Unicode>vermeltte gerod, wan sy</Unicode>
                </TextEquiv>
            </TextLine>
            <TextLine id="r2l12" custom="readingOrder {index:11;}">
                <Coords points="1403,1226 1449,1248 1531,1223 1726,1225 1800,1261 1847,1236 1979,1261 1981,1184 1961,1179 1911,1206 1834,1207 1799,1173 1714,1162 1631,1163 1607,1185 1576,1167 1534,1186 1490,1164 1405,1167"/>
                <Baseline points="1413,1214 1440,1215 1468,1217 1496,1218 1524,1220 1552,1220 1580,1221 1607,1223 1635,1223 1663,1224 1691,1225 1719,1226 1747,1227 1775,1227 1802,1228 1830,1229 1858,1230 1886,1232 1914,1232 1942,1235 1970,1236"/>
                <TextEquiv>
                    <Unicode>sich in das land lassen werde,</Unicode>
                </TextEquiv>
            </TextLine>
            <TextLine id="r2l13" custom="readingOrder {index:12;}">
                <Coords points="1381,1290 1518,1278 1653,1323 1739,1282 1759,1301 1867,1296 1931,1331 2003,1300 2005,1235 1967,1259 1933,1241 1878,1258 1846,1237 1801,1260 1725,1225 1604,1254 1532,1221 1383,1254"/>
                <Baseline points="1392,1274 1422,1275 1452,1275 1482,1276 1512,1277 1542,1278 1572,1279 1602,1280 1632,1281 1662,1281 1692,1283 1722,1284 1752,1284 1782,1286 1812,1287 1842,1287 1872,1288 1902,1289 1932,1290 1962,1290 1992,1290"/>
                <TextEquiv>
                    <Unicode>mitt dem Eyd daruss wysen</Unicode>
                </TextEquiv>
            </TextLine>
            <TextLine id="r2l14" custom="readingOrder {index:13;}">
                <Coords points="1576,1405 1597,1399 1609,1409 1631,1411 1652,1393 1698,1412 1721,1393 1737,1402 1759,1396 1771,1408 1786,1408 1786,1347 1753,1349 1739,1341 1727,1351 1691,1322 1654,1328 1624,1310 1601,1322 1577,1318"/>
                <Baseline points="1586,1382 1613,1382 1640,1382 1667,1382 1694,1382 1721,1383 1748,1383 1775,1382"/>
                <TextEquiv>
                    <Unicode>Schöfflen</Unicode>
                </TextEquiv>
            </TextLine>
            <TextLine id="r2l15" custom="readingOrder {index:14;}">
                <Coords points="1374,1456 1478,1444 1548,1467 1613,1444 1712,1476 1811,1456 1889,1479 1921,1462 1973,1471 1976,1427 1854,1414 1801,1386 1757,1418 1676,1405 1640,1421 1455,1361 1379,1379"/>
                <Baseline points="1386,1428 1414,1431 1443,1433 1472,1434 1501,1436 1530,1437 1559,1440 1588,1441 1617,1443 1646,1445 1675,1447 1703,1448 1732,1451 1761,1452 1790,1454 1819,1456 1848,1457 1877,1458 1906,1460 1935,1461 1964,1461"/>
                <TextEquiv>
                    <Unicode>Rudolff Sutter spricht der Ehean</Unicode>
                </TextEquiv>
            </TextLine>
            <TextLine id="r2l16" custom="readingOrder {index:15;}">
                <Coords points="1376,1491 1481,1503 1510,1488 1541,1520 1580,1507 1638,1522 1672,1497 1708,1521 1773,1507 1955,1527 1958,1468 1780,1481 1657,1472 1613,1446 1507,1466 1483,1446 1378,1444"/>
                <Baseline points="1385,1485 1413,1485 1441,1485 1469,1486 1497,1487 1525,1489 1553,1490 1581,1492 1609,1493 1637,1496 1666,1497 1694,1499 1722,1500 1750,1502 1778,1502 1806,1503 1834,1503 1862,1503 1890,1503 1918,1503 1947,1502"/>
                <TextEquiv>
                    <Unicode>Barbara Fretz, mitt anzeig, wie</Unicode>
                </TextEquiv>
            </TextLine>
            <TextLine id="r2l17" custom="readingOrder {index:16;}">
                <Coords points="1378,1548 1447,1560 1484,1543 1586,1578 1642,1557 1761,1578 1794,1555 1865,1575 1965,1559 1965,1527 1899,1515 1876,1530 1714,1522 1690,1505 1541,1520 1507,1491 1380,1489"/>
                <Baseline points="1388,1536 1416,1538 1444,1538 1473,1539 1501,1541 1529,1542 1558,1543 1586,1544 1614,1545 1643,1546 1671,1547 1699,1548 1728,1548 1756,1549 1784,1550 1813,1550 1841,1550 1869,1550 1898,1550 1926,1550 1955,1548"/>
                <TextEquiv>
                    <Unicode>das des meittlins mutter, Inne</Unicode>
                </TextEquiv>
            </TextLine>
            <TextLine id="r2l18" custom="readingOrder {index:17;}">
                <Coords points="1381,1595 1564,1601 1591,1631 1653,1610 1701,1629 1878,1607 1963,1630 1964,1581 1910,1565 1881,1579 1794,1556 1747,1578 1640,1557 1599,1578 1553,1556 1512,1566 1484,1542 1382,1562"/>
                <Baseline points="1392,1587 1420,1589 1448,1590 1476,1592 1504,1593 1532,1595 1560,1596 1588,1597 1616,1599 1644,1599 1672,1601 1700,1601 1728,1601 1756,1602 1784,1602 1812,1602 1840,1602 1868,1602 1896,1602 1924,1601 1953,1601"/>
                <TextEquiv>
                    <Unicode>villmalen ynzogen, vnd vnder</Unicode>
                </TextEquiv>
            </TextLine>
            <TextLine id="r2l19" custom="readingOrder {index:18;}">
                <Coords points="1386,1670 1512,1654 1571,1678 1594,1660 1693,1665 1717,1688 1851,1662 1975,1673 1976,1625 1875,1612 1653,1635 1576,1617 1560,1633 1473,1621 1433,1591 1388,1599"/>
                <Baseline points="1398,1641 1426,1645 1454,1646 1483,1649 1511,1651 1539,1653 1568,1655 1596,1656 1624,1658 1653,1659 1681,1659 1709,1659 1738,1661 1766,1661 1794,1661 1823,1659 1851,1659 1879,1658 1908,1658 1936,1656 1965,1655"/>
                <TextEquiv>
                    <Unicode>anderen habe er in siner mutter</Unicode>
                </TextEquiv>
            </TextLine>
            <TextLine id="r2l20" custom="readingOrder {index:19;}">
                <Coords points="1376,1722 1577,1740 1673,1719 1764,1754 1892,1722 1975,1738 1962,1672 1720,1690 1642,1656 1574,1679 1520,1653 1377,1671"/>
                <Baseline points="1386,1707 1416,1707 1446,1709 1477,1709 1507,1710 1538,1712 1568,1713 1599,1714 1629,1716 1660,1717 1690,1718 1721,1719 1751,1719 1782,1719 1812,1719 1843,1719 1873,1719 1904,1718 1934,1716 1965,1713"/>
                <TextEquiv>
                    <Unicode>hug uff der fürblatten geltt zeltt,</Unicode>
                </TextEquiv>
            </TextLine>
            <TextLine id="r2l21" custom="readingOrder {index:20;}">
                <Coords points="1368,1805 1456,1780 1519,1796 1552,1780 1624,1820 1710,1785 1750,1804 1858,1786 1896,1807 1972,1800 1973,1754 1910,1732 1865,1756 1806,1732 1763,1754 1680,1734 1601,1749 1526,1723 1370,1730"/>
                <Baseline points="1379,1772 1408,1772 1437,1773 1466,1773 1495,1774 1524,1775 1553,1776 1582,1778 1611,1779 1640,1779 1670,1781 1699,1782 1728,1783 1757,1784 1786,1784 1815,1784 1844,1784 1873,1782 1902,1781 1931,1779 1961,1776"/>
                <TextEquiv>
                    <Unicode>sye es zu hin gwütscht, und ime</Unicode>
                </TextEquiv>
            </TextLine>
            <TextLine id="r2l22" custom="readingOrder {index:21;}">
                <Coords points="1360,1849 1387,1838 1461,1864 1491,1843 1662,1875 1726,1855 1957,1871 1959,1812 1929,1803 1816,1792 1626,1822 1573,1785 1501,1803 1457,1780 1362,1809"/>
                <Baseline points="1371,1827 1399,1829 1428,1831 1457,1832 1486,1834 1515,1836 1543,1838 1572,1840 1601,1842 1630,1844 1659,1846 1687,1847 1716,1848 1745,1850 1774,1850 1803,1851 1831,1851 1860,1851 1889,1850 1918,1849 1947,1848"/>
                <TextEquiv>
                    <Unicode>ein schilling genommen, darzu er</Unicode>
                </TextEquiv>
            </TextLine>
            <TextLine id="r2l23" custom="readingOrder {index:22;}">
                <Coords points="1365,1927 1484,1901 1629,1935 1682,1916 1962,1938 1964,1869 1795,1887 1743,1859 1663,1875 1633,1860 1608,1880 1586,1861 1564,1881 1528,1854 1476,1873 1367,1862"/>
                <Baseline points="1377,1895 1405,1896 1434,1898 1463,1900 1492,1901 1521,1904 1549,1904 1578,1905 1607,1907 1636,1908 1665,1909 1693,1910 1722,1910 1751,1911 1780,1911 1809,1911 1837,1911 1866,1910 1895,1910 1924,1908 1953,1907"/>
                <TextEquiv>
                    <Unicode>gesprochen, wen du den schilling</Unicode>
                </TextEquiv>
            </TextLine>
            <TextLine id="r2l24" custom="readingOrder {index:23;}">
                <Coords points="1359,1977 1443,1966 1515,2002 1587,1980 1641,2013 1731,1977 1866,2005 1904,1980 1960,1988 1962,1937 1685,1917 1595,1938 1470,1902 1361,1927"/>
                <Baseline points="1371,1952 1401,1955 1431,1957 1462,1959 1492,1962 1523,1964 1553,1967 1584,1968 1614,1970 1645,1971 1675,1973 1706,1974 1736,1976 1767,1976 1797,1976 1828,1976 1858,1976 1889,1974 1919,1973 1950,1970"/>
                <TextEquiv>
                    <Unicode>nimbst, so must du mich auch han</Unicode>
                </TextEquiv>
            </TextLine>
            <TextLine id="r2l25" custom="readingOrder {index:24;}">
                <Coords points="1358,2027 1387,2016 1538,2051 1631,2032 1656,2058 1719,2046 1767,2069 1809,2042 1847,2062 1909,2040 1959,2050 1961,2002 1933,1994 1897,2015 1789,1994 1747,2015 1683,1988 1633,2012 1592,1982 1528,2000 1442,1965 1384,1989 1361,1978"/>
                <Baseline points="1370,2013 1399,2015 1428,2016 1457,2019 1486,2022 1515,2023 1544,2027 1573,2028 1602,2030 1631,2033 1660,2033 1689,2035 1718,2036 1747,2037 1776,2038 1805,2039 1834,2038 1863,2037 1892,2036 1921,2035 1950,2033"/>
                <TextEquiv>
                    <Unicode>da dan sy derglychen than, iure den</Unicode>
                </TextEquiv>
            </TextLine>
            <TextLine id="r2l26" custom="readingOrder {index:25;}">
                <Coords points="1358,2091 1395,2110 1439,2087 1688,2121 1763,2103 1968,2116 1971,2047 1844,2063 1814,2046 1764,2072 1739,2051 1674,2051 1622,2072 1597,2048 1543,2065 1445,2023 1359,2050"/>
                <Baseline points="1368,2076 1397,2078 1427,2079 1456,2082 1486,2084 1515,2086 1545,2088 1574,2090 1604,2092 1633,2094 1663,2095 1693,2096 1722,2097 1752,2098 1781,2099 1811,2099 1840,2098 1870,2097 1899,2096 1929,2094 1959,2091"/>
                <TextEquiv>
                    <Unicode>schilling widerzegeben, da habe ir</Unicode>
                </TextEquiv>
            </TextLine>
            <TextLine id="r2l27" custom="readingOrder {index:26;}">
                <Coords points="1358,2145 1459,2159 1484,2145 1592,2191 1646,2168 1688,2190 1770,2158 1844,2187 1924,2177 1926,2112 1896,2099 1865,2121 1831,2107 1759,2123 1633,2119 1585,2095 1489,2119 1439,2087 1396,2110 1360,2103"/>
                <Baseline points="1368,2135 1395,2138 1422,2140 1449,2143 1477,2145 1504,2148 1531,2150 1559,2151 1586,2153 1613,2154 1641,2155 1668,2156 1695,2157 1722,2157 1750,2157 1777,2157 1804,2156 1832,2156 1859,2154 1886,2153 1914,2150"/>
                <TextEquiv>
                    <Unicode>mutter verseyt, sölle den bhaus</Unicode>
                </TextEquiv>
            </TextLine>
            <TextLine id="r2l28" custom="readingOrder {index:27;}">
                <Coords points="1349,2238 1417,2207 1463,2240 1524,2225 1700,2246 1753,2224 1800,2242 1851,2219 1899,2236 1951,2215 1952,2164 1793,2193 1635,2169 1592,2190 1485,2149 1350,2169"/>
                <Baseline points="1359,2201 1388,2203 1417,2205 1446,2209 1475,2210 1504,2213 1533,2214 1562,2216 1591,2217 1620,2218 1650,2219 1679,2220 1708,2220 1737,2220 1766,2220 1795,2219 1824,2219 1853,2217 1882,2216 1911,2215 1941,2213"/>
                <TextEquiv>
                    <Unicode>daruf sy den behaltten, hiemitt</Unicode>
                </TextEquiv>
            </TextLine>
            <TextLine id="r2l29" custom="readingOrder {index:28;}">
                <Coords points="1352,2284 1590,2279 1638,2318 1738,2284 1768,2308 1807,2284 1888,2303 1932,2278 1951,2289 1954,2218 1898,2237 1862,2225 1778,2265 1673,2229 1464,2241 1354,2223"/>
                <Baseline points="1364,2262 1392,2263 1421,2266 1450,2268 1479,2271 1508,2274 1537,2276 1565,2277 1594,2279 1623,2280 1652,2282 1681,2283 1710,2283 1739,2285 1767,2285 1796,2284 1825,2283 1854,2282 1883,2281 1912,2279 1941,2276"/>
                <TextEquiv>
                    <Unicode>er vermeint die sach ware uffrecht</Unicode>
                </TextEquiv>
            </TextLine>
            <TextLine id="r2l30" custom="readingOrder {index:29;}">
                <Coords points="1342,2340 1436,2323 1607,2367 1740,2358 1782,2380 1815,2361 1862,2393 1957,2375 1948,2283 1782,2319 1739,2285 1626,2319 1520,2274 1345,2283"/>
                <Baseline points="1353,2319 1382,2322 1412,2325 1442,2327 1471,2329 1501,2332 1531,2335 1560,2337 1590,2340 1620,2342 1650,2345 1679,2345 1709,2346 1739,2348 1768,2348 1798,2348 1828,2346 1857,2345 1887,2343 1917,2340 1947,2337"/>
                <TextEquiv>
                    <Unicode>und wurdend ein anderen zu kilche</Unicode>
                </TextEquiv>
            </TextLine>
            <TextLine id="r2l31" custom="readingOrder {index:30;}">
                <Coords points="1333,2418 1575,2451 1677,2448 1710,2425 1754,2461 1781,2440 1845,2456 1954,2429 1956,2375 1862,2392 1832,2368 1737,2373 1689,2396 1648,2354 1573,2355 1539,2382 1466,2374 1405,2329 1336,2333"/>
                <Baseline points="1344,2400 1374,2400 1404,2402 1434,2403 1464,2405 1494,2408 1524,2409 1554,2411 1584,2414 1614,2415 1644,2417 1674,2418 1704,2420 1734,2421 1764,2422 1794,2421 1824,2421 1854,2420 1884,2418 1914,2416 1944,2412"/>
                <TextEquiv>
                    <Unicode>fhuren, weder, das er nun gespre</Unicode>
                </TextEquiv>
            </TextLine>
            <TextEquiv>
                <Unicode>Esanna
Jacques viellet, von Losanna
so sin recht wider solichen
birod von gruff ordenlich mitt
citieren, verfürtt, Ist von
ira abgescheiden, und ime erlauf
sich anderfart zeverehelich
er mag sich sines erlittnen
costens uff irem gutt erholten
nn landtvogt zu Losanna solle
vermeltte gerod, wan sy
sich in das land lassen werde,
mitt dem Eyd daruss wysen
Schöfflen
Rudolff Sutter spricht der Ehean
Barbara Fretz, mitt anzeig, wie
das des meittlins mutter, Inne
villmalen ynzogen, vnd vnder
anderen habe er in siner mutter
hug uff der fürblatten geltt zeltt,
sye es zu hin gwütscht, und ime
ein schilling genommen, darzu er
gesprochen, wen du den schilling
nimbst, so must du mich auch han
da dan sy derglychen than, iure den
schilling widerzegeben, da habe ir
mutter verseyt, sölle den bhaus
daruf sy den behaltten, hiemitt
er vermeint die sach ware uffrecht
und wurdend ein anderen zu kilche
fhuren, weder, das er nun gespre</Unicode>
            </TextEquiv>
        </TextRegion>
        <TextRegion orientation="0.0" id="r3" custom="readingOrder {index:2;}">
            <Coords points="2087,407 2087,2483 2766,2483 2766,407"/>
            <TextLine id="r3l1" custom="readingOrder {index:0;}">
                <Coords points="2651,454 2667,451 2675,457 2688,455 2714,444 2730,459 2747,457 2744,388 2734,388 2728,382 2720,387 2714,383 2698,387 2693,383 2681,390 2671,386 2649,387"/>
                <Baseline points="2660,434 2685,431 2710,431 2735,431"/>
                <TextEquiv>
                    <Unicode>285.</Unicode>
                </TextEquiv>
            </TextLine>
            <TextLine id="r3l2" custom="readingOrder {index:1;}">
                <Coords points="2129,534 2201,519 2229,539 2365,504 2436,526 2600,487 2649,514 2729,497 2726,463 2653,458 2599,428 2526,448 2456,414 2182,482 2123,459"/>
                <Baseline points="2139,528 2169,524 2199,519 2230,515 2260,511 2291,508 2321,506 2352,502 2382,500 2413,497 2443,496 2474,493 2504,491 2535,490 2565,488 2596,488 2626,486 2657,485 2687,483 2718,483"/>
                <TextEquiv>
                    <Unicode>das sy von ime abstande, wyl ein</Unicode>
                </TextEquiv>
            </TextLine>
            <TextLine id="r3l3" custom="readingOrder {index:2;}">
                <Coords points="2138,582 2233,569 2258,584 2281,564 2386,579 2457,552 2590,563 2640,541 2758,550 2756,485 2656,512 2400,511 2237,543 2197,519 2164,546 2135,539"/>
                <Baseline points="2147,572 2177,570 2207,567 2237,565 2267,562 2297,560 2327,557 2358,555 2388,553 2418,550 2448,548 2478,546 2508,545 2538,543 2569,540 2599,539 2629,537 2659,536 2689,534 2719,533 2750,531"/>
                <TextEquiv>
                    <Unicode>anderer vmb sy werbe, begart der</Unicode>
                </TextEquiv>
            </TextLine>
            <TextLine id="r3l4" custom="readingOrder {index:3;}">
                <Coords points="2141,651 2239,625 2274,647 2316,613 2488,625 2565,598 2617,611 2640,594 2720,597 2715,540 2589,564 2460,551 2372,579 2281,563 2256,583 2231,571 2137,593"/>
                <Baseline points="2151,630 2178,625 2206,621 2234,617 2262,615 2290,612 2318,609 2345,608 2373,605 2401,603 2429,601 2457,600 2485,598 2513,596 2540,594 2568,593 2596,591 2624,589 2652,586 2680,584 2708,581"/>
                <TextEquiv>
                    <Unicode>halben sy ime ir zusagen haltte,</Unicode>
                </TextEquiv>
            </TextLine>
            <TextLine id="r3l5" custom="readingOrder {index:4;}">
                <Coords points="2143,688 2249,694 2284,665 2380,678 2490,649 2567,663 2638,637 2735,656 2755,651 2750,584 2482,625 2318,613 2272,644 2203,626 2140,654"/>
                <Baseline points="2153,677 2182,674 2212,670 2241,666 2271,663 2300,660 2330,658 2359,655 2389,653 2418,651 2448,649 2478,647 2507,645 2537,643 2566,641 2596,639 2625,637 2655,635 2684,633 2714,630 2744,627"/>
                <TextEquiv>
                    <Unicode>und den kilchgang mitt imme volubrig</Unicode>
                </TextEquiv>
            </TextLine>
            <TextLine id="r3l6" custom="readingOrder {index:5;}">
                <Coords points="2103,759 2174,737 2198,754 2230,722 2295,742 2366,713 2418,730 2466,711 2733,714 2753,706 2746,629 2663,653 2605,643 2545,679 2506,655 2343,683 2283,665 2248,695 2164,683 2100,719"/>
                <Baseline points="2112,744 2143,738 2174,734 2206,729 2237,726 2269,722 2300,719 2332,716 2363,713 2395,711 2426,709 2457,707 2489,705 2520,702 2552,701 2583,699 2615,696 2646,695 2678,692 2709,690 2741,687"/>
                <TextEquiv>
                    <Unicode>entgegen sy imme keiner ehezusagung</Unicode>
                </TextEquiv>
            </TextLine>
            <TextLine id="r3l7" custom="readingOrder {index:6;}">
                <Coords points="2119,808 2163,788 2306,802 2335,773 2415,761 2556,790 2668,743 2741,762 2737,707 2419,729 2363,712 2296,742 2227,726 2201,753 2176,742 2116,765"/>
                <Baseline points="2127,788 2157,782 2187,778 2217,775 2247,773 2277,769 2307,767 2337,764 2367,762 2397,761 2428,758 2458,757 2488,756 2518,753 2548,752 2578,750 2608,748 2638,745 2668,743 2698,740 2729,737"/>
                <TextEquiv>
                    <Unicode>bekhandtlich sin wollen, so vill den</Unicode>
                </TextEquiv>
            </TextLine>
            <TextLine id="r3l8" custom="readingOrder {index:7;}">
                <Coords points="2112,860 2177,833 2251,845 2288,826 2312,843 2373,820 2417,838 2450,815 2509,834 2578,809 2635,834 2743,802 2740,764 2662,752 2536,785 2416,762 2336,774 2303,803 2198,789 2109,819"/>
                <Baseline points="2121,846 2151,840 2182,836 2212,831 2243,827 2273,823 2304,821 2334,818 2365,816 2395,814 2426,812 2457,811 2487,810 2518,809 2548,807 2579,806 2609,805 2640,804 2670,803 2701,801 2732,800"/>
                <TextEquiv>
                    <Unicode>schilling anbelangt, könne sy nitt</Unicode>
                </TextEquiv>
            </TextLine>
            <TextLine id="r3l9" custom="readingOrder {index:8;}">
                <Coords points="2115,907 2167,917 2190,893 2275,882 2323,904 2416,866 2515,894 2603,866 2661,880 2743,861 2740,802 2640,834 2588,810 2406,839 2381,822 2258,847 2178,833 2113,861"/>
                <Baseline points="2124,885 2154,882 2184,879 2215,876 2245,874 2276,873 2306,870 2336,869 2367,867 2397,866 2428,864 2458,864 2488,862 2519,860 2549,859 2580,858 2610,856 2640,855 2671,852 2701,849 2732,848"/>
                <TextEquiv>
                    <Unicode>absin dan sy ime ein schilling genom</Unicode>
                </TextEquiv>
            </TextLine>
            <TextLine id="r3l10" custom="readingOrder {index:9;}">
                <Coords points="2124,955 2196,963 2235,933 2303,953 2409,926 2512,947 2553,920 2609,933 2737,903 2735,857 2513,890 2410,867 2296,903 2218,887 2193,915 2122,921"/>
                <Baseline points="2133,939 2162,936 2192,933 2222,931 2251,929 2281,926 2311,924 2340,923 2370,921 2400,920 2430,918 2459,916 2489,915 2519,914 2548,913 2578,911 2608,909 2637,907 2667,905 2697,903 2727,900"/>
                <TextEquiv>
                    <Unicode>wie sy aber ghört, das er es ira uff</Unicode>
                </TextEquiv>
            </TextLine>
            <TextLine id="r3l11" custom="readingOrder {index:10;}">
                <Coords points="2118,1008 2728,967 2724,912 2689,906 2607,933 2554,920 2523,943 2458,925 2411,950 2223,941 2196,963 2179,948 2115,961"/>
                <Baseline points="2127,993 2156,990 2186,987 2215,985 2245,984 2274,981 2304,980 2333,978 2363,975 2392,974 2422,972 2451,971 2481,968 2510,966 2540,964 2569,963 2599,960 2628,957 2658,955 2687,951 2717,947"/>
                <TextEquiv>
                    <Unicode>die ehe hin geben wollen, habe sy den</Unicode>
                </TextEquiv>
            </TextLine>
            <TextLine id="r3l12" custom="readingOrder {index:11;}">
                <Coords points="2107,1063 2216,1048 2244,1071 2269,1050 2356,1074 2414,1026 2445,1044 2610,1010 2685,1029 2752,1001 2746,952 2713,971 2673,958 2640,985 2574,970 2379,1005 2276,984 2209,1012 2103,1013"/>
                <Baseline points="2117,1052 2148,1049 2179,1045 2210,1043 2242,1039 2273,1036 2304,1033 2335,1031 2367,1029 2398,1026 2429,1024 2460,1022 2492,1019 2523,1017 2554,1014 2585,1013 2617,1010 2648,1007 2679,1004 2710,1002 2742,999"/>
                <TextEquiv>
                    <Unicode>widerumb anpotten, vnd da er geredt</Unicode>
                </TextEquiv>
            </TextLine>
            <TextLine id="r3l13" custom="readingOrder {index:12;}">
                <Coords points="2110,1137 2347,1082 2439,1104 2600,1061 2743,1061 2738,1017 2720,1014 2589,1017 2501,1049 2407,1029 2299,1071 2213,1047 2102,1062"/>
                <Baseline points="2117,1113 2147,1109 2178,1105 2209,1101 2240,1097 2270,1094 2301,1090 2332,1086 2363,1084 2393,1081 2424,1077 2455,1075 2486,1072 2516,1069 2547,1066 2578,1064 2609,1061 2639,1059 2670,1055 2701,1052 2732,1049"/>
                <TextEquiv>
                    <Unicode>sy sölle inne nur behaltten, er wolle</Unicode>
                </TextEquiv>
            </TextLine>
            <TextLine id="r3l14" custom="readingOrder {index:13;}">
                <Coords points="2088,1198 2135,1177 2161,1194 2214,1171 2383,1166 2427,1142 2474,1159 2494,1134 2722,1137 2717,1068 2403,1097 2375,1120 2214,1102 2156,1135 2083,1137"/>
                <Baseline points="2096,1176 2126,1170 2157,1164 2188,1159 2219,1155 2249,1151 2280,1148 2311,1145 2342,1143 2372,1141 2403,1139 2434,1137 2465,1135 2495,1134 2526,1133 2557,1131 2588,1128 2618,1127 2649,1124 2680,1121 2711,1118"/>
                <TextEquiv>
                    <Unicode>sy hiedurch nitt beich und begärtt</Unicode>
                </TextEquiv>
            </TextLine>
            <TextLine id="r3l15" custom="readingOrder {index:14;}">
                <Coords points="2113,1220 2353,1226 2436,1206 2500,1231 2600,1188 2687,1191 2743,1219 2745,1123 2645,1152 2603,1129 2494,1136 2420,1172 2360,1158 2112,1186"/>
                <Baseline points="2123,1212 2153,1210 2184,1208 2215,1206 2246,1203 2276,1202 2307,1200 2338,1197 2369,1196 2399,1195 2430,1193 2461,1192 2492,1191 2522,1190 2553,1190 2584,1188 2615,1187 2645,1187 2676,1185 2707,1185 2738,1184"/>
                <TextEquiv>
                    <Unicode>hiemitt von Ime ledig erkent zewechen</Unicode>
                </TextEquiv>
            </TextLine>
            <TextLine id="r3l16" custom="readingOrder {index:15;}">
                <Coords points="2113,1283 2752,1248 2750,1211 2697,1191 2649,1208 2630,1194 2586,1223 2535,1203 2501,1229 2439,1207 2355,1227 2111,1218"/>
                <Baseline points="2123,1274 2153,1270 2184,1265 2215,1262 2246,1259 2277,1256 2308,1254 2339,1253 2370,1251 2401,1251 2432,1250 2462,1248 2493,1248 2524,1247 2555,1247 2586,1245 2617,1244 2648,1244 2679,1242 2710,1241 2741,1238"/>
                <TextEquiv>
                    <Unicode>Pognitu, die wyl der Cleger dhein</Unicode>
                </TextEquiv>
            </TextLine>
            <TextLine id="r3l17" custom="readingOrder {index:16;}">
                <Coords points="2099,1342 2214,1319 2393,1334 2421,1313 2476,1327 2555,1303 2732,1308 2730,1270 2644,1247 2586,1272 2467,1248 2320,1277 2273,1262 2227,1293 2097,1292"/>
                <Baseline points="2109,1326 2139,1322 2170,1318 2200,1316 2231,1314 2261,1313 2292,1311 2322,1310 2353,1308 2383,1308 2414,1307 2445,1307 2475,1305 2506,1305 2536,1304 2567,1304 2597,1302 2628,1300 2658,1298 2689,1296 2720,1293"/>
                <TextEquiv>
                    <Unicode>Eheversprechung vff die verant¬</Unicode>
                </TextEquiv>
            </TextLine>
            <TextLine id="r3l18" custom="readingOrder {index:17;}">
                <Coords points="2105,1380 2202,1376 2252,1398 2348,1366 2404,1398 2436,1376 2596,1361 2657,1375 2735,1351 2734,1309 2534,1307 2371,1345 2291,1321 2103,1346"/>
                <Baseline points="2115,1377 2145,1374 2175,1372 2206,1370 2236,1368 2267,1367 2297,1365 2328,1365 2358,1364 2389,1364 2419,1362 2449,1362 2480,1361 2510,1361 2541,1359 2571,1357 2602,1356 2632,1354 2663,1350 2693,1347 2724,1344"/>
                <TextEquiv>
                    <Unicode>Worter bringen mögen, so solle</Unicode>
                </TextEquiv>
            </TextLine>
            <TextLine id="r3l19" custom="readingOrder {index:18;}">
                <Coords points="2091,1464 2192,1453 2246,1422 2340,1446 2398,1415 2437,1434 2744,1419 2742,1364 2690,1352 2657,1376 2435,1377 2405,1397 2337,1366 2249,1402 2202,1377 2088,1371"/>
                <Baseline points="2100,1433 2131,1430 2163,1428 2194,1425 2226,1424 2258,1422 2289,1422 2321,1421 2353,1420 2384,1419 2416,1419 2448,1418 2479,1418 2511,1416 2543,1415 2574,1415 2606,1413 2638,1412 2669,1409 2701,1407 2733,1404"/>
                <TextEquiv>
                    <Unicode>derhalb dise sin ehe ansprach uffge¬</Unicode>
                </TextEquiv>
            </TextLine>
            <TextLine id="r3l20" custom="readingOrder {index:19;}">
                <Coords points="2099,1515 2230,1479 2274,1500 2334,1482 2469,1496 2691,1468 2730,1491 2728,1420 2594,1411 2437,1455 2369,1430 2098,1464"/>
                <Baseline points="2108,1487 2138,1485 2169,1483 2199,1481 2230,1480 2261,1479 2291,1478 2322,1476 2352,1476 2383,1475 2414,1473 2444,1473 2475,1472 2505,1472 2536,1471 2567,1470 2597,1470 2628,1469 2658,1469 2689,1469 2720,1467"/>
                <TextEquiv>
                    <Unicode>hapt und jedem erloupt sin, sich</Unicode>
                </TextEquiv>
            </TextLine>
            <TextLine id="r3l21" custom="readingOrder {index:20;}">
                <Coords points="2100,1547 2299,1543 2320,1560 2512,1525 2580,1549 2634,1519 2691,1540 2693,1474 2275,1501 2236,1484 2211,1505 2099,1515"/>
                <Baseline points="2111,1538 2139,1537 2168,1536 2196,1535 2225,1533 2254,1533 2282,1532 2311,1532 2340,1531 2368,1530 2397,1530 2426,1529 2454,1529 2483,1527 2512,1527 2540,1525 2569,1524 2598,1522 2626,1520 2655,1517 2684,1514"/>
                <TextEquiv>
                    <Unicode>anderfart zeuerehelichen, vnd</Unicode>
                </TextEquiv>
            </TextLine>
            <TextLine id="r3l22" custom="readingOrder {index:21;}">
                <Coords points="2096,1623 2148,1598 2192,1626 2238,1605 2316,1620 2387,1586 2484,1606 2501,1588 2646,1598 2665,1576 2702,1589 2700,1536 2578,1550 2549,1529 2527,1547 2427,1531 2325,1563 2295,1540 2276,1555 2159,1542 2093,1566"/>
                <Baseline points="2105,1595 2134,1596 2163,1596 2192,1595 2222,1595 2251,1593 2280,1591 2310,1589 2339,1587 2368,1584 2398,1582 2427,1580 2456,1578 2485,1576 2515,1574 2544,1574 2573,1573 2603,1572 2632,1574 2661,1575 2691,1578"/>
                <TextEquiv>
                    <Unicode>jede parthy iren grossen an imme</Unicode>
                </TextEquiv>
            </TextLine>
            <TextLine id="r3l23" custom="readingOrder {index:22;}">
                <Coords points="2114,1661 2283,1685 2369,1644 2455,1661 2489,1641 2684,1653 2712,1646 2711,1597 2498,1590 2444,1622 2386,1587 2298,1628 2275,1612 2192,1626 2165,1603 2113,1614"/>
                <Baseline points="2124,1650 2154,1650 2184,1650 2215,1649 2245,1649 2276,1649 2306,1647 2337,1647 2367,1646 2398,1646 2428,1644 2459,1644 2489,1643 2520,1642 2550,1641 2581,1640 2611,1640 2642,1638 2672,1638 2703,1638"/>
                <TextEquiv>
                    <Unicode>selbs haben, deme diewyl er</Unicode>
                </TextEquiv>
            </TextLine>
            <TextLine id="r3l24" custom="readingOrder {index:23;}">
                <Coords points="2109,1742 2168,1753 2216,1718 2291,1742 2339,1705 2455,1717 2480,1739 2618,1713 2677,1727 2725,1711 2724,1632 2609,1663 2545,1644 2465,1684 2107,1665"/>
                <Baseline points="2118,1713 2147,1712 2177,1711 2207,1710 2237,1709 2267,1709 2296,1707 2326,1707 2356,1707 2386,1706 2416,1706 2445,1706 2475,1705 2505,1704 2535,1704 2565,1704 2594,1703 2624,1702 2654,1701 2684,1700 2714,1698"/>
                <TextEquiv>
                    <Unicode>sich gerümpt, wie er fleyschliche</Unicode>
                </TextEquiv>
            </TextLine>
            <TextLine id="r3l25" custom="readingOrder {index:24;}">
                <Coords points="2113,1794 2549,1765 2607,1792 2655,1763 2728,1760 2727,1709 2585,1738 2540,1720 2512,1739 2433,1712 2320,1743 2215,1718 2188,1743 2159,1724 2113,1751"/>
                <Baseline points="2123,1769 2152,1769 2182,1768 2212,1767 2241,1767 2271,1767 2301,1767 2330,1766 2360,1766 2390,1766 2420,1765 2449,1764 2479,1764 2509,1763 2538,1763 2568,1761 2598,1761 2627,1760 2657,1759 2687,1758 2717,1757"/>
                <TextEquiv>
                    <Unicode>werk, mitt ira verbracht haben</Unicode>
                </TextEquiv>
            </TextLine>
            <TextLine id="r3l26" custom="readingOrder {index:25;}">
                <Coords points="2107,1852 2152,1857 2190,1823 2239,1844 2304,1828 2329,1852 2429,1824 2521,1826 2560,1849 2632,1816 2663,1836 2736,1828 2734,1755 2609,1791 2568,1768 2514,1794 2454,1771 2106,1803"/>
                <Baseline points="2117,1829 2147,1827 2177,1824 2208,1823 2238,1823 2269,1821 2299,1821 2330,1820 2360,1820 2391,1820 2421,1818 2451,1818 2482,1818 2512,1818 2543,1817 2573,1815 2604,1814 2634,1812 2665,1810 2695,1808 2726,1805"/>
                <TextEquiv>
                    <Unicode>sy aber dessen nitt gestendig fin</Unicode>
                </TextEquiv>
            </TextLine>
            <TextLine id="r3l27" custom="readingOrder {index:26;}">
                <Coords points="2096,1905 2240,1878 2293,1899 2327,1880 2500,1899 2584,1867 2721,1869 2719,1831 2634,1817 2576,1843 2498,1821 2383,1850 2346,1834 2330,1849 2305,1826 2094,1849"/>
                <Baseline points="2105,1878 2135,1878 2165,1877 2195,1877 2226,1877 2256,1875 2286,1875 2317,1875 2347,1874 2377,1873 2408,1872 2438,1871 2468,1870 2498,1869 2529,1869 2559,1866 2589,1865 2620,1864 2650,1862 2680,1860 2711,1857"/>
                <TextEquiv>
                    <Unicode>wellen, vnd er sy deßen nitt be¬</Unicode>
                </TextEquiv>
            </TextLine>
            <TextLine id="r3l28" custom="readingOrder {index:27;}">
                <Coords points="2102,1948 2171,1963 2211,1936 2277,1971 2382,1939 2435,1958 2486,1931 2662,1944 2719,1919 2718,1868 2645,1882 2596,1866 2550,1893 2442,1901 2397,1880 2292,1904 2243,1879 2195,1900 2170,1882 2101,1906"/>
                <Baseline points="2111,1931 2140,1932 2170,1932 2200,1932 2230,1932 2260,1932 2290,1932 2320,1932 2350,1932 2380,1932 2410,1931 2439,1931 2469,1929 2499,1929 2529,1928 2559,1927 2589,1926 2619,1925 2649,1923 2679,1922 2709,1920"/>
                <TextEquiv>
                    <Unicode>richten können, soll inne der</Unicode>
                </TextEquiv>
            </TextLine>
            <TextLine id="r3l29" custom="readingOrder {index:28;}">
                <Coords points="2088,2012 2218,1995 2288,2029 2332,1992 2454,2015 2484,1993 2606,2016 2708,1997 2707,1944 2650,1959 2559,1929 2522,1954 2492,1932 2435,1959 2382,1939 2283,1970 2206,1934 2165,1971 2088,1953"/>
                <Baseline points="2099,1989 2128,1991 2158,1991 2188,1992 2218,1992 2248,1992 2278,1992 2308,1992 2338,1992 2368,1992 2398,1992 2427,1992 2457,1991 2487,1991 2517,1991 2547,1989 2577,1989 2607,1988 2637,1988 2667,1986 2697,1986"/>
                <TextEquiv>
                    <Unicode>landtvogt mitt fünfftägiger</Unicode>
                </TextEquiv>
            </TextLine>
            <TextLine id="r3l30" custom="readingOrder {index:29;}">
                <Coords points="2096,2093 2139,2074 2176,2093 2307,2082 2335,2053 2395,2083 2441,2063 2539,2066 2607,2046 2607,2013 2531,1999 2473,2026 2440,2005 2420,2025 2328,1995 2270,2028 2200,1995 2095,2009"/>
                <Baseline points="2105,2054 2130,2052 2156,2052 2182,2051 2208,2051 2234,2049 2260,2049 2286,2049 2312,2048 2338,2048 2363,2048 2389,2046 2415,2046 2441,2046 2467,2046 2493,2045 2519,2045 2545,2044 2571,2043 2597,2043"/>
                <TextEquiv>
                    <Unicode>gfangenschafft straffen,</Unicode>
                </TextEquiv>
            </TextLine>
            <TextLine id="r3l31" custom="readingOrder {index:30;}">
                <Coords points="2246,2176 2264,2177 2295,2155 2318,2158 2330,2151 2351,2170 2370,2170 2363,2061 2332,2057 2309,2083 2294,2076 2287,2082 2276,2079 2254,2105 2241,2105"/>
                <Baseline points="2253,2142 2279,2140 2305,2138 2331,2136 2358,2136"/>
                <TextEquiv>
                    <Unicode>und</Unicode>
                </TextEquiv>
            </TextLine>
            <TextLine id="r3l32" custom="readingOrder {index:31;}">
                <Coords points="2092,2211 2218,2202 2296,2223 2340,2198 2667,2189 2744,2209 2743,2151 2694,2133 2615,2131 2581,2160 2490,2121 2396,2160 2298,2154 2266,2175 2203,2154 2169,2171 2132,2145 2091,2156"/>
                <Baseline points="2103,2195 2134,2196 2166,2198 2197,2198 2229,2199 2260,2199 2292,2198 2323,2198 2355,2196 2386,2195 2418,2194 2449,2193 2481,2192 2512,2190 2544,2190 2575,2189 2607,2189 2638,2187 2670,2187 2701,2187 2733,2189"/>
                <TextEquiv>
                    <Unicode>Alls dan Jacob Fest von Oberkulm.</Unicode>
                </TextEquiv>
            </TextLine>
            <TextLine id="r3l33" custom="readingOrder {index:32;}">
                <Coords points="2094,2251 2153,2269 2185,2245 2370,2248 2397,2273 2524,2244 2723,2278 2723,2209 2656,2220 2610,2191 2585,2214 2480,2195 2342,2222 2094,2212"/>
                <Baseline points="2105,2241 2135,2241 2165,2241 2196,2241 2226,2241 2257,2241 2287,2241 2318,2241 2348,2241 2379,2241 2409,2241 2439,2241 2470,2240 2500,2240 2531,2240 2561,2240 2592,2240 2622,2240 2653,2241 2683,2241 2714,2241"/>
                <TextEquiv>
                    <Unicode>und Anna Wigelin einanderen</Unicode>
                </TextEquiv>
            </TextLine>
            <TextLine id="r3l34" custom="readingOrder {index:33;}">
                <Coords points="2095,2303 2247,2333 2324,2315 2414,2331 2468,2309 2495,2329 2690,2319 2777,2290 2777,2243 2716,2276 2531,2250 2395,2274 2371,2250 2095,2248"/>
                <Baseline points="2105,2295 2138,2297 2171,2298 2204,2298 2237,2300 2270,2300 2303,2300 2336,2300 2369,2300 2402,2300 2435,2300 2468,2300 2501,2298 2534,2298 2567,2298 2600,2298 2633,2298 2666,2298 2699,2298 2732,2298 2766,2298"/>
                <TextEquiv>
                    <Unicode>die Eheversprochen, vnd schon albereitte</Unicode>
                </TextEquiv>
            </TextLine>
            <TextLine id="r3l35" custom="readingOrder {index:34;}">
                <Coords points="2083,2370 2359,2357 2489,2385 2731,2356 2731,2301 2609,2328 2564,2310 2495,2328 2469,2308 2420,2335 2083,2311"/>
                <Baseline points="2093,2355 2124,2355 2155,2354 2187,2354 2218,2354 2249,2354 2281,2354 2312,2354 2343,2355 2375,2355 2406,2355 2437,2355 2469,2355 2500,2355 2531,2355 2563,2355 2594,2355 2625,2354 2657,2353 2688,2352 2720,2351"/>
                <TextEquiv>
                    <Unicode>Ir Ehe am Cantzel verkhundenn</Unicode>
                </TextEquiv>
            </TextLine>
            <TextLine id="r3l36" custom="readingOrder {index:35;}">
                <Coords points="2079,2412 2118,2410 2146,2437 2260,2411 2463,2416 2514,2444 2554,2414 2715,2425 2715,2374 2652,2358 2490,2386 2425,2363 2295,2387 2252,2360 2222,2378 2149,2359 2080,2371"/>
                <Baseline points="2090,2408 2120,2408 2151,2408 2182,2408 2213,2408 2243,2408 2274,2409 2305,2409 2336,2409 2366,2411 2397,2411 2428,2411 2459,2411 2489,2412 2520,2412 2551,2412 2582,2411 2612,2411 2643,2409 2674,2409 2705,2408"/>
                <TextEquiv>
                    <Unicode>lasen, da aber dem predicanten</Unicode>
                </TextEquiv>
            </TextLine>
            <TextLine id="r3l37" custom="readingOrder {index:36;}">
                <Coords points="2077,2497 2223,2502 2292,2468 2361,2469 2402,2502 2450,2475 2532,2491 2737,2468 2736,2421 2651,2409 2465,2447 2424,2412 2379,2429 2265,2413 2217,2435 2077,2418"/>
                <Baseline points="2087,2471 2120,2469 2154,2468 2187,2467 2221,2466 2255,2466 2288,2466 2322,2466 2356,2466 2389,2466 2423,2467 2456,2468 2490,2468 2524,2468 2557,2468 2591,2468 2625,2466 2658,2465 2692,2464 2726,2462"/>
                <TextEquiv>
                    <Unicode>fürkhommen, wie sy noch ein habender</Unicode>
                </TextEquiv>
            </TextLine>
            <TextEquiv>
                <Unicode>285.
das sy von ime abstande, wyl ein
anderer vmb sy werbe, begart der
halben sy ime ir zusagen haltte,
und den kilchgang mitt imme volubrig
entgegen sy imme keiner ehezusagung
bekhandtlich sin wollen, so vill den
schilling anbelangt, könne sy nitt
absin dan sy ime ein schilling genom
wie sy aber ghört, das er es ira uff
die ehe hin geben wollen, habe sy den
widerumb anpotten, vnd da er geredt
sy sölle inne nur behaltten, er wolle
sy hiedurch nitt beich und begärtt
hiemitt von Ime ledig erkent zewechen
Pognitu, die wyl der Cleger dhein
Eheversprechung vff die verant¬
Worter bringen mögen, so solle
derhalb dise sin ehe ansprach uffge¬
hapt und jedem erloupt sin, sich
anderfart zeuerehelichen, vnd
jede parthy iren grossen an imme
selbs haben, deme diewyl er
sich gerümpt, wie er fleyschliche
werk, mitt ira verbracht haben
sy aber dessen nitt gestendig fin
wellen, vnd er sy deßen nitt be¬
richten können, soll inne der
landtvogt mitt fünfftägiger
gfangenschafft straffen,
und
Alls dan Jacob Fest von Oberkulm.
und Anna Wigelin einanderen
die Eheversprochen, vnd schon albereitte
Ir Ehe am Cantzel verkhundenn
lasen, da aber dem predicanten
fürkhommen, wie sy noch ein habender</Unicode>
            </TextEquiv>
        </TextRegion>
    </Page>
</PcGts>
