4032 3024
1285 352 1391 475 138
1535 410 1825 535 valtbringen.
1373 481 1946 649 Medenen hauseine uff der
1390 585 1971 711 Louchera, so by by Lienhart
1370 648 1975 781 Loners von Worb son ein und
1387 704 1963 853 ehelich khind erzüget, hatt
1374 757 1981 895 2. tag abbücht, ist vermandt
1370 827 1929 961 fürhin heri abzestant,
1367 944 1954 1098 Montag den 13. maii 1599
1357 1044 1975 1182 Praeses herr Walthart con H. Gall
1349 1112 1980 1243 minist. ambo. Civium Rüsch zehen
1468 1209 1816 1348 zweysimmen.
1365 1310 1874 1435 Barbli Kurtz mitt zustand
1354 1380 1967 1503 Hellen klagt den Ehebruch ab der
1347 1444 1970 1581 dicht Bergman, mitt anzeige, obwol
1372 1534 1943 1658 sy ime ettliche fäller verzigenn,
1362 1601 1969 1730 und vergeben, hoffnung der besserung
1367 1685 1949 1801 die sy aber an ime nitt gespürt
1372 1761 1953 1874 khönne, dan er grad desstags, als
1368 1833 1945 1947 er ab dem chorgricht khommen,
1358 1914 1956 2027 In petter werren huß zu Anna
1364 1971 1952 2083 honner, mitt dero er hieuor sich
1356 2054 1947 2166 buch in huri vergangen) versuch
1349 2099 1938 2235 vnd deshalb die schidigung von
1354 2175 1938 2312 imme begärt. entgegen er des
1357 2261 1944 2383 klagten Ehebruchs nitt bekandt
1362 2324 1904 2461 lich sin wollen, doch sy wo er
1363 2428 1941 2547 ettwas wider sy gefelt habenn
2582 355 2688 453 239.
2119 411 2744 553 möchte umb verzychung gepätten,
2097 501 2704 636 Cognitum diewyl, die Clegeren
2108 569 2730 667 den klagten Ehebruch, mitt gnug
2100 617 2701 754 sammer khundtschafft uff Ime
2070 678 2717 809 verwisen, und sy ime den fäller
2094 743 2698 839 nitt verzychen wellen, so solle
2091 826 2723 933 deshalb sy von ime aller ehean
2084 841 2739 985 sprach und pflicht uff gelächt und
2093 927 2728 1054 Iren sich anderfart zeuerehrlichen
2100 998 2744 1104 verrotten sin, ira in ime aber ihar
2080 1057 2745 1181 lang, vnd nach verloffnen zill Jedes
2077 1123 2733 1228 ein erlouptnus erlangen, und er
2089 1167 2700 1295 ein schyn siner besterung von der
2070 1260 2729 1357 kilcher da er hiezwüschen waren
2063 1308 2726 1414 wirtt, mitt sich bringen, denne
2085 1387 2743 1480 soll er ira allen zimlichen billichen
2084 1450 2711 1551 costen, dißer schidigung halb uffge
2071 1510 2416 1612 lüffen abthragen.
2162 1587 2422 1720 höchstetten.
2078 1685 2736 1803 iin ehegricht zu höchstetten, hatt Heini
2083 1752 2693 1850 schärer und Elsi Eschliman für
2084 1803 2713 1903 sich beschikt, von wegen sy by ein
2074 1854 2728 1960 anderen gelegen sin söllend. Ist er
2074 1909 2706 1999 zwar, der thatt anred gsin, mitt
2075 1967 2717 2046 anzeig, wie sy einanderen die
2090 2011 2721 2113 Ehe verheyßen, die begäre er ira
2077 2060 2703 2172 ouch zehaltten. Entgegen sey
2081 2109 2695 2218 dess byschlaffs nitt gelaugnet,
2071 2179 2683 2277 sagt aber sy habe ime die ehe
2074 2230 2733 2324 nitt verheyßen, welle auch sinen
2072 2280 2732 2375 nütt zum man, ward sy hieruff
2066 2331 2730 2441 erinneret, was ira daruf stande
2068 2381 2742 2490 das sy hiedurch irer eheren beraubt
2025 2439 2732 2550 sih werde, vnd Immerdar verachtet
2077 2498 2728 2611 blybenn, mitt desto minder hatt
