4032 3024
1293 349 1367 447 68
1566 380 2012 529 Montags den an decout
1579 473 2020 594 g. his Hr. Walli Minister
1557 548 1671 614 ha
1676 548 2008 656 dick, Hans Rüsche
1565 599 2023 722 Dachselhofer Pantz, hoffteren
1560 681 1870 785 Wy getrach.
1430 751 2018 885 Vrsula Läderich Hinsiders
1443 845 2019 936 Hans Bachman, das er ira die s
1433 902 2026 995 heißen, und ira 2. batzen dere
1456 959 2043 1056 guben, und sya beschlaffen, daß
1468 1026 2029 1101 das sy vermeine von ime schwage
1468 1072 2023 1163 si, begard, das er sin verheißen
1459 1125 2036 1223 gegen frau haltte, dargägen sehe
1463 1180 2031 1275 sheiner ehezusagung bekantlich
1470 1238 2040 1335 der 2. batzen, das er ira solle uff die
1465 1297 2043 1389 ehe gäben haben, und diß bysche
1446 1346 1980 1448 lougnende cognitum.
1447 1400 2038 1509 Diewyl er Ir dheiner ehe verhuss
1444 1464 2037 1559 bekantlich, und sy in mit hundt¬
1471 1522 2028 1601 schafft nit vnderrichten mögen
1474 1565 2052 1668 das sy deshalb aller ehelichen schlechte
1455 1621 2048 1713 lidig syn sollendt, und inne se
1473 1680 2057 1775 bei der sy des anderfart zuuoreheliche
1475 1717 2058 1825 erlon pr. Dammittlin wan je furst
1484 1777 2069 1879 vor und sy des hendts gristischen
1478 1827 2061 1932 das der bruchlich zu eignet, sol
1527 1882 2054 1982 fra das abnemmen, für das sin
1484 1942 2044 2031 erzüchen a 1 lb die für die
1459 1982 2057 2080 kindt petti gebes, hat sy den
1470 2039 2072 2137 des krantz und blunde halber
1481 2084 2058 2192 Ansprach an in mag, sy es alhie
1490 2141 2079 2240 vor vns anforderten. Es solcher
1490 2198 2037 2293 theil der rosten an im selbe haben
1572 2250 1856 2354 h. Capellen.
1482 2329 2101 2462 Bendiche Hanen ist ufgelaßen
1489 2395 2070 2517 und gemandt fürochen flyßig
1523 2445 2091 2553 e predigen zu besuchen und der
1502 2495 2076 2609 eher barkeit, und Chorgricht zu
1499 2539 2074 2649 gehorsammen, sonst worden und
1502 2579 2027 2707 hme nit mehr also lychtlich
1533 2632 1895 2735 treffen, wan es meh
1502 2671 1653 2748 bharen
1885 2681 2091 2769 hr zu klagte
2710 338 2799 441 69.
2159 429 2715 571 Mitwuchen 12. Decemb.
2189 493 2799 620 consulis ambo, Minister zu dick.
2198 561 2706 683 Eines Bantz Hofstetter
2225 663 2414 782 Hern
2125 687 2755 845 uff fryttag sol beschickt werden.
2120 786 2571 902 Hans Jacob Steineges
2127 829 2543 937 Oswald anpolt
2191 890 2590 1013 hochstetten
2116 942 2808 1109 Erscheyn Apolonia Müllerin, mit
2156 1013 2808 1146 anzeige, wie sy sich von Bartlome
2146 1057 2809 1193 surer zu eheman uff 2 augsten im
2148 1105 2799 1234 12. tag scheiden laßen, und ira ein
2730 1161 2815 1217 mes
2136 1149 2761 1294 halb Jar wart zyt sich nit zu
2152 1224 2760 1335 ehelichen, an vnser erlauptnus
2163 1269 2830 1382 ufferlegt, und wyl das zyl vorlangen
2161 1318 2775 1429 umbher und sy sich mit im nit
2148 1354 2815 1490 vesund mögen, mit gut ira zeerleben
2177 1408 2823 1540 sich anderfart zeuerehrlichen vnd
2169 1454 2826 1584 anhören ist ires scheidbrieffs, vnd
2150 1512 2824 1644 ir fürgaben war, ist ira erlaupt
2180 1572 2803 1701 sich ander fart grein gefallen
2171 1641 2605 1741 nach zuuerehrlichen
2332 1722 2567 1824 thurnen.
2174 1745 2850 1903 dem Chorgricht zuschryben, wie Maria
2174 1821 2867 1938 vo Niderhüsers der ehe an Heinrich
2172 1883 2855 1986 wyder den müller spricht, er frader nit
2165 1913 2886 2039 laugnet, allein anzeigen, wie er truncke
2199 1969 2865 2095 gsin, als er ira die ehe verheißen, vnd
2197 2032 2845 2144 jnne betragen, dan er benommen
2168 2071 2838 2194 wie sy etlichen anders die ehe
2194 2117 2838 2234 zugesagt, von dem sy noch nit ge¬
2219 2166 2863 2285 scheiden, sy sye auch zimmlich frommen.
2202 2218 2881 2321 deß alles so laugne, darumb sy die
2206 2258 2860 2395 kundtschafft, so die parthyen vmb
2215 2325 2866 2432 das so sy ein aus ab sind legen
2198 2362 2843 2472 werde, behören, vfferzeichnen,
2217 2421 2862 2522 uns der worheit berichten die
2221 2471 2868 2564 parthyen, vff das fürderliches
2210 2528 2857 2616 widerumb alhar für vns schicken
2221 2584 2794 2677 und tag anstimmen sollendt.
