4032 3024
1366 371 1997 517 da sy hiezwüschen weren wirt
1360 428 2011 570 befherung mitt sich bringen, denne sol
1385 478 2005 622 sy ime allen ersten diser schidigung
1386 546 1593 638 abthragen.
1371 616 2001 747 An schultheis zu Burgdorff sa
1385 692 2006 812 syn und vermeltten claus läng
1396 753 2011 866 wenberger, mitt 8 tägiger gfangen
1404 796 1880 907 einschafft jedes straffen
1530 926 1697 1028 Hahl.
1350 957 1976 1088 Elßbett rodt spricht der ehe an.
1380 1054 2012 1166 Bendicht schon ab dem breütten werden
1407 1108 1993 1215 nitt anzeig, wie der selb sich gegen
1364 1161 1987 1264 ira erlütteret, das er gar ein
1387 1210 1994 1321 gutten willen gegen ira trage
1386 1272 1992 1368 mitt beger an syn, das sy ime den
1383 1327 1997 1422 byschlaff vergünstigette, darin sy
1386 1392 1995 1480 ime aber nitt wilfharen wollen,
1412 1442 2011 1532 er verhiese ira dan die Ehe, damit
1396 1508 1986 1612 er dieselb ira verheissen, und vol
1398 1567 2008 1666 gendts sy ime auch wilfharet ih
1387 1634 1984 1723 ime gelegen, zumassen sy von ime
1396 1692 1999 1785 schwanger worden, derwägen mi
1423 1757 1992 1857 hr begär, das er solche sin zusag
1406 1825 1993 1927 Ira haltten, vnd mitt dem kilch¬
1411 1891 1990 1990 gang bestättigen wolle, dargegen
1419 1971 2005 2047 der versprecher anzeigt, er haben
1412 2005 2015 2103 der Ehe halb ira mitt kheiten
1434 2076 1999 2159 welle auch ira nütt, des byschlesen
1425 2126 2002 2220 aber bekandtlich, jedoch so habe ich
1428 2186 2003 2281 ime zu dem selben anlagen geben, dannes
1439 2241 2007 2330 habe Uli Locher ir geweßner mich
1444 2294 2007 2388 y beide, in ein besonder zug legen
1416 2361 2008 2440 lahen, namlich inne versprechen
1438 2412 2013 2511 In die rechte stuben, und syn in dies
1438 2467 1999 2546 nebent stuben, wellches er nitt
1422 2527 2005 2627 thun sollen, dan sy da vor
2031 367 2645 495 ime us und yngangen und wenn
2036 403 2709 540 sölliches nitt beschechen, ouch sy inne
2043 472 2704 595 nitt zum byschlaff veranlaget, ware
2053 520 2670 643 sollichen nitt beschechen, Cognitu
2039 555 2738 704 diewyl der versprecher der klegerin
2051 643 2681 757 dheiner ehezusagung, bekhandtlich
2061 696 2709 812 sin wollen, vnd sy inne mitt keiner
2061 769 2719 872 khundtschafft dero underricht mogen,
2077 818 2720 929 So solle deshalb er irer ansprach
2078 875 2720 990 ledig vnd ihro jedem erloupt sin
2079 941 2724 1053 das es sich anderfart verehrlichen
2096 1010 2727 1101 möge, dannothin soll er grad
2077 1058 2728 1169 khind abnemmen, und für das sin
2081 1120 2698 1238 In gottes forcht erzüchen, vnd
2092 1178 2717 1293 ira zechen pfundt für die khunt.
2100 1249 2719 1340 bettin abricht, Ittem ouch den
2111 1311 2729 1413 costen, so sy dissen am Chorgricht
2114 1367 2709 1485 zu Jagli erligen bezallen und
2131 1437 2707 1545 er den sinen an ime selbs haben
2123 1515 2704 1608 der costen aber so mitt inen
2118 1572 2718 1675 beiden, mitt diser fart alhar vff¬
2122 1642 2690 1748 gangen, soll der meyster Ul
2126 1716 2690 1809 locher, von wegen das er sy
2131 1770 2705 1883 besonderbar un dem hus gelegt
2132 1856 2449 1959 inen abthragen.
2135 1970 2696 2059 An Schultheis zu Burdorff
2153 2017 2720 2126 solle obgemelten beide gescheid
2168 2079 2734 2181 nen verholffen syn, das sy von
2151 2134 2735 2235 irem altten meyster, des erstens
2149 2190 2731 2292 so mitt der fhart alher uffgangen
2137 2250 2718 2352 atharge mögind bezalt werden.
2140 2299 2734 2400 und soller sy jedes mitt fünfft
2134 2360 2729 2471 tägiger schangen schafft straffen
