4032 3024
1181 369 1293 470 163.
1301 433 1911 564 fragen lassen, ob sy etwas an ha
1315 505 1918 626 anspreche, da sy dan ihme zu schre
1319 557 1890 663 geben, wie sy dem ansprach an
1317 622 1907 735 Ime nitt habe, vermeint also irer
1316 675 1909 794 ansprach ledig uss zegan, Cogniti
1289 721 1897 870 Diewyl, der verantwortter
1300 806 1882 916 gra der Cleger dheiner zu¬
1303 867 1915 979 sagung, dan uff vorbehaltt, sing
1304 943 1903 1042 vogts und vatters, bekhandtlich
1302 1001 1880 1104 sen wellen, vnd dieselben iren
1306 1064 1860 1164 willen nitt darzu gebenn
1302 1122 1873 1220 wellend, und sy inne mitt
1297 1175 1877 1277 khundtschafft der underwysen
1309 1251 1861 1349 mögen, so solle deshalb dise
1289 1312 1883 1425 der Clegeri ehransprach uffge
1286 1377 1847 1489 hept, und jedem erloupt sei
1307 1443 1905 1561 solle, sich anderfart zeuerechtlichen
1299 1517 1890 1624 Denne solle er der verantwortter
1289 1583 1887 1690 die wyl er nitt absin können,
1273 1642 1859 1765 dan das er ira ja ettwas
1281 1709 1857 1841 verheysens ira der Cleger
1300 1789 1886 1888 allen zimlichen billichen fosten
1289 1850 1526 1946 abtragen.
1433 1962 1568 2067 Den.
1258 2037 1855 2157 Dess lengen Kesslers dochter soll
1288 2100 1851 2208 uff nechstkünfftig mittwuchen
1279 2165 1826 2287 alhar für chorgricht beschikt,
1284 2223 1866 2343 werden, und soll man sy exa¬
1270 2303 1795 2410 minieren, ob sy umb all
1250 2344 1691 2478 häller gebührt haben.
2536 321 2626 413 163.
2116 379 2371 524 Sigrischwyl.
2003 432 2654 616 Hans von Goutten von Schwanden
2030 508 2653 650 spricht der ehr an Cristina spiller
2029 565 2645 699 mitt anzeige, wie sy ime die selb uff
2021 622 2658 748 recht, vnd redlich verheisen, vnnd
2013 695 2623 802 us zit einem worttzeichen, ein
2023 717 2651 868 halben wöllig dispfennig ime ab
2032 781 2623 890 genommen, begärt derhalben sy solle
2002 836 2637 950 unsin zusagen galtten, und den kilch
2019 882 2656 1010 gang volnbringen. Dargegen sy ime
2015 934 2663 1028 keiner eheversprechung bekhandtlich
2005 993 2662 1099 sin wellen, des pfennings halben, habe
2013 1030 2647 1141 er denselben ira in die hand getruckt
2018 1083 2639 1187 und habe inne nitt der meinung ge¬
2000 1124 2673 1239 nammen, das es ina ettwas schaden fle
2003 1178 2663 1288 verment hiemitt von ime lidig erkent
2021 1238 2632 1339 ewerden. Cognitum, obwol et
2010 1286 2647 1386 von Gotten, so die verantworter
2007 1333 2664 1438 mitt khundtschafft underwisen, das
1996 1382 2637 1498 sy ime ehezusagung gethan, die wyll
2008 1427 2669 1544 und aber solliches ir mutter und fründen
1986 1497 2662 1602 widrig und sy noch under denen jaren
2003 1550 2676 1654 Ist, da die frund wol gweltig sind, solches
1994 1613 2664 1706 innen hinderrucks bezogne ehe ze stürt
2626 1664 2663 1700 e
1987 1672 2667 1764 das deshalb dise ehr ansprach uffgesegt
1995 1727 2650 1818 und jedem nachgelassen sin solle, sich
1992 1786 2658 1887 anderhart zeuerehelichen, denne
2015 1844 2677 1940 solle sy die verantworter, dem Cleger
2007 1894 2648 1989 von wegen das sich befunden, das
2012 1946 2666 2038 sy eigner vermegenheytt, die ehr scheysein
1998 1999 2664 2089 allen zimlichen billichen rosten abthragen.
2026 2059 2663 2144 y soll sich nitt verehelich es bescheche
1988 2099 2677 2178 dan mitt irer mutter, fründen, vnnd
2006 2154 2675 2251 verwantten gunst wüssen, und willen
2163 2241 2401 2330 Wimis
1981 2274 2671 2387 das ehegricht zu Wimmis, soll sich erkhenn,
1999 2354 2667 2430 digen, was handels und wandels, Hans
1983 2400 2671 2458 Wittwer der altt, vnd Salome Samuel
1989 2441 2682 2522 bylaben, sin er esten hußfrouwen, mitt
1996 2485 2665 2560 einanderen gefürt, vnd wie es irer
2001 2521 2686 2615 siner abgstorbnen hussfrouwen gsundtheitt
2008 2568 2668 2661 halb, beschaffen gsin, und demnach solche
2008 2620 2383 2702 bericht, alhar schiken,
