4032 3024
1328 325 1432 452 56.
1465 379 2058 502 gmeindt es sy vom Mutter wer¬
1471 445 2037 544 ds heiße ein hoffen der kl
1480 506 2052 608 wormen e. am zinstag znacht
1471 554 2062 658 hab es ira klopffet, als sy in
1483 601 2068 708 dis khammers khon, sr das hind
1472 660 2068 756 In der kammers es aber im bet
1485 710 2071 814 glägen, da es sy gezügen heiße
1502 766 2079 861 achen, da sy ilentz zue hebend
1496 817 2074 911 küffen, da die khommen, und das
1478 878 2072 973 Kindli gesüberet, hab es ein
1496 937 2041 1026 massen hinde am houptli
1994 960 2080 1037 aha
1493 996 2085 1080 wüße aber nit war vom so haben
1474 1044 2074 1132 Ime auch anzeige wir ein gassen
1498 1104 2080 1184 red sye, es gange mit dem Kinde
1494 1144 2087 1237 da es nit glaugnet, sonder gesagt
1495 1202 2064 1292 so welle es auch bringen, wüße
1502 1257 2068 1341 von dheine granck mit, es ge
1499 1311 2075 1399 ouch gar ein redlicher dienst
1492 1389 2068 1500 Mutter Dillien die hebammen
1514 1470 2078 1551 seit, das Hans gutten frauw
1491 1515 2077 1616 sgreicht und ira nit wyl glaße
1496 1573 2079 1656 znacht herst v. als sy khommenhe
1501 1628 2067 1708 sy die Mutter vff der Buth, das
1495 1678 2087 1761 Kindli am herd tod, so etwan
1501 1724 2090 1814 halb usstrage gsin funden und
1505 1778 2095 1863 als sy das gesüfferet, hab sy die
1516 1830 2004 1914 anmal an ime funden, dan
1998 1846 2063 1905 1
1505 1880 2069 1976 hinden am houpt die mögt
1507 1934 2073 2012 aber nit wüssen, ob es in der
1513 1986 2052 2082 gepurt, also uff das houpt
1504 2048 2093 2129 geschoßen, oder zu Mutterlyb
1497 2101 2078 2190 ve vorlosset sye, hab es auch der
1506 2147 2099 2249 Mutter zeigt vnd gefragt, wie
1512 2205 2061 2300 es zu gangen, da sy gesagt, sy
1515 2258 2072 2357 möge es nit wüßen. Sy hab
1498 2311 2063 2409 ira auch bekendt, es gehöre eine
1515 2373 2127 2460 von Wynter thue, wüsse und habe
1504 2407 2017 2520 dheinen träncker gespürt
1503 2477 2092 2609 Beruhen Schor deß schrybers
1513 2556 2097 2663 frouw züget, wie sy khomme
1510 2604 2085 2707 habe sy nüt gesachen, dan das
1528 2655 2085 2782 dis küchli hinden am houptle
2177 306 2832 542 en gegen ent
2157 362 2856 598 ansehenen ande
2180 458 2766 641 ens geben an einen
2170 520 2787 693 darvor gewysse es gange mit der
2158 545 2851 757 schreiben nichten
2183 629 2804 801 es wolle, das auch bringen, es werde, das
2188 668 2815 847 niemandts für es thun c. Es habe
2169 733 2796 923 Gerechen gescheidet
2200 785 2805 970 geldern das er einhel
2179 851 2794 1037 dicht achten genen rechtet
2313 979 2470 1076 Bern.
2163 969 2810 1161 Herlichen deren und hat
2186 1037 2828 1199 kempf der alt, sind gemandt, wan sy
2192 1101 2876 1249 zum wyn gange, sollen sy sich züchig
2189 1166 2884 1299 haltte und sich vor üpigen wyber hutts
2301 1268 2704 1400 Schwartzenburg
2164 1345 2857 1486 dem chorgricht zuschryben, das sy
2197 1407 2783 1524 Admnia mischtern für sich
2175 1451 2888 1588 beschicke ira fürhaltte, wie sy sich uff
2190 1526 2885 1631 6. Martis tag alhie zum Bären gfülte
2193 1580 2867 1679 ire dutten ab dem tisch unverschanige
2190 1646 2841 1739 fürhin zogen, den mannd zeigt.
2207 1694 2861 1804 vnd sy umb sollicher unzucht wille
2196 1769 2724 1854 3. tag vnd so vil nacht zu
2186 1822 2733 1921 gefangenschafft glegen etc.
2326 1902 2675 2020 Ober diese bach¬
2198 1996 2853 2119 Dem jr nochmallen geschryben, das
2229 2071 2844 2195 er Anna Hinrich uff fryttag tag
2221 2117 2830 2223 alhie gäbe, Andres Schmidter Im
2229 2182 2857 2287 rächten zubegägne, sonst solle es
2233 2230 2869 2354 Schinder ira das unehelich kind, so
2225 2279 2858 2421 sy ime gäben, widerumb schicken
2218 2339 2847 2473 und wan sy dan dasselbige kind
2220 2398 2839 2525 ime schinder, oder eine anders
2226 2444 2828 2607 zueigne wyl, das sy das alhie
2244 2520 2814 2656 vor uns am rächten, mit dem
2227 2557 2851 2727 eid thun solle, und er ein herren
2226 2623 2851 2809 wechsel ich die ich auchtet
2206 2664 2616 2825 deren langet
