4032 3024
1304 428 1901 550 gwaltingabt, die wyl sy uß denen
1303 497 1911 594 hinweg gemannet, und die wyl
1328 543 1920 657 sy von der dochter abgetheilt, da den
1322 594 1920 700 nitt sy, sonders die fründ von vot
1319 644 1900 753 ter har, wan sy one lyb erben
1320 692 1890 785 absterben soltten erben wurden.
1310 745 1918 867 zu dem sye sy erst 14 järig zu
1327 817 1910 921 welchem altter sy vermog ir gnaden
1331 872 1910 975 satzung für sich selbs nitt mechtig
1324 928 1913 1027 ghin sich dem andren ehelich zuuer¬
1337 989 1904 1098 prechen, und begärt, also uf ob
1316 1048 1865 1142 geschribnen gründen, solche
1318 1107 1900 1218 sche versprechung soltte krafftlich
1312 1174 1910 1283 erkent werden, dargegen geschen
1305 1228 1858 1316 Linier vermeint, die wyl die
1321 1281 1898 1370 Dochter ime die ehe uffrecht, vnd
1337 1343 1879 1431 redlich guttwillig, in bysin
1306 1398 1912 1496 irer mutter die dan iren willen
1307 1455 1882 1551 daryn geben hätte, zugesagt,
1304 1513 1887 1616 und daruff ein zwifache span
1316 1583 1895 1677 fische gold kronen, dry Beri
1297 1639 1897 1737 dikpfennig und ein halbe silber
1297 1697 1898 1785 clonen abgenommen, so soltte
1309 1750 1896 1860 sollche ehezusagung krafft haben
1304 1810 1884 1916 und ime bestättigett werden
1289 1873 1882 1974 Cognitum. Die wyl die dochter
1292 1939 1898 2038 noch under den 29. Jaren altters
1308 2000 1910 2115 vnd gar unerwachsen, in welche
1290 2056 1872 2167 alltter sy nitt mechtig, noch
1300 2122 1872 2237 befügt gsin, sich unandtgen
1297 2176 1906 2281 vogt, und iren fründen von vatter
1283 2242 1922 2368 har hinderruks ehelich zeuersprochen
1300 2291 1873 2421 und nun dise versprechung inen
1283 2347 1896 2475 die gemeltten fründen widrig
1282 2411 1871 2549 Ist, und sy wol gwalch habend
2003 322 2641 544 ahentlichen das erst
2006 413 2658 603 Eheversprechung uffgehept, und ime
1996 493 2620 664 Linier nachgelaßen, sich angent
2024 539 2643 701 anderfart vehrlichen mögen, ira
2022 628 2610 773 aber spotten sin, sy habe dan
2012 696 2644 852 ire Rechtmeßige Jar erlanget,
2019 751 2601 895 vnd das solches mitt gunst
2023 815 2650 959 wüten und willen ires vogt
2016 857 2666 1018 vnd fründen vom Vatter har zugange
1988 950 2675 1094 Denne soll er Linier ira der dochter
2010 1021 2603 1139 allen zimlichen billichen ersten die ehe
2010 1074 2653 1203 handels halb uffgelieffen anfragen und
2011 1135 2655 1268 sy das jhenig, so sy von der beschenen
2006 1184 2601 1342 ouch widerumb zustellen sollen.
2010 1344 2661 1477 frytag den 5. aprilis 1594.
1990 1418 2655 1520 Prases herr Tharin Minist. ambo.
2013 1486 2655 1586 Sinium Rüsch Dachselhoffer Rantz
2140 1594 2543 1693 Gastgricht. Hanen
1999 1648 2638 1723 petter Annen von Hanen Annamen
1998 1698 2639 1768 Anna Annen klagt den ehebruch, ab
1990 1731 2655 1821 Jacob Reinmoldt, irem eheman, mitt
2006 1793 2680 1873 anzeig, wie sy ingevarlich vor zechen
2002 1844 2637 1921 jaren zu ime in den stand der ehe
2007 1891 2682 1975 khommen, habe er glych darnach sich fräu¬
2003 1940 2677 2030 der metzen, vnd dienen angenommen
2007 1995 2656 2065 von denen er die böse klag genampt
1994 2037 2656 2118 die francosten ererbt, und sy lieder
2009 2090 2665 2181 die von imme dauon, sy lai unnd
1988 2146 2678 2233 zu ehelichen werken vntauglich
2009 2198 2690 2279 und die wyl dan er sich sollicher gstalt
2005 2246 2681 2344 zu huri vergangen, begärt sy aller
2008 2297 2684 2384 ehelichen banden von ihne uffgeleht
1996 2346 2708 2446 ze werden. Entgegen er des geklagten
1999 2397 2687 2479 fällers nitt anred sin wellen, nitt
2015 2443 2699 2530 vermelden, wie er von ira vnd nitt
2005 2490 2701 2589 sy von ime die anzogne sucht geerbt
