4032 3024
1281 440 1371 544 Ob
1366 477 1986 621 ime nachgelassen sin, sich ander
1374 557 1967 692 fort zeuerehelichen, er mag
1380 629 1980 748 sich sines erlittnen erstenn
1394 687 1953 820 uff irem gutt erhollen,
1533 826 1744 913 Birwyl
1348 914 1972 1029 Elzbach Engel. Ist von Hans Fry
1379 981 1973 1106 einem müllerknecht von y fin
1394 1062 1966 1158 uss dem allgöüw, von wegen
1394 1132 1976 1223 er sy falschlich dargsetzt und
1380 1195 1973 1295 bethrogen, in dem das er hie¬
1379 1259 1968 1370 vor, ein anderen wybs person
1394 1329 1955 1422 von Lachen us dem Schwytzer
1390 1384 1970 1491 piet geehelichet, und zu ein
1393 1461 1981 1562 hidlen zu kilchen gefürt, lutt
1399 1524 1961 1626 einer attestation, so sy vom
1391 1599 1995 1690 Statthaltter, vnd Rhat In der
1396 1671 1993 1771 murch verbracht, der ehehalten
1400 1732 1960 1853 uffgelöst, und ira erloupt
1418 1806 1972 1924 sich anderfart zeuwechlichen, sy
1392 1879 1981 2001 mag sich ires erlittnen costens
1418 1958 1895 2085 uff seinem gutt erholen.
1404 2150 1966 2279 an vogt zu Lentzburg, solle uff
1426 2213 1964 2318 obgedachten Hans Fry achen und
1413 2260 1952 2366 ws er in ir gnaden land betretten
1428 2313 1982 2433 wurde, in seiner verwaltung sollen
1408 2373 1965 2501 er inne gfengklich ynzügen und
1398 2420 1760 2555 zn gnaden berichten.
2656 454 2755 538 103.
2085 520 2694 649 frytag den 25. Januarii 1794.
2086 610 2492 709 Praeses herr Thari
2089 672 2376 751 Cons. St. Galdi
2071 708 2643 809 minist. h. Schnüwli herr Haller
2093 759 2700 853 Civium Rüsch, dachselhofer Rantz¬
2238 876 2389 965 Belpp.
2003 919 2775 1039 ach alls dan Barbel schuner, den ebruch ab
2073 988 2770 1089 Hans Gröniman geklagt, mitt anzeig
2088 1042 2775 1125 das er einsmals alls er mitt zeiten
2102 1101 2783 1198 hädeli, dem schnyder sinem meyster
2106 1162 2756 1241 von Buchse, nach mittnach ab der
2098 1207 2774 1305 stör khommen, in desselben seines meister
2099 1261 2762 1355 hus, uff ein bett zu zweyen näyerin
2122 1309 2739 1393 flegt, vnd mitt der einen sich in
2092 1357 2771 1474 curi vergangen, welches sy mitt
2104 1411 2754 1516 gnugsammer kundtschafft bewysenn
2096 1457 2772 1563 möge, deshalben auch zu kundtschafft
2113 1515 2730 1628 gelegt, obgedachten schädeli, sine
2118 1585 2321 1665 zusfrouw.
2117 1651 2198 1708 und
2107 1647 2772 1754 us wellicher kundtschafft sag, man
2105 1716 2786 1806 nitt verstan konnen, das er ettwas
2117 1772 2750 1865 unehrlichs, mitt gesagt näyeren
2407 1815 2788 1903 Sind sy widerumb
2125 1828 2405 1909 begangen habe,
2120 1876 2774 1967 alls schelütt zusamen bekendt und
2108 1944 2733 2031 Ist inen gepotten worden, sy sollind
2120 1986 2790 2059 heimkheren, vnd mitt einanderenn
2119 2038 2784 2119 hußhaltt. Sy habend gelopt und
2109 2078 2782 2158 Diewyl dan er Brömsman, sonst
2113 2138 2756 2227 In anderwegen liederlich, und sy umb
2125 2180 2775 2274 geringe Vrsach vbel schleiche, vnd stehe,
2101 2246 2773 2335 Ist er bis nechstkünfftig mentag zu
2133 2298 2758 2383 einer straff in getrugkung bekent,
2126 2351 2788 2429 worden, denne solle jedes sinen erlitt.
2123 2402 2731 2488 nen ersten, an ime selbs habenn
2333 2449 2475 2510 Berre
2129 2447 2788 2564 Balthasar hach von Constentz, so by
2134 2542 2778 2631 Daniel Bickhart dienet, Sol das
2128 2597 2746 2699 Jjenig khind, so ime Barbli i
