4032 3024
1488 406 2013 564 frytag den gn. Decis
1520 498 1990 611 psis Ha Galli Munici
1534 576 2012 679 ambe, eines Busch dochte
1552 621 1979 720 hoffer, Pantz Hofstette
1605 688 1905 820 Rüngschulden,
1400 784 2012 910 Dem hofmeister, wie minen ge
1413 855 1990 954 anzeigt, wie sin hof schryber
1436 913 1991 1004 Zacharias Gotschalch, vnd sin
1450 966 2020 1063 ehefrouw, mit ein anderen so gar
1504 1021 2026 1108 vneinigkeyt labindt, er sye
1441 1080 2017 1165 nitt allem mit schlan und stoße
1432 1124 2033 1217 Sunder auch schmächlichen eherneh¬
1424 1184 2034 1275 letzlichen wortten, schweine vbel
1443 1247 2034 1332 handt, über alles verheißen so
1453 1301 2004 1392 er einer eheren fründtschafft
1444 1352 2018 1444 than, darumb so solle er den
1453 1406 2034 1498 predicantes zu Wyndisch, den
1448 1462 2022 1560 zu Brugg, sampt under dry er
1461 1527 2004 1616 samme han der Rhatts zu ime
1443 1580 2034 1661 nammen, und ein ersuch thun s
1438 1634 2042 1714 zeuer ein boren, ist dan by imme
1451 1688 2024 1781 nüt erheblichs, ir beider klag
1452 1732 2028 1819 und antwort, sampt die hund
1457 1802 2051 1903 schafft sag, so inde per thun gege
1516 1874 2020 1959 wider das ander leggen
1472 1911 2042 2008 wurde, vnd was ime darub
1468 1975 2062 2075 zewüßen, eigentlich in gschryst
1457 2015 2033 2114 gefaßen, und das umb uff
1486 2077 2056 2167 uederlich est, mit beiden perschyt
1466 2126 2042 2228 zwyber schicken, und inne tag
1472 2191 2035 2293 anzusetzen vor uns zu rächt
1465 2238 1732 2334 zeerschyne
1601 2331 1901 2458 Müllenburg
1510 2439 1559 2495 der
1606 2432 2051 2551 vhorgricht, das sy uff
1506 2485 2028 2599 ünfftig mitwuchen Haus
1548 2558 1925 2657 alhier piettindt
2240 400 2455 517 Spintz.
2090 450 2716 662 Ncht ehegricht als ein
2125 503 2743 691 gschehen das erlesen
2118 567 2755 739 bereden mögendt, das er Niclaus
2142 633 2730 783 Müller der vor etwas zyts mit
2150 661 2754 828 siner ehefrawe gehoret, von sin
2147 734 2745 895 Hassers wegen etwas an siner ein
2155 772 2766 947 posten zu stür geben werden, was sy
2129 841 2754 1002 dan mög billich duncke, so aber
2143 876 2756 1055 by ime Hasser nüt erheblichs und
2159 929 2763 1085 er nüt thun wil, lassendt min
2140 993 2817 1133 han es by schon hievor ergangner
2158 1086 2524 1212 vrtheil belyben.
2241 1166 2510 1279 Seedorff
2124 1213 2766 1366 Eendichtli vorum, sa richt der ehe,
2169 1288 2777 1402 an Niclaus Horsch, habe ira die
2158 1346 2775 1464 verheißen, und daruff beschlaffen
2144 1398 2785 1521 Immasse, sy von ime schwanger worden,
2159 1464 2755 1579 dargägen er ira keiner ehezusag
2167 1519 2779 1632 anred sin wöllen, des byschlaffs
2706 1583 2767 1647 .
2170 1591 2711 1678 nit lougnende cognitum
2149 1624 2839 1727 Diewyl er ira kheiner eheuer heißung
2139 1698 2832 1770 bekantlich, vnd sy inne des nit under¬
2170 1747 2747 1837 richten mögen, das deßhalb sy aller
2173 1794 2847 1885 ehelichen ansprach von ein andere ledig
2174 1854 2854 1954 syn, inne beider eydts sich anderfart
2161 1910 2774 2012 Zuweichelichen erlaupt sin solle,
2769 1928 2836 2003 .
2164 1969 2823 2077 vnd wan sy des kindts geist, ime das
2163 2027 2837 2140 wie brüchlich zueignet, sol ers ira
2181 2093 2832 2197 abnemmen, und für das sie uff
2188 2142 2773 2257 erzüchen, fra 10 lb die für die
2179 2200 2810 2328 kindt pertin gäben, der ersten ist
2201 2249 2358 2337 theilt.
2184 2323 2882 2473 Er Niclaus Hörsch hat glogt, glich nach
2198 2384 2694 2519 wienachts alhie abzebüssen.
2316 2461 2501 2559 Erlach.
2185 2475 2882 2642 Den vogt, das er Bendicheli Frin etc. tag und
2206 2554 2806 2689 so vil nächt umb das anders färe, mit
2191 2599 2583 2703 gfangenschafft straffe.
2285 2675 2327 2735 a
2320 2675 2640 2794 Brüngartten.
2202 2683 2911 2872 Bangratz herman und Banberg, ist erkannt
2223 2753 2830 2928 mit Chua Burgerin zu Brangartt
2210 2797 2678 2951 slichen rechte zu halten,
