4032 3024
1464 447 1925 604 Zinstag den 26. decor.
1503 545 1926 659 sonhut er Balli minister
1485 610 1938 749 ams kind, doch erhoffen,
1602 690 1917 825 3 Gastgrich
1532 762 1824 887 Stauisburg.
1359 869 1937 1002 Vetter Thummermut, clagt
1375 942 1932 1055 ab Madlena Müller siner sche¬
1347 997 1908 1125 frouwe, die unvermögligkeit
1365 1059 1871 1171 ehnlich wercken, vnd begart
1375 1134 1914 1230 von ira gescheiden zwerden, vnd
1354 1189 1933 1289 damit er nit in huti falle sich
1356 1247 1928 1364 anzufarren zuuorehelichen zuerloben,
1363 1311 1922 1413 das sy ime bekantlich und
1367 1356 1938 1474 sich dem Rechten underworffe
1367 1440 1917 1542 Cognitum. Diewyl durch
1379 1496 1938 1595 rulation der hebammen zu dere
1382 1573 1416 1641 e
1445 1557 1923 1657 sy geschickt, erfundt das
1367 1606 1915 1730 so unvermöglich, ime dein
1383 1675 1906 1794 schschuld leysten mag, das
1416 1754 1902 1869 halb sy von ein anderen
1421 1817 1936 1918 verehrlichen ansprach vor ein
1443 1886 1953 2000 ren ledig vnd ime erlangt
1386 1920 1938 2066 sich anderhart zuuernhelich ein
1373 2002 1918 2123 ira aber gepotten syn sollen, s
1369 2041 1908 2176 stelle dan zu vor den den sy zu
1379 2098 1874 2224 ahn nemmen, wyl alhie vor
1361 2173 1916 2300 Chorgricht, dannethin soll s
1359 2214 1912 2343 ime dis handels halb allen
1356 2269 1897 2411 zimmlichen billichen ersten
1399 2328 1896 2476 gschanderlichel aus grandten
1382 2387 1579 2473 Abtrag
2106 381 2679 577 Mitrucken in decemb
2118 513 2576 655 Cons. Hn. Valli, darin
2139 575 2639 716 Münsten ambs eines Rüsch
2133 651 2647 790 Dacherlhoffer, Kantz Hofsterer
2152 813 2411 933 Thurnen.
1998 880 2657 1031 Maria von Nider hüßeren, spricht
2040 960 2597 1086 der ehe, an Heinrich Wyder den
2031 1023 2596 1147 Müller, wie er fra die uffrächt
2035 1095 2658 1218 vheißen. Dargegen er ira der ehe
2037 1151 2603 1272 zusagung nit laugnet, jedoch
2050 1210 2653 1320 anzeigt wie es in trunckner wyß
2014 1276 2692 1390 beschächen, als er nichter worden, habe er
2041 1343 2697 1455 In bedencke gfürt, das sy auch
2051 1413 2697 1512 anderen die eheversprochen, von den
2045 1468 2596 1580 s nit gescheyden, darumb von ira
2046 1530 2737 1640 gescheiden zwerden begart. Cognitum
2040 1590 2732 1701 Diewyl die satzung die eher heißig
2057 1667 2731 1766 so in trunckner wyß beschicht, nit bindt
2055 1718 2719 1838 sy auch ir ehemans tod nit weis
2072 1779 2753 1899 und nit von inne gescheiden, das deshalb
2066 1866 2692 1962 er aller ehelichen ansprach von Ire
2059 1921 2704 2014 jedig sin, vnd Ime erlauff sich
2061 1980 2716 2080 wol anderfart zuuorehelichen, fra
2078 2050 2731 2151 der erpotten, sy bringe dan glaub¬
2080 2104 2732 2204 würdig schyn, das ire ehemann,
2090 2168 2728 2273 mit dens sy inshäblich geseßen
2077 2227 2622 2332 tod syendt, vnd ira das allein
2099 2293 2638 2377 vor Chorgricht erkauft werden.
2161 2345 2715 2446 kosten ist theilt, sol inde parthen
2062 2401 2481 2509 Iten an im selbs habe
2070 2484 2619 2608 er wyder hat glopt uff
2095 2544 2733 2670 das für der lichest alhie abzebüss
2108 2629 2663 2749 sy aber ist angentz yngelegt.
