<?xml version="1.0" encoding="UTF-8" standalone="yes"?>
<PcGts xmlns="http://schema.primaresearch.org/PAGE/gts/pagecontent/2013-07-15" xmlns:xsi="http://www.w3.org/2001/XMLSchema-instance" xsi:schemaLocation="http://schema.primaresearch.org/PAGE/gts/pagecontent/2013-07-15 http://schema.primaresearch.org/PAGE/gts/pagecontent/2013-07-15/pagecontent.xsd">
    <Metadata>
        <Creator>prov=University of Rostock/Institute of Mathematics/CITlab|PLANET AI GmbH/Gundram Leifert/gundram.leifert@planet-ai.de:name=German_Kurrent_XVI-XVIII_M5.2(htr_id=38305)::::v=2.6.7
prov=University of Rostock/Institute of Mathematics/CITlab|PLANET AI GmbH/Tobias Gruening/tobias.gruening@planet-ai.de:name=de.uros.citlab.module.baseline2polygon.B2PSeamMultiOriented:v=2.6.7
prov=University of Rostock/Institute of Mathematics/CITlab|PLANET AI GmbH/Tobias Gruening/tobias.gruening@planet-ai.de:name=/net_tf/LA73_249_0mod360.pb:de.uros.citlab.segmentation.CITlab_LA_ML:v=2.6.7
Transkribus</Creator>
        <Created>2021-11-02T15:14:21.262+01:00</Created>
        <LastChange>2021-12-05T14:51:18.926+01:00</LastChange>
        <TranskribusMetadata docId="822504" pageId="30662452" pageNr="161" tsid="69420271" status="IN_PROGRESS" userId="101542" imgUrl="https://files.transkribus.eu/Get?id=DXYAAXNNEEJJKKQGSWZIHEZH&amp;fileType=view" xmlUrl="https://files.transkribus.eu/Get?id=XMXMPPETPKKTZOPBAWFVUKVH" imageId="24122523"/>
    </Metadata>
    <Page imageFilename="Foto 26.10.21, 3 09 02 PM.jpg" imageWidth="4032" imageHeight="3024">
        <ReadingOrder>
            <OrderedGroup id="ro_1687514401258" caption="Regions reading order">
                <RegionRefIndexed index="0" regionRef="r1"/>
                <RegionRefIndexed index="1" regionRef="r2"/>
                <RegionRefIndexed index="2" regionRef="r3"/>
            </OrderedGroup>
        </ReadingOrder>
        <TextRegion orientation="0.0" id="r1" custom="readingOrder {index:0;}">
            <Coords points="1301,301 1301,457 1376,457 1376,301"/>
            <TextLine id="r1l1" custom="readingOrder {index:0;}">
                <Coords points="1290,416 1313,411 1331,420 1339,415 1347,420 1366,412 1374,416 1387,414 1380,344 1357,344 1348,336 1344,339 1327,336 1307,353 1284,353"/>
                <Baseline points="1301,407 1326,407 1351,403 1376,401"/>
                <TextEquiv>
                    <Unicode>314</Unicode>
                </TextEquiv>
            </TextLine>
            <TextEquiv>
                <Unicode>314</Unicode>
            </TextEquiv>
        </TextRegion>
        <TextRegion orientation="0.0" id="r2" custom="readingOrder {index:1;}">
            <Coords points="1371,450 1371,2535 1995,2535 1995,450"/>
            <TextLine id="r2l1" custom="readingOrder {index:0;}">
                <Coords points="1528,494 1545,492 1570,512 1590,500 1631,528 1679,509 1703,523 1743,519 1761,528 1773,435 1754,434 1736,449 1708,454 1682,427 1670,432 1625,411 1598,423 1570,392 1541,390"/>
                <Baseline points="1541,477 1567,478 1594,480 1621,482 1648,485 1674,490 1701,494 1728,499 1755,503"/>
                <TextEquiv>
                    <Unicode>Hoffingen.</Unicode>
                </TextEquiv>
            </TextLine>
            <TextLine id="r2l2" custom="readingOrder {index:1;}">
                <Coords points="1360,520 1484,537 1535,577 1617,556 1718,599 1769,579 1891,598 1921,626 1991,624 1997,583 1961,586 1897,546 1771,542 1681,509 1633,531 1591,501 1566,514 1531,479 1493,505 1415,452 1370,454"/>
                <Baseline points="1371,519 1401,522 1432,525 1462,530 1493,533 1523,537 1554,540 1584,545 1615,550 1645,553 1676,558 1707,562 1737,568 1768,573 1798,578 1829,584 1859,589 1890,596 1920,601 1951,608 1982,615"/>
                <TextEquiv>
                    <Unicode>Anna Albrecht, spricht der erran</Unicode>
                </TextEquiv>
            </TextLine>
            <TextLine id="r2l3" custom="readingOrder {index:2;}">
                <Coords points="1397,604 1501,585 1579,630 1746,626 1963,674 1980,674 1985,639 1911,624 1891,598 1810,606 1765,582 1664,596 1628,563 1523,574 1484,539 1407,532"/>
                <Baseline points="1410,582 1438,585 1466,590 1494,593 1522,596 1550,599 1578,602 1606,605 1634,609 1662,612 1690,616 1718,619 1746,623 1774,627 1802,632 1830,636 1858,641 1886,647 1914,653 1942,659 1970,666"/>
                <TextEquiv>
                    <Unicode>fridli meyster, mitt anzeig wie</Unicode>
                </TextEquiv>
            </TextLine>
            <TextLine id="r2l4" custom="readingOrder {index:3;}">
                <Coords points="1395,652 1429,663 1458,641 1496,668 1589,672 1606,696 1666,677 1735,697 1775,683 1831,719 1900,709 1960,745 2004,736 2012,678 1876,651 1796,665 1695,619 1662,642 1619,619 1596,633 1501,586 1400,614"/>
                <Baseline points="1407,636 1436,641 1465,646 1495,650 1524,654 1553,657 1583,661 1612,665 1641,668 1671,671 1700,675 1729,678 1759,681 1788,686 1817,690 1847,695 1876,699 1905,705 1935,712 1964,718 1994,726"/>
                <TextEquiv>
                    <Unicode>er zu die ehe nie dan einist uffragt</Unicode>
                </TextEquiv>
            </TextLine>
            <TextLine id="r2l5" custom="readingOrder {index:4;}">
                <Coords points="1391,696 1595,744 1663,740 1697,773 1830,753 1999,800 2006,750 1985,737 1952,743 1899,712 1821,727 1777,682 1606,697 1588,673 1476,662 1460,642 1395,667"/>
                <Baseline points="1401,695 1430,699 1460,704 1489,706 1519,711 1548,715 1578,719 1607,722 1637,727 1666,729 1696,734 1726,738 1755,742 1785,746 1814,750 1844,755 1873,760 1903,764 1932,769 1962,775 1992,779"/>
                <TextEquiv>
                    <Unicode>und redlich verheysen und begartt</Unicode>
                </TextEquiv>
            </TextLine>
            <TextLine id="r2l6" custom="readingOrder {index:5;}">
                <Coords points="1404,770 1571,784 1594,802 1665,795 1693,818 1811,800 1908,839 1985,840 1990,801 1912,772 1851,786 1766,759 1703,771 1673,744 1623,753 1491,711 1441,733 1411,719"/>
                <Baseline points="1416,762 1444,765 1472,767 1500,769 1528,772 1556,774 1584,777 1612,780 1640,784 1668,787 1696,790 1724,794 1752,797 1780,802 1808,806 1836,809 1864,813 1892,816 1920,820 1948,824 1977,828"/>
                <TextEquiv>
                    <Unicode>derhalben an inne, das er Grasum</Unicode>
                </TextEquiv>
            </TextLine>
            <TextLine id="r2l7" custom="readingOrder {index:6;}">
                <Coords points="1400,855 1432,848 1453,868 1583,836 1662,864 1709,852 1772,895 1852,874 1891,896 1994,899 1999,851 1948,826 1917,840 1744,801 1700,822 1650,795 1408,780"/>
                <Baseline points="1413,824 1441,825 1470,827 1498,828 1527,830 1556,832 1584,834 1613,837 1641,839 1670,842 1699,845 1727,848 1756,851 1784,855 1813,859 1842,864 1870,868 1899,873 1927,878 1956,883 1985,890"/>
                <TextEquiv>
                    <Unicode>zusagen haltte, und zu kilchen fhür</Unicode>
                </TextEquiv>
            </TextLine>
            <TextLine id="r2l8" custom="readingOrder {index:7;}">
                <Coords points="1404,920 1506,903 1539,935 1593,945 1713,908 1797,936 1927,936 1962,962 1994,956 1999,897 1941,910 1908,884 1663,881 1569,840 1458,865 1409,847"/>
                <Baseline points="1416,893 1444,896 1472,897 1501,899 1529,901 1558,903 1586,905 1615,906 1643,908 1672,909 1700,912 1728,914 1757,915 1785,918 1814,921 1842,923 1871,926 1899,929 1928,934 1956,938 1985,942"/>
                <TextEquiv>
                    <Unicode>sölle entgegen vermeltter meister</Unicode>
                </TextEquiv>
            </TextLine>
            <TextLine id="r2l9" custom="readingOrder {index:8;}">
                <Coords points="1399,978 1454,993 1577,966 1647,1000 1729,987 1749,1005 1794,985 1820,1001 1907,985 1960,1011 1963,954 1861,947 1825,924 1763,939 1735,919 1704,938 1568,937 1506,902 1402,919"/>
                <Baseline points="1410,956 1437,957 1464,957 1491,959 1518,959 1545,960 1572,961 1599,962 1626,963 1653,964 1680,965 1707,966 1734,968 1761,969 1788,972 1815,974 1842,975 1869,979 1896,982 1923,985 1950,989"/>
                <TextEquiv>
                    <Unicode>ira keiner ehezusagung, dar uff</Unicode>
                </TextEquiv>
            </TextLine>
            <TextLine id="r2l10" custom="readingOrder {index:9;}">
                <Coords points="1416,1031 1467,1023 1589,1061 1682,1021 1715,1047 1795,1029 1825,1051 1853,1032 1917,1057 2003,1056 2006,989 1938,1008 1907,990 1840,1006 1759,986 1660,1001 1567,972 1418,988"/>
                <Baseline points="1428,1013 1456,1016 1484,1016 1512,1018 1540,1019 1569,1020 1597,1020 1625,1022 1653,1022 1681,1022 1710,1023 1738,1023 1766,1023 1794,1025 1822,1026 1851,1028 1879,1029 1907,1032 1935,1034 1963,1038 1992,1043"/>
                <TextEquiv>
                    <Unicode>vorbehalt sies vatters und mutter</Unicode>
                </TextEquiv>
            </TextLine>
            <TextLine id="r2l11" custom="readingOrder {index:10;}">
                <Coords points="1399,1089 1545,1084 1641,1111 1727,1093 1772,1113 1882,1096 2004,1128 2007,1053 1906,1062 1792,1030 1718,1049 1686,1022 1609,1053 1462,1022 1428,1048 1401,1037"/>
                <Baseline points="1410,1074 1439,1074 1468,1074 1497,1074 1527,1074 1556,1074 1585,1074 1614,1075 1644,1076 1673,1076 1702,1077 1731,1079 1761,1080 1790,1082 1819,1083 1848,1085 1878,1086 1907,1089 1936,1091 1965,1094 1995,1095"/>
                <TextEquiv>
                    <Unicode>gefallen hin gestendig sein wellen, hiebey</Unicode>
                </TextEquiv>
            </TextLine>
            <TextLine id="r2l12" custom="readingOrder {index:11;}">
                <Coords points="1388,1174 1497,1137 1575,1176 1662,1144 1694,1175 1758,1147 2000,1170 2001,1128 1947,1132 1892,1098 1740,1119 1702,1098 1640,1110 1551,1087 1517,1109 1392,1103"/>
                <Baseline points="1401,1133 1430,1133 1459,1133 1489,1133 1518,1134 1548,1135 1577,1136 1606,1137 1636,1139 1665,1140 1695,1142 1724,1144 1753,1146 1783,1147 1812,1149 1842,1151 1871,1151 1900,1152 1930,1154 1959,1155 1989,1155"/>
                <TextEquiv>
                    <Unicode>gab auch sin vatter zeverstanden</Unicode>
                </TextEquiv>
            </TextLine>
            <TextLine id="r2l13" custom="readingOrder {index:12;}">
                <Coords points="1383,1224 1466,1201 1596,1239 1645,1205 1776,1235 1829,1220 1979,1244 1996,1171 1876,1186 1835,1161 1805,1190 1778,1174 1671,1183 1637,1157 1604,1177 1385,1171"/>
                <Baseline points="1394,1203 1423,1203 1452,1202 1482,1202 1511,1202 1541,1202 1570,1203 1600,1203 1629,1205 1659,1206 1688,1206 1717,1208 1747,1209 1776,1211 1806,1213 1835,1214 1865,1215 1894,1216 1924,1218 1953,1218 1983,1220"/>
                <TextEquiv>
                    <Unicode>wan er schon ettwas verheisen</Unicode>
                </TextEquiv>
            </TextLine>
            <TextLine id="r2l14" custom="readingOrder {index:13;}">
                <Coords points="1398,1279 1526,1263 1608,1304 1653,1274 1733,1269 1782,1292 1862,1276 1903,1302 1931,1282 1998,1293 1985,1230 1776,1235 1731,1212 1637,1211 1596,1235 1464,1202 1400,1227"/>
                <Baseline points="1410,1259 1438,1260 1467,1262 1496,1262 1525,1263 1554,1265 1583,1265 1612,1266 1641,1266 1670,1268 1699,1269 1727,1269 1756,1270 1785,1271 1814,1272 1843,1274 1872,1275 1901,1277 1930,1278 1959,1281 1988,1284"/>
                <TextEquiv>
                    <Unicode>hätte, So getruwette er solches</Unicode>
                </TextEquiv>
            </TextLine>
            <TextLine id="r2l15" custom="readingOrder {index:14;}">
                <Coords points="1394,1347 1472,1326 1573,1360 1770,1335 1920,1362 1942,1342 1977,1349 1978,1290 1931,1283 1903,1301 1862,1277 1822,1293 1749,1274 1625,1309 1565,1282 1483,1288 1438,1262 1395,1282"/>
                <Baseline points="1404,1325 1432,1326 1460,1327 1488,1328 1516,1329 1544,1331 1572,1331 1601,1331 1629,1332 1657,1333 1685,1334 1713,1334 1741,1335 1769,1335 1798,1336 1826,1337 1854,1337 1882,1338 1910,1338 1938,1340 1967,1341"/>
                <TextEquiv>
                    <Unicode>stürtzen mögen. Diewyl sin</Unicode>
                </TextEquiv>
            </TextLine>
            <TextLine id="r2l16" custom="readingOrder {index:15;}">
                <Coords points="1387,1404 1481,1392 1518,1416 1535,1401 1589,1416 1642,1394 1738,1416 1790,1394 1903,1397 1951,1425 1970,1419 1971,1354 1872,1372 1806,1337 1387,1362"/>
                <Baseline points="1398,1394 1426,1392 1454,1391 1482,1391 1510,1389 1538,1389 1566,1389 1594,1389 1622,1389 1650,1389 1678,1389 1706,1390 1734,1391 1762,1391 1790,1392 1818,1394 1846,1394 1874,1395 1902,1396 1930,1397 1959,1398"/>
                <TextEquiv>
                    <Unicode>son, noch under den zwentzig</Unicode>
                </TextEquiv>
            </TextLine>
            <TextLine id="r2l17" custom="readingOrder {index:16;}">
                <Coords points="1379,1477 1417,1455 1536,1473 1584,1450 1678,1485 1728,1458 1782,1477 1860,1457 1996,1486 1996,1398 1952,1423 1846,1399 1745,1423 1687,1397 1459,1424 1380,1411"/>
                <Baseline points="1389,1449 1418,1449 1448,1448 1478,1448 1508,1448 1538,1448 1568,1448 1597,1448 1627,1448 1657,1448 1687,1448 1717,1449 1747,1449 1777,1450 1806,1451 1836,1451 1866,1452 1896,1452 1926,1454 1956,1454 1986,1454"/>
                <TextEquiv>
                    <Unicode>Jaren alters sye, und legt hiemit</Unicode>
                </TextEquiv>
            </TextLine>
            <TextLine id="r2l18" custom="readingOrder {index:17;}">
                <Coords points="1391,1529 1546,1511 1603,1550 1652,1522 1698,1516 1727,1542 1809,1512 1836,1536 1945,1521 1961,1538 2003,1526 2004,1482 1958,1488 1910,1460 1885,1478 1758,1465 1680,1485 1620,1458 1586,1479 1544,1465 1481,1483 1392,1465"/>
                <Baseline points="1401,1505 1430,1506 1460,1506 1489,1508 1519,1508 1548,1508 1578,1509 1607,1509 1637,1509 1666,1509 1696,1511 1726,1511 1755,1511 1785,1512 1814,1512 1844,1514 1873,1514 1903,1515 1932,1515 1962,1517 1992,1517"/>
                <TextEquiv>
                    <Unicode>yn ein usszug us dem thouff Raden</Unicode>
                </TextEquiv>
            </TextLine>
            <TextLine id="r2l19" custom="readingOrder {index:18;}">
                <Coords points="1382,1574 1445,1588 1474,1568 1549,1605 1603,1604 1646,1576 1722,1603 1802,1575 1971,1594 1992,1584 1994,1525 1922,1549 1774,1514 1728,1542 1699,1514 1600,1543 1524,1514 1383,1536"/>
                <Baseline points="1392,1562 1421,1563 1451,1563 1480,1564 1510,1565 1539,1565 1569,1566 1598,1566 1628,1568 1657,1569 1687,1569 1717,1569 1746,1571 1776,1571 1805,1572 1835,1572 1864,1573 1894,1574 1923,1574 1953,1574 1983,1574"/>
                <TextEquiv>
                    <Unicode>damitt er erzeygt, wie gemelte</Unicode>
                </TextEquiv>
            </TextLine>
            <TextLine id="r2l20" custom="readingOrder {index:19;}">
                <Coords points="1397,1656 1588,1622 1673,1660 1817,1660 1876,1636 1991,1676 1992,1584 1933,1604 1827,1575 1724,1602 1547,1605 1399,1579"/>
                <Baseline points="1409,1626 1437,1626 1466,1626 1494,1626 1523,1628 1551,1628 1580,1629 1608,1629 1637,1631 1665,1631 1694,1632 1723,1632 1751,1634 1780,1634 1808,1635 1837,1635 1865,1635 1894,1635 1922,1635 1951,1635 1980,1634"/>
                <TextEquiv>
                    <Unicode>sin son noch under den zwentzig</Unicode>
                </TextEquiv>
            </TextLine>
            <TextLine id="r2l21" custom="readingOrder {index:20;}">
                <Coords points="1381,1730 1485,1697 1619,1725 1717,1690 1774,1707 1866,1695 1897,1716 1949,1693 1950,1658 1711,1661 1645,1631 1584,1662 1509,1659 1481,1638 1440,1659 1381,1650"/>
                <Baseline points="1391,1688 1418,1688 1445,1687 1473,1686 1500,1686 1528,1686 1555,1686 1583,1686 1610,1686 1638,1686 1665,1688 1692,1688 1720,1688 1747,1688 1775,1688 1802,1689 1830,1689 1857,1689 1885,1689 1912,1689 1940,1688"/>
                <TextEquiv>
                    <Unicode>jaren etc. Cognitio, diewyl</Unicode>
                </TextEquiv>
            </TextLine>
            <TextLine id="r2l22" custom="readingOrder {index:21;}">
                <Coords points="1369,1785 1472,1754 1559,1771 1593,1754 1689,1791 1752,1795 1783,1766 1817,1787 1850,1762 1990,1755 1990,1695 1904,1716 1858,1695 1777,1728 1666,1706 1601,1727 1576,1710 1430,1727 1369,1702"/>
                <Baseline points="1380,1751 1410,1751 1440,1751 1470,1751 1500,1751 1530,1751 1560,1751 1590,1751 1620,1751 1650,1751 1680,1751 1710,1752 1740,1752 1770,1752 1800,1752 1830,1752 1860,1751 1890,1751 1920,1750 1950,1749 1980,1748"/>
                <TextEquiv>
                    <Unicode>vermeltten Fridli Meyster, noch</Unicode>
                </TextEquiv>
            </TextLine>
            <TextLine id="r2l23" custom="readingOrder {index:22;}">
                <Coords points="1368,1828 1518,1808 1558,1829 1652,1814 1776,1832 1870,1811 1964,1827 1987,1817 1987,1781 1824,1788 1717,1751 1667,1778 1470,1754 1368,1784"/>
                <Baseline points="1379,1811 1408,1809 1438,1809 1468,1808 1498,1808 1528,1808 1558,1808 1587,1808 1617,1808 1647,1809 1677,1809 1707,1809 1737,1809 1767,1809 1796,1809 1826,1809 1856,1809 1886,1808 1916,1806 1946,1805 1976,1803"/>
                <TextEquiv>
                    <Unicode>under den zwentzig Jaren altters</Unicode>
                </TextEquiv>
            </TextLine>
            <TextLine id="r2l24" custom="readingOrder {index:23;}">
                <Coords points="1377,1883 1508,1873 1659,1906 1730,1887 1772,1904 1809,1878 1857,1897 1935,1878 1934,1819 1763,1835 1675,1818 1627,1846 1518,1809 1376,1847"/>
                <Baseline points="1386,1872 1414,1871 1442,1871 1471,1871 1499,1871 1527,1871 1556,1872 1584,1872 1612,1872 1641,1873 1669,1874 1698,1874 1726,1874 1754,1874 1783,1872 1811,1872 1839,1871 1868,1868 1896,1866 1925,1863"/>
                <TextEquiv>
                    <Unicode>vnd nitt mechtig gsin sone</Unicode>
                </TextEquiv>
            </TextLine>
            <TextLine id="r2l25" custom="readingOrder {index:24;}">
                <Coords points="1376,1958 1589,1940 1714,1949 1747,1979 1794,1947 1825,1959 1896,1929 1986,1931 1984,1875 1780,1910 1755,1887 1655,1907 1512,1873 1374,1881"/>
                <Baseline points="1385,1937 1414,1937 1444,1937 1473,1937 1503,1937 1532,1937 1562,1937 1591,1937 1621,1937 1650,1935 1680,1935 1710,1935 1739,1934 1769,1933 1798,1932 1828,1931 1857,1928 1887,1926 1916,1924 1946,1922 1976,1919"/>
                <TextEquiv>
                    <Unicode>siner eltteren wüßen, und willen</Unicode>
                </TextEquiv>
            </TextLine>
            <TextLine id="r2l26" custom="readingOrder {index:25;}">
                <Coords points="1379,2029 1460,2004 1554,2010 1603,2037 1692,2003 1833,2038 1963,1995 1962,1943 1774,1951 1748,1979 1716,1950 1592,1943 1412,1942 1377,1962"/>
                <Baseline points="1388,2006 1416,2004 1444,2003 1472,2002 1500,2001 1529,2001 1557,2001 1585,2001 1613,2001 1641,2001 1670,2001 1698,2001 1726,2001 1754,2001 1782,2000 1811,1999 1839,1997 1867,1995 1895,1992 1923,1989 1952,1985"/>
                <TextEquiv>
                    <Unicode>sich in die Ehe zuuersprochen, so</Unicode>
                </TextEquiv>
            </TextLine>
            <TextLine id="r2l27" custom="readingOrder {index:26;}">
                <Coords points="1378,2081 1470,2058 1544,2094 1679,2070 1753,2104 1844,2060 1882,2084 1913,2059 1978,2074 1976,1997 1955,1995 1833,2037 1795,2017 1661,2016 1588,2037 1460,2004 1377,2031"/>
                <Baseline points="1388,2067 1418,2067 1448,2066 1479,2065 1509,2064 1540,2064 1570,2064 1601,2063 1631,2063 1662,2063 1692,2063 1723,2062 1753,2061 1784,2061 1814,2060 1845,2058 1875,2057 1906,2055 1936,2054 1967,2051"/>
                <TextEquiv>
                    <Unicode>solle deshalb sin zusagung uff</Unicode>
                </TextEquiv>
            </TextLine>
            <TextLine id="r2l28" custom="readingOrder {index:27;}">
                <Coords points="1375,2151 1594,2124 1617,2144 1669,2122 1715,2139 1794,2122 1845,2145 1924,2111 1960,2128 1958,2072 1909,2059 1883,2085 1824,2064 1746,2102 1686,2071 1643,2093 1590,2074 1544,2093 1519,2068 1475,2085 1427,2069 1373,2096"/>
                <Baseline points="1385,2133 1413,2131 1441,2128 1469,2126 1497,2124 1526,2124 1554,2123 1582,2123 1610,2121 1638,2121 1667,2121 1695,2121 1723,2120 1751,2120 1779,2118 1808,2117 1836,2116 1864,2114 1892,2112 1920,2110 1949,2106"/>
                <TextEquiv>
                    <Unicode>geht, und jedem erloupt sin</Unicode>
                </TextEquiv>
            </TextLine>
            <TextLine id="r2l29" custom="readingOrder {index:28;}">
                <Coords points="1365,2204 1535,2189 1579,2226 1664,2191 1744,2222 1788,2202 1811,2225 1991,2221 1989,2131 1826,2145 1775,2121 1720,2148 1669,2122 1594,2123 1475,2168 1404,2136 1364,2147"/>
                <Baseline points="1376,2193 1406,2193 1436,2192 1466,2190 1496,2190 1526,2190 1556,2189 1587,2189 1617,2189 1647,2189 1677,2187 1707,2187 1737,2187 1767,2186 1798,2186 1828,2184 1858,2183 1888,2183 1918,2181 1948,2178 1979,2175"/>
                <TextEquiv>
                    <Unicode>das es sich ander fort verehelichen</Unicode>
                </TextEquiv>
            </TextLine>
            <TextLine id="r2l30" custom="readingOrder {index:29;}">
                <Coords points="1369,2257 1436,2277 1467,2258 1511,2276 1614,2258 1666,2282 1695,2259 1862,2248 1894,2271 1975,2245 1975,2215 1810,2224 1776,2197 1745,2223 1655,2192 1580,2229 1533,2188 1368,2217"/>
                <Baseline points="1379,2249 1408,2249 1437,2250 1466,2251 1496,2252 1525,2252 1554,2253 1583,2253 1613,2253 1642,2253 1671,2253 1700,2252 1730,2252 1759,2250 1788,2250 1817,2249 1847,2247 1876,2246 1905,2244 1934,2243 1964,2240"/>
                <TextEquiv>
                    <Unicode>möge, denne soll der vatter</Unicode>
                </TextEquiv>
            </TextLine>
            <TextLine id="r2l31" custom="readingOrder {index:30;}">
                <Coords points="1381,2324 1586,2331 1615,2347 1644,2324 1682,2344 1736,2323 1759,2337 1807,2317 1924,2323 1929,2264 1693,2260 1622,2280 1528,2268 1380,2295"/>
                <Baseline points="1391,2318 1417,2318 1443,2318 1470,2319 1496,2319 1523,2319 1549,2319 1575,2319 1602,2319 1628,2319 1655,2319 1681,2318 1707,2318 1734,2316 1760,2315 1787,2314 1813,2312 1839,2309 1866,2307 1892,2304 1919,2301"/>
                <TextEquiv>
                    <Unicode>Wolffgang meyster ira der</Unicode>
                </TextEquiv>
            </TextLine>
            <TextLine id="r2l32" custom="readingOrder {index:31;}">
                <Coords points="1363,2409 1406,2386 1517,2417 1628,2384 1653,2401 1676,2380 1801,2401 1968,2367 1968,2325 1930,2336 1900,2311 1855,2344 1809,2317 1736,2349 1654,2328 1483,2355 1362,2338"/>
                <Baseline points="1373,2369 1402,2370 1431,2372 1460,2373 1490,2375 1519,2375 1548,2376 1577,2378 1607,2378 1636,2378 1665,2378 1694,2378 1724,2378 1753,2376 1782,2375 1811,2373 1841,2371 1870,2367 1899,2365 1928,2361 1958,2357"/>
                <TextEquiv>
                    <Unicode>Anna Albrecht, und irem vatt</Unicode>
                </TextEquiv>
            </TextLine>
            <TextLine id="r2l33" custom="readingOrder {index:32;}">
                <Coords points="1375,2474 1475,2453 1644,2484 1707,2452 1768,2477 1860,2441 1954,2452 1954,2399 1885,2385 1851,2410 1770,2387 1713,2400 1676,2379 1650,2402 1623,2385 1584,2413 1502,2421 1421,2386 1375,2401"/>
                <Baseline points="1386,2436 1413,2438 1441,2439 1469,2441 1497,2442 1525,2444 1553,2445 1580,2445 1608,2447 1636,2448 1664,2448 1692,2448 1720,2448 1748,2447 1775,2447 1803,2445 1831,2444 1859,2441 1887,2437 1915,2435 1943,2430"/>
                <TextEquiv>
                    <Unicode>so sy mitt disern ehehandel er</Unicode>
                </TextEquiv>
            </TextLine>
            <TextLine id="r2l34" custom="readingOrder {index:33;}">
                <Coords points="1374,2506 1425,2502 1500,2554 1532,2556 1579,2538 1611,2562 1639,2551 1692,2568 1699,2472 1605,2480 1554,2461 1479,2481 1430,2456 1377,2462"/>
                <Baseline points="1386,2498 1411,2500 1436,2502 1461,2504 1486,2506 1511,2508 1536,2510 1561,2510 1586,2513 1611,2515 1636,2517 1661,2519 1686,2522"/>
                <TextEquiv>
                    <Unicode>licken abtragen.</Unicode>
                </TextEquiv>
            </TextLine>
            <TextEquiv>
                <Unicode>Hoffingen.
Anna Albrecht, spricht der erran
fridli meyster, mitt anzeig wie
er zu die ehe nie dan einist uffragt
und redlich verheysen und begartt
derhalben an inne, das er Grasum
zusagen haltte, und zu kilchen fhür
sölle entgegen vermeltter meister
ira keiner ehezusagung, dar uff
vorbehalt sies vatters und mutter
gefallen hin gestendig sein wellen, hiebey
gab auch sin vatter zeverstanden
wan er schon ettwas verheisen
hätte, So getruwette er solches
stürtzen mögen. Diewyl sin
son, noch under den zwentzig
Jaren alters sye, und legt hiemit
yn ein usszug us dem thouff Raden
damitt er erzeygt, wie gemelte
sin son noch under den zwentzig
jaren etc. Cognitio, diewyl
vermeltten Fridli Meyster, noch
under den zwentzig Jaren altters
vnd nitt mechtig gsin sone
siner eltteren wüßen, und willen
sich in die Ehe zuuersprochen, so
solle deshalb sin zusagung uff
geht, und jedem erloupt sin
das es sich ander fort verehelichen
möge, denne soll der vatter
Wolffgang meyster ira der
Anna Albrecht, und irem vatt
so sy mitt disern ehehandel er
licken abtragen.</Unicode>
            </TextEquiv>
        </TextRegion>
        <TextRegion orientation="0.0" id="r3" custom="readingOrder {index:2;}">
            <Coords points="2069,417 2069,2423 2754,2423 2754,417"/>
            <TextLine id="r3l1" custom="readingOrder {index:0;}">
                <Coords points="2650,485 2673,480 2678,473 2691,477 2703,470 2708,469 2712,473 2720,467 2733,466 2730,404 2704,401 2698,407 2683,395 2677,400 2666,390 2645,391"/>
                <Baseline points="2658,450 2689,450 2721,447"/>
                <TextEquiv>
                    <Unicode>315</Unicode>
                </TextEquiv>
            </TextLine>
            <TextLine id="r3l2" custom="readingOrder {index:1;}">
                <Coords points="2255,524 2343,536 2390,509 2428,514 2425,418 2402,419 2347,448 2321,441 2302,424 2291,425 2273,442 2252,443"/>
                <Baseline points="2264,497 2289,494 2315,492 2340,491 2366,491 2391,491 2417,491"/>
                <TextEquiv>
                    <Unicode>buchst</Unicode>
                </TextEquiv>
            </TextLine>
            <TextLine id="r3l3" custom="readingOrder {index:2;}">
                <Coords points="2096,621 2323,608 2352,589 2461,621 2566,593 2593,615 2643,600 2698,637 2748,609 2747,536 2599,557 2477,550 2429,519 2323,558 2155,545 2095,571"/>
                <Baseline points="2105,611 2136,607 2168,602 2199,600 2231,596 2263,594 2294,593 2326,592 2358,591 2389,591 2421,591 2453,591 2484,592 2516,593 2548,594 2579,594 2611,594 2643,596 2674,596 2706,596 2738,596"/>
                <TextEquiv>
                    <Unicode>Sölle. Anna Walthartt von Ma</Unicode>
                </TextEquiv>
            </TextLine>
            <TextLine id="r3l4" custom="readingOrder {index:3;}">
                <Coords points="2113,679 2294,672 2332,648 2501,687 2583,655 2650,682 2673,663 2746,665 2746,625 2681,634 2641,597 2576,616 2555,595 2461,621 2288,598 2177,637 2112,622"/>
                <Baseline points="2123,665 2153,662 2184,659 2214,658 2245,656 2276,654 2306,653 2337,653 2368,653 2398,653 2429,653 2460,653 2490,653 2521,654 2552,654 2582,654 2613,656 2644,656 2674,657 2705,657 2736,657"/>
                <TextEquiv>
                    <Unicode>geedocht, uff nechstkünfftig in</Unicode>
                </TextEquiv>
            </TextLine>
            <TextLine id="r3l5" custom="readingOrder {index:4;}">
                <Coords points="2113,750 2180,739 2264,769 2325,715 2389,736 2494,722 2554,752 2584,735 2617,767 2678,723 2745,736 2745,671 2645,681 2586,656 2507,687 2404,659 2354,694 2310,661 2262,686 2239,669 2114,681"/>
                <Baseline points="2123,725 2153,722 2184,719 2214,718 2245,717 2276,716 2306,716 2337,716 2367,716 2398,717 2429,717 2459,718 2490,719 2520,720 2551,720 2582,722 2612,722 2643,722 2673,722 2704,721 2735,720"/>
                <TextEquiv>
                    <Unicode>tag sampt einem unzug us dem</Unicode>
                </TextEquiv>
            </TextLine>
            <TextLine id="r3l6" custom="readingOrder {index:5;}">
                <Coords points="2106,806 2223,800 2279,831 2327,802 2536,821 2624,792 2663,824 2764,807 2765,753 2684,724 2621,767 2579,734 2514,754 2488,726 2429,742 2354,726 2251,765 2154,765 2107,741"/>
                <Baseline points="2117,786 2148,785 2180,783 2212,783 2244,783 2276,783 2308,785 2339,787 2371,788 2403,791 2435,792 2467,794 2499,795 2531,797 2562,797 2594,797 2626,797 2658,795 2690,792 2722,789 2754,785"/>
                <TextEquiv>
                    <Unicode>mannal, wie offt sy sya beschikt</Unicode>
                </TextEquiv>
            </TextLine>
            <TextLine id="r3l7" custom="readingOrder {index:6;}">
                <Coords points="2096,876 2171,895 2233,872 2271,888 2463,865 2543,894 2572,875 2716,878 2731,803 2664,822 2570,797 2497,831 2455,810 2407,836 2323,805 2281,832 2181,803 2095,824"/>
                <Baseline points="2106,858 2136,858 2167,857 2198,857 2228,857 2259,857 2290,857 2320,857 2351,858 2382,858 2413,858 2443,858 2474,858 2505,858 2535,858 2566,858 2597,857 2627,857 2658,855 2689,854 2720,851"/>
                <TextEquiv>
                    <Unicode>vnd von Irem gottlosen haben</Unicode>
                </TextEquiv>
            </TextLine>
            <TextLine id="r3l8" custom="readingOrder {index:7;}">
                <Coords points="2093,963 2236,930 2342,955 2453,930 2754,939 2754,883 2696,870 2543,893 2499,866 2271,888 2234,872 2152,903 2094,890"/>
                <Baseline points="2105,924 2138,924 2172,926 2205,926 2239,926 2273,927 2306,927 2340,927 2374,927 2407,927 2441,927 2474,927 2508,927 2542,926 2575,926 2609,926 2643,926 2676,926 2710,926 2744,926"/>
                <TextEquiv>
                    <Unicode>sement abzesten, vernant alhar</Unicode>
                </TextEquiv>
            </TextLine>
            <TextLine id="r3l9" custom="readingOrder {index:8;}">
                <Coords points="2092,1027 2299,995 2351,1037 2433,1042 2533,999 2598,1037 2656,1016 2755,1034 2755,935 2552,930 2435,969 2383,937 2291,972 2203,938 2092,967"/>
                <Baseline points="2102,996 2134,995 2166,992 2198,992 2230,990 2262,990 2294,990 2326,990 2358,990 2390,990 2423,990 2455,992 2487,992 2519,993 2551,993 2583,995 2615,995 2647,995 2679,996 2711,996 2744,995"/>
                <TextEquiv>
                    <Unicode>schiken, damitt sy mitt ernst, gestrafft</Unicode>
                </TextEquiv>
            </TextLine>
            <TextLine id="r3l10" custom="readingOrder {index:9;}">
                <Coords points="2100,1062 2132,1063 2149,1079 2192,1096 2206,1087 2221,1095 2252,1091 2248,1001 2217,998 2172,1036 2157,1022 2122,1028 2099,1024"/>
                <Baseline points="2111,1058 2136,1056 2162,1055 2188,1054 2214,1053 2240,1052"/>
                <TextEquiv>
                    <Unicode>werde,</Unicode>
                </TextEquiv>
            </TextLine>
            <TextLine id="r3l11" custom="readingOrder {index:10;}">
                <Coords points="2257,1175 2273,1169 2319,1194 2328,1185 2344,1183 2363,1166 2378,1176 2407,1166 2407,1120 2350,1110 2344,1104 2333,1112 2323,1110 2312,1100 2294,1108 2285,1100 2256,1104"/>
                <Baseline points="2267,1163 2293,1160 2319,1160 2345,1160 2371,1160 2397,1161"/>
                <TextEquiv>
                    <Unicode>Bern.</Unicode>
                </TextEquiv>
            </TextLine>
            <TextLine id="r3l12" custom="readingOrder {index:11;}">
                <Coords points="2077,1251 2118,1236 2198,1269 2271,1236 2365,1256 2413,1235 2651,1228 2725,1253 2708,1168 2639,1185 2520,1156 2486,1183 2363,1167 2319,1192 2275,1171 2202,1192 2077,1176"/>
                <Baseline points="2087,1229 2118,1227 2149,1227 2181,1227 2212,1227 2243,1227 2275,1227 2306,1227 2337,1227 2369,1227 2400,1227 2431,1227 2463,1227 2494,1227 2525,1226 2557,1226 2588,1226 2619,1226 2651,1226 2682,1226 2714,1226"/>
                <TextEquiv>
                    <Unicode>zwüschen Baschlow hernan dem</Unicode>
                </TextEquiv>
            </TextLine>
            <TextLine id="r3l13" custom="readingOrder {index:12;}">
                <Coords points="2072,1308 2212,1291 2291,1313 2433,1284 2490,1304 2605,1288 2630,1310 2701,1295 2700,1244 2646,1231 2466,1233 2424,1259 2309,1240 2240,1261 2202,1241 2174,1265 2119,1236 2071,1245"/>
                <Baseline points="2081,1292 2111,1290 2141,1288 2172,1287 2202,1286 2233,1285 2263,1284 2294,1284 2324,1283 2355,1283 2385,1283 2415,1283 2446,1283 2476,1283 2507,1283 2537,1281 2568,1281 2598,1281 2629,1281 2659,1281 2690,1280"/>
                <TextEquiv>
                    <Unicode>Thorwart zu Marzilli, welcher</Unicode>
                </TextEquiv>
            </TextLine>
            <TextLine id="r3l14" custom="readingOrder {index:13;}">
                <Coords points="2086,1382 2140,1350 2215,1344 2246,1359 2434,1338 2531,1358 2649,1333 2677,1359 2733,1352 2732,1285 2665,1288 2641,1314 2596,1287 2494,1310 2375,1291 2256,1319 2153,1291 2085,1322"/>
                <Baseline points="2096,1343 2127,1343 2158,1343 2190,1343 2221,1342 2252,1341 2284,1341 2315,1340 2346,1340 2378,1339 2409,1338 2440,1337 2472,1337 2503,1337 2534,1335 2566,1335 2597,1335 2628,1334 2660,1334 2691,1334 2723,1334"/>
                <TextEquiv>
                    <Unicode>geredt, wan die Studenten vthin</Unicode>
                </TextEquiv>
            </TextLine>
            <TextLine id="r3l15" custom="readingOrder {index:14;}">
                <Coords points="2091,1421 2221,1410 2263,1449 2353,1408 2474,1429 2541,1403 2712,1415 2711,1352 2657,1334 2525,1364 2473,1341 2392,1380 2331,1348 2224,1345 2128,1353 2091,1377"/>
                <Baseline points="2102,1404 2132,1404 2162,1404 2192,1404 2222,1404 2252,1404 2282,1403 2312,1403 2342,1403 2372,1403 2402,1403 2432,1403 2462,1402 2492,1401 2522,1401 2552,1400 2582,1398 2612,1398 2642,1397 2672,1395 2702,1392"/>
                <TextEquiv>
                    <Unicode>khömind, so khonnind sy nütt, den</Unicode>
                </TextEquiv>
            </TextLine>
            <TextLine id="r3l16" custom="readingOrder {index:15;}">
                <Coords points="2085,1504 2156,1506 2211,1473 2271,1502 2313,1470 2388,1466 2468,1499 2566,1468 2727,1484 2727,1423 2624,1438 2555,1403 2478,1430 2386,1414 2267,1445 2229,1414 2085,1421"/>
                <Baseline points="2096,1466 2127,1464 2158,1464 2189,1463 2220,1463 2251,1463 2282,1463 2313,1463 2344,1463 2375,1463 2406,1463 2437,1463 2468,1463 2499,1464 2530,1464 2561,1464 2592,1463 2623,1463 2654,1463 2685,1461 2717,1461"/>
                <TextEquiv>
                    <Unicode>husen praten, und huren, das man</Unicode>
                </TextEquiv>
            </TextLine>
            <TextLine id="r3l17" custom="readingOrder {index:16;}">
                <Coords points="2095,1551 2186,1533 2210,1551 2259,1527 2385,1552 2483,1526 2517,1559 2556,1527 2678,1541 2694,1537 2693,1466 2602,1490 2564,1468 2476,1505 2388,1467 2303,1504 2213,1474 2146,1506 2094,1501"/>
                <Baseline points="2105,1535 2135,1531 2165,1529 2196,1527 2226,1526 2257,1524 2287,1524 2318,1523 2348,1523 2379,1523 2409,1523 2440,1523 2470,1524 2501,1524 2531,1523 2562,1523 2592,1523 2623,1521 2653,1520 2684,1517"/>
                <TextEquiv>
                    <Unicode>sy glych entsetzen muge, und sy</Unicode>
                </TextEquiv>
            </TextLine>
            <TextLine id="r3l18" custom="readingOrder {index:17;}">
                <Coords points="2090,1607 2160,1584 2232,1617 2282,1589 2390,1585 2635,1608 2691,1589 2691,1537 2597,1552 2551,1525 2520,1557 2486,1532 2394,1562 2365,1532 2340,1547 2294,1529 2233,1565 2187,1534 2089,1557"/>
                <Baseline points="2100,1584 2129,1583 2158,1583 2187,1583 2216,1583 2245,1583 2274,1583 2303,1583 2332,1583 2361,1583 2390,1583 2419,1583 2448,1583 2477,1583 2506,1583 2535,1581 2564,1581 2593,1581 2622,1580 2651,1580 2681,1578"/>
                <TextEquiv>
                    <Unicode>die Studiosi gemeint, seinliche</Unicode>
                </TextEquiv>
            </TextLine>
            <TextLine id="r3l19" custom="readingOrder {index:18;}">
                <Coords points="2086,1659 2136,1643 2186,1676 2244,1645 2347,1658 2368,1641 2403,1666 2435,1652 2516,1675 2648,1638 2713,1663 2725,1594 2583,1613 2422,1587 2351,1616 2278,1591 2249,1614 2086,1615"/>
                <Baseline points="2096,1634 2126,1634 2157,1635 2188,1635 2219,1637 2250,1637 2281,1637 2312,1638 2343,1638 2374,1638 2405,1638 2435,1638 2466,1638 2497,1638 2528,1638 2559,1638 2590,1638 2621,1637 2652,1637 2683,1635 2714,1635"/>
                <TextEquiv>
                    <Unicode>nitt syend, vnd sich bisshar wol ge¬</Unicode>
                </TextEquiv>
            </TextLine>
            <TextLine id="r3l20" custom="readingOrder {index:19;}">
                <Coords points="2080,1720 2195,1703 2337,1729 2722,1702 2709,1654 2630,1676 2435,1652 2402,1666 2366,1641 2345,1660 2268,1646 2195,1678 2080,1660"/>
                <Baseline points="2090,1698 2121,1698 2152,1697 2183,1697 2214,1697 2245,1696 2276,1695 2307,1695 2338,1695 2369,1694 2401,1694 2432,1694 2463,1694 2494,1694 2525,1694 2556,1694 2587,1694 2618,1694 2649,1695 2680,1695 2712,1697"/>
                <TextEquiv>
                    <Unicode>haltt habind, vnd dargegen er es</Unicode>
                </TextEquiv>
            </TextLine>
            <TextLine id="r3l21" custom="readingOrder {index:20;}">
                <Coords points="2096,1772 2148,1770 2184,1799 2242,1761 2347,1754 2409,1779 2457,1762 2627,1784 2685,1759 2731,1767 2731,1708 2612,1696 2493,1726 2305,1729 2198,1707 2096,1728"/>
                <Baseline points="2106,1754 2136,1755 2167,1755 2198,1755 2229,1755 2259,1754 2290,1754 2321,1754 2352,1754 2382,1754 2413,1752 2444,1752 2475,1752 2505,1752 2536,1752 2567,1752 2598,1752 2628,1752 2659,1753 2690,1754 2721,1755"/>
                <TextEquiv>
                    <Unicode>versprochen, wie er nitt sy, sondern</Unicode>
                </TextEquiv>
            </TextLine>
            <TextLine id="r3l22" custom="readingOrder {index:21;}">
                <Coords points="2089,1850 2173,1820 2286,1845 2313,1824 2583,1820 2639,1858 2706,1826 2746,1837 2746,1786 2622,1791 2461,1760 2409,1786 2367,1757 2290,1788 2229,1772 2187,1795 2089,1785"/>
                <Baseline points="2099,1811 2130,1812 2162,1814 2194,1815 2226,1816 2258,1817 2290,1817 2321,1815 2353,1815 2385,1815 2417,1814 2449,1814 2481,1812 2513,1812 2544,1812 2576,1811 2608,1811 2640,1812 2672,1813 2704,1814 2736,1815"/>
                <TextEquiv>
                    <Unicode>allein die so sich übel gehaltt gemeint</Unicode>
                </TextEquiv>
            </TextLine>
            <TextLine id="r3l23" custom="readingOrder {index:22;}">
                <Coords points="2093,1885 2241,1880 2277,1913 2381,1886 2404,1905 2482,1889 2528,1906 2659,1883 2693,1904 2730,1889 2731,1841 2706,1827 2641,1858 2478,1824 2365,1857 2173,1821 2135,1854 2093,1850"/>
                <Baseline points="2103,1872 2133,1874 2164,1875 2195,1877 2226,1877 2257,1877 2288,1878 2319,1878 2350,1878 2381,1878 2412,1877 2442,1877 2473,1877 2504,1877 2535,1877 2566,1877 2597,1877 2628,1877 2659,1877 2690,1877 2721,1878"/>
                <TextEquiv>
                    <Unicode>vnd wie er es geredt, ein gutten</Unicode>
                </TextEquiv>
            </TextLine>
            <TextLine id="r3l24" custom="readingOrder {index:23;}">
                <Coords points="2108,1964 2457,1946 2517,1970 2576,1947 2670,1953 2672,1892 2527,1906 2481,1890 2412,1908 2302,1893 2276,1913 2243,1883 2109,1897"/>
                <Baseline points="2118,1934 2145,1934 2172,1935 2199,1935 2226,1937 2253,1937 2280,1938 2308,1938 2335,1940 2362,1940 2389,1941 2416,1941 2443,1941 2470,1943 2498,1943 2525,1943 2552,1944 2579,1944 2606,1944 2633,1944 2661,1944"/>
                <TextEquiv>
                    <Unicode>tringk gehapt, und in einem</Unicode>
                </TextEquiv>
            </TextLine>
            <TextLine id="r3l25" custom="readingOrder {index:24;}">
                <Coords points="2090,2036 2257,2002 2479,2028 2596,2003 2736,2016 2736,1966 2619,1972 2577,1947 2531,1976 2433,1946 2266,1974 2218,1951 2090,1972"/>
                <Baseline points="2100,1997 2131,1998 2162,2000 2193,2000 2225,2001 2256,2001 2287,2001 2319,2001 2350,2001 2381,2001 2413,2001 2444,2001 2475,2000 2506,2000 2538,2000 2569,2000 2600,2001 2632,2001 2663,2002 2694,2003 2726,2004"/>
                <TextEquiv>
                    <Unicode>gehösch geredt etc. Ist erkent, das</Unicode>
                </TextEquiv>
            </TextLine>
            <TextLine id="r3l26" custom="readingOrder {index:25;}">
                <Coords points="2106,2074 2258,2068 2298,2103 2342,2068 2398,2088 2541,2067 2608,2071 2636,2099 2664,2076 2716,2079 2717,2042 2685,2047 2642,2019 2550,2038 2523,2013 2381,2027 2343,2003 2297,2040 2205,2009 2107,2022"/>
                <Baseline points="2117,2061 2146,2061 2175,2061 2205,2061 2234,2061 2264,2061 2293,2061 2323,2063 2352,2063 2382,2063 2411,2064 2440,2064 2470,2066 2499,2066 2529,2067 2558,2067 2588,2069 2617,2069 2647,2070 2676,2070 2706,2070"/>
                <TextEquiv>
                    <Unicode>er fürhin sollicher reden mächtige</Unicode>
                </TextEquiv>
            </TextLine>
            <TextLine id="r3l27" custom="readingOrder {index:26;}">
                <Coords points="2095,2136 2238,2119 2292,2122 2337,2157 2616,2133 2697,2156 2722,2150 2724,2081 2663,2076 2635,2098 2580,2069 2502,2101 2458,2070 2397,2087 2383,2072 2292,2104 2260,2069 2193,2061 2096,2094"/>
                <Baseline points="2106,2117 2136,2117 2166,2117 2196,2118 2227,2118 2257,2118 2287,2120 2318,2120 2348,2121 2378,2122 2409,2123 2439,2124 2469,2126 2499,2126 2530,2127 2560,2128 2590,2129 2621,2129 2651,2130 2681,2130 2712,2130"/>
                <TextEquiv>
                    <Unicode>vnd betrachte, was er rede, sy</Unicode>
                </TextEquiv>
            </TextLine>
            <TextLine id="r3l28" custom="readingOrder {index:27;}">
                <Coords points="2094,2206 2137,2180 2193,2199 2304,2183 2385,2201 2722,2198 2723,2159 2696,2154 2504,2144 2442,2165 2334,2155 2289,2120 2214,2126 2188,2148 2097,2123"/>
                <Baseline points="2106,2175 2136,2175 2166,2175 2196,2175 2227,2177 2257,2177 2287,2178 2318,2180 2348,2181 2378,2181 2409,2183 2439,2185 2469,2186 2499,2187 2530,2188 2560,2189 2590,2189 2621,2190 2651,2190 2681,2189 2712,2189"/>
                <TextEquiv>
                    <Unicode>söllend keinem an eheren nütt</Unicode>
                </TextEquiv>
            </TextLine>
            <TextLine id="r3l29" custom="readingOrder {index:28;}">
                <Coords points="2076,2265 2116,2257 2174,2279 2229,2249 2350,2244 2385,2270 2455,2246 2527,2287 2578,2254 2649,2264 2650,2195 2566,2191 2535,2218 2500,2188 2343,2188 2271,2209 2226,2179 2198,2200 2140,2186 2077,2217"/>
                <Baseline points="2087,2249 2114,2245 2142,2242 2169,2241 2197,2240 2225,2238 2252,2238 2280,2238 2307,2240 2335,2241 2363,2242 2390,2243 2418,2244 2445,2245 2473,2247 2501,2247 2528,2249 2556,2249 2583,2249 2611,2249 2639,2247"/>
                <TextEquiv>
                    <Unicode>schach vnd zeuerwysen stan</Unicode>
                </TextEquiv>
            </TextLine>
            <TextLine id="r3l30" custom="readingOrder {index:29;}">
                <Coords points="2070,2349 2164,2327 2237,2348 2338,2332 2398,2357 2423,2341 2555,2351 2604,2381 2653,2345 2710,2345 2712,2276 2531,2289 2451,2245 2301,2295 2235,2260 2140,2295 2072,2278"/>
                <Baseline points="2081,2327 2111,2324 2142,2322 2173,2321 2204,2319 2235,2319 2266,2319 2297,2321 2328,2321 2359,2322 2390,2324 2420,2325 2451,2327 2482,2328 2513,2330 2544,2333 2575,2333 2606,2335 2637,2336 2668,2337 2699,2337"/>
                <TextEquiv>
                    <Unicode>ime ist abermal sie gasterin und</Unicode>
                </TextEquiv>
            </TextLine>
            <TextLine id="r3l31" custom="readingOrder {index:30;}">
                <Coords points="2057,2385 2264,2430 2370,2411 2422,2442 2629,2426 2632,2378 2608,2385 2554,2350 2515,2373 2346,2334 2303,2350 2272,2334 2227,2352 2096,2337 2060,2352"/>
                <Baseline points="2069,2376 2096,2376 2124,2376 2151,2376 2179,2377 2206,2378 2234,2378 2261,2379 2289,2381 2316,2383 2344,2384 2371,2387 2399,2388 2426,2390 2454,2393 2481,2395 2509,2398 2536,2402 2564,2404 2591,2408 2619,2411"/>
                <TextEquiv>
                    <Unicode>wirtten abgesteltt worden</Unicode>
                </TextEquiv>
            </TextLine>
            <TextEquiv>
                <Unicode>315
buchst
Sölle. Anna Walthartt von Ma
geedocht, uff nechstkünfftig in
tag sampt einem unzug us dem
mannal, wie offt sy sya beschikt
vnd von Irem gottlosen haben
sement abzesten, vernant alhar
schiken, damitt sy mitt ernst, gestrafft
werde,
Bern.
zwüschen Baschlow hernan dem
Thorwart zu Marzilli, welcher
geredt, wan die Studenten vthin
khömind, so khonnind sy nütt, den
husen praten, und huren, das man
sy glych entsetzen muge, und sy
die Studiosi gemeint, seinliche
nitt syend, vnd sich bisshar wol ge¬
haltt habind, vnd dargegen er es
versprochen, wie er nitt sy, sondern
allein die so sich übel gehaltt gemeint
vnd wie er es geredt, ein gutten
tringk gehapt, und in einem
gehösch geredt etc. Ist erkent, das
er fürhin sollicher reden mächtige
vnd betrachte, was er rede, sy
söllend keinem an eheren nütt
schach vnd zeuerwysen stan
ime ist abermal sie gasterin und
wirtten abgesteltt worden</Unicode>
            </TextEquiv>
        </TextRegion>
    </Page>
</PcGts>
