<?xml version="1.0" encoding="UTF-8" standalone="yes"?>
<PcGts xmlns="http://schema.primaresearch.org/PAGE/gts/pagecontent/2013-07-15" xmlns:xsi="http://www.w3.org/2001/XMLSchema-instance" xsi:schemaLocation="http://schema.primaresearch.org/PAGE/gts/pagecontent/2013-07-15 http://schema.primaresearch.org/PAGE/gts/pagecontent/2013-07-15/pagecontent.xsd">
    <Metadata>
        <Creator>prov=University of Rostock/Institute of Mathematics/CITlab|PLANET AI GmbH/Gundram Leifert/gundram.leifert@planet-ai.de:name=German_Kurrent_XVI-XVIII_M5.2(htr_id=38305)::::v=2.6.7
prov=University of Rostock/Institute of Mathematics/CITlab|PLANET AI GmbH/Tobias Gruening/tobias.gruening@planet-ai.de:name=de.uros.citlab.module.baseline2polygon.B2PSeamMultiOriented:v=2.6.7
prov=University of Rostock/Institute of Mathematics/CITlab|PLANET AI GmbH/Tobias Gruening/tobias.gruening@planet-ai.de:name=/net_tf/LA73_249_0mod360.pb:de.uros.citlab.segmentation.CITlab_LA_ML:v=2.6.7
Transkribus</Creator>
        <Created>2021-11-02T15:14:20.925+01:00</Created>
        <LastChange>2021-12-05T14:35:20.560+01:00</LastChange>
        <TranskribusMetadata docId="822504" pageId="30662311" pageNr="131" tsid="69419046" status="IN_PROGRESS" userId="101542" imgUrl="https://files.transkribus.eu/Get?id=BQMQNCIECPQVXGBJELUPCAWI&amp;fileType=view" xmlUrl="https://files.transkribus.eu/Get?id=XTZNCYUESJIHMSAOEFOBHNZZ" imageId="24122386"/>
    </Metadata>
    <Page imageFilename="Foto 26.10.21, 3 06 03 PM.jpg" imageWidth="4032" imageHeight="3024">
        <ReadingOrder>
            <OrderedGroup id="ro_1687514394649" caption="Regions reading order">
                <RegionRefIndexed index="0" regionRef="r1"/>
                <RegionRefIndexed index="1" regionRef="r2"/>
                <RegionRefIndexed index="2" regionRef="r3"/>
            </OrderedGroup>
        </ReadingOrder>
        <TextRegion orientation="0.0" id="r1" custom="readingOrder {index:0;}">
            <Coords points="1301,319 1301,479 1449,479 1449,319"/>
            <TextLine id="r1l1" custom="readingOrder {index:0;}">
                <Coords points="1292,442 1325,437 1341,446 1351,441 1364,448 1382,428 1402,437 1420,429 1427,433 1443,425 1460,426 1455,363 1438,366 1409,343 1377,341 1349,361 1326,348 1319,355 1307,347 1285,353"/>
                <Baseline points="1301,428 1330,429 1360,427 1389,423 1419,419 1449,420"/>
                <TextEquiv>
                    <Unicode>d 254.</Unicode>
                </TextEquiv>
            </TextLine>
            <TextEquiv>
                <Unicode>d 254.</Unicode>
            </TextEquiv>
        </TextRegion>
        <TextRegion orientation="0.0" id="r2" custom="readingOrder {index:1;}">
            <Coords points="1371,437 1371,2745 1989,2745 1989,437"/>
            <TextLine id="r2l1" custom="readingOrder {index:0;}">
                <Coords points="1578,483 1654,505 1672,492 1682,504 1704,495 1720,505 1747,486 1786,503 1807,500 1831,520 1861,510 1871,413 1854,407 1820,430 1772,406 1738,403 1716,416 1690,398 1659,408 1637,393 1586,399"/>
                <Baseline points="1590,464 1616,462 1642,462 1669,464 1695,466 1722,470 1748,473 1774,476 1801,480 1827,482 1854,482"/>
                <TextEquiv>
                    <Unicode>Krauchtal</Unicode>
                </TextEquiv>
            </TextLine>
            <TextLine id="r2l2" custom="readingOrder {index:1;}">
                <Coords points="1442,561 1519,575 1542,560 1586,590 1641,568 1697,595 1737,582 1782,617 1838,588 1895,592 1914,613 1985,608 1991,547 1919,548 1890,519 1839,536 1759,487 1741,502 1672,493 1607,527 1537,483 1452,462"/>
                <Baseline points="1455,545 1482,548 1509,550 1536,553 1564,555 1591,558 1618,559 1646,562 1673,564 1700,566 1728,569 1755,571 1782,575 1810,577 1837,580 1864,585 1892,588 1919,592 1946,597 1974,602"/>
                <TextEquiv>
                    <Unicode>Ulli Schütz spricht der ehe an</Unicode>
                </TextEquiv>
            </TextLine>
            <TextLine id="r2l3" custom="readingOrder {index:2;}">
                <Coords points="1420,645 1488,656 1548,632 1642,674 1685,644 1744,667 1828,650 1846,669 1904,681 1929,664 1965,683 1980,682 1987,611 1921,632 1863,598 1783,614 1744,586 1691,604 1658,571 1578,593 1502,568 1426,580"/>
                <Baseline points="1434,614 1460,614 1487,615 1514,615 1541,617 1568,619 1595,621 1621,623 1648,625 1675,629 1702,631 1729,635 1756,638 1783,642 1809,644 1836,649 1863,652 1890,654 1917,657 1944,660 1971,662"/>
                <TextEquiv>
                    <Unicode>Rüngeli wären, habe ira die</Unicode>
                </TextEquiv>
            </TextLine>
            <TextLine id="r2l4" custom="readingOrder {index:3;}">
                <Coords points="1446,690 1531,686 1626,712 1682,695 1803,745 1847,723 1890,717 1918,739 1979,720 1976,677 1922,686 1858,662 1827,683 1726,652 1640,671 1586,648 1562,665 1510,644 1449,650"/>
                <Baseline points="1458,678 1483,680 1509,681 1534,683 1560,686 1585,687 1611,689 1636,691 1662,693 1687,695 1713,698 1738,699 1764,702 1789,704 1815,706 1840,708 1866,709 1891,711 1917,713 1942,713 1968,714"/>
                <TextEquiv>
                    <Unicode>uffracht vnd redlich verheißen</Unicode>
                </TextEquiv>
            </TextLine>
            <TextLine id="r2l5" custom="readingOrder {index:4;}">
                <Coords points="1441,748 1610,759 1742,797 1797,775 1848,805 1912,769 1957,785 1986,771 1989,728 1966,722 1800,740 1688,699 1632,714 1616,700 1579,714 1529,687 1493,712 1445,700"/>
                <Baseline points="1452,735 1478,737 1504,737 1530,739 1556,742 1582,743 1608,746 1634,747 1660,751 1686,754 1713,755 1739,757 1765,760 1791,762 1817,764 1843,766 1869,767 1895,768 1921,768 1947,770 1974,770"/>
                <TextEquiv>
                    <Unicode>daruff er sya zegast gehalten.</Unicode>
                </TextEquiv>
            </TextLine>
            <TextLine id="r2l6" custom="readingOrder {index:5;}">
                <Coords points="1422,819 1534,821 1602,846 1728,815 1773,841 1802,821 1855,824 1987,875 1992,793 1901,788 1873,804 1781,775 1744,797 1586,754 1525,781 1462,747 1425,752"/>
                <Baseline points="1434,795 1461,800 1488,803 1515,806 1543,809 1570,811 1597,813 1624,813 1652,815 1679,815 1706,816 1733,816 1761,817 1788,818 1815,819 1842,820 1870,823 1897,825 1924,828 1951,831 1979,837"/>
                <TextEquiv>
                    <Unicode>dargägen, sy ime dheiner ehe zusehen</Unicode>
                </TextEquiv>
            </TextLine>
            <TextLine id="r2l7" custom="readingOrder {index:6;}">
                <Coords points="1420,868 1537,888 1631,875 1671,899 1704,890 1789,915 1831,882 1870,903 1894,886 1980,894 1984,845 1877,851 1819,832 1799,850 1747,834 1713,851 1674,827 1603,842 1468,814 1422,834"/>
                <Baseline points="1431,854 1458,855 1485,857 1512,858 1539,860 1566,861 1593,863 1620,864 1647,867 1674,868 1701,870 1728,872 1755,873 1782,875 1809,877 1836,879 1863,881 1890,883 1917,884 1944,887 1971,888"/>
                <TextEquiv>
                    <Unicode>bekantlich ist. Cognitum</Unicode>
                </TextEquiv>
            </TextLine>
            <TextLine id="r2l8" custom="readingOrder {index:7;}">
                <Coords points="1393,938 1457,933 1504,960 1558,937 1591,962 1676,941 1730,969 1820,973 1855,955 1890,984 1933,957 1994,966 1996,924 1936,930 1893,902 1831,923 1809,903 1783,916 1594,882 1549,912 1447,877 1396,881"/>
                <Baseline points="1404,926 1434,927 1464,928 1495,929 1525,930 1556,932 1586,932 1617,933 1647,934 1678,935 1708,936 1739,937 1769,938 1800,939 1830,942 1861,944 1891,946 1922,950 1952,953 1983,956"/>
                <TextEquiv>
                    <Unicode>Diewyl sy ime dheiner ehever¬</Unicode>
                </TextEquiv>
            </TextLine>
            <TextLine id="r2l9" custom="readingOrder {index:8;}">
                <Coords points="1422,1008 1502,1019 1530,995 1584,1022 1614,998 1686,1000 1756,1041 1793,1010 1925,1044 1974,1027 1970,961 1898,980 1791,955 1765,973 1709,954 1604,974 1572,943 1518,961 1456,933 1424,945"/>
                <Baseline points="1434,984 1460,987 1487,989 1513,992 1540,993 1566,994 1593,995 1619,995 1646,996 1672,996 1699,996 1726,998 1752,998 1779,998 1805,999 1832,1000 1858,1001 1885,1002 1911,1005 1938,1007 1965,1010"/>
                <TextEquiv>
                    <Unicode>heißung anred ist, vnd resper</Unicode>
                </TextEquiv>
            </TextLine>
            <TextLine id="r2l10" custom="readingOrder {index:9;}">
                <Coords points="1427,1042 1548,1069 1616,1069 1650,1049 1687,1075 1813,1056 1932,1083 1949,1067 1974,1077 1977,1030 1938,1009 1894,1033 1859,1014 1814,1024 1794,1010 1759,1030 1621,999 1582,1023 1537,993 1491,1016 1429,1006"/>
                <Baseline points="1437,1037 1463,1038 1489,1038 1516,1040 1542,1041 1569,1043 1595,1043 1621,1045 1648,1047 1674,1049 1701,1049 1727,1051 1753,1053 1780,1053 1806,1055 1833,1056 1859,1058 1885,1059 1912,1061 1938,1062 1965,1064"/>
                <TextEquiv>
                    <Unicode>dero mit kundtschafft nit vnder¬</Unicode>
                </TextEquiv>
            </TextLine>
            <TextLine id="r2l11" custom="readingOrder {index:10;}">
                <Coords points="1431,1126 1467,1115 1485,1129 1525,1097 1587,1123 1624,1102 1667,1123 1731,1109 1843,1155 1904,1116 1971,1134 1974,1077 1859,1084 1812,1056 1756,1081 1695,1078 1650,1050 1611,1068 1435,1048"/>
                <Baseline points="1443,1091 1470,1092 1497,1094 1524,1096 1552,1098 1579,1100 1606,1100 1634,1103 1661,1103 1688,1105 1716,1106 1743,1107 1770,1109 1798,1110 1825,1111 1852,1113 1880,1113 1907,1115 1934,1116 1962,1118"/>
                <TextEquiv>
                    <Unicode>richts könne, das sy deshalb vr</Unicode>
                </TextEquiv>
            </TextLine>
            <TextLine id="r2l12" custom="readingOrder {index:11;}">
                <Coords points="1422,1169 1533,1154 1582,1176 1661,1167 1698,1191 1878,1181 1927,1207 1968,1199 1971,1134 1903,1117 1833,1154 1807,1129 1768,1135 1723,1107 1691,1123 1546,1111 1513,1134 1467,1115 1424,1127"/>
                <Baseline points="1434,1148 1460,1149 1486,1151 1512,1152 1539,1154 1565,1155 1591,1157 1617,1159 1644,1161 1670,1163 1696,1165 1722,1167 1749,1169 1775,1170 1801,1171 1827,1172 1854,1172 1880,1173 1906,1173 1932,1172 1959,1172"/>
                <TextEquiv>
                    <Unicode>ein andere ledig syendt, Inne</Unicode>
                </TextEquiv>
            </TextLine>
            <TextLine id="r2l13" custom="readingOrder {index:12;}">
                <Coords points="1422,1236 1465,1219 1504,1244 1635,1230 1754,1263 1809,1229 1926,1238 1947,1258 1989,1252 1991,1214 1958,1198 1926,1209 1874,1179 1844,1195 1815,1177 1700,1195 1661,1170 1424,1175"/>
                <Baseline points="1434,1208 1461,1209 1488,1212 1515,1214 1543,1214 1570,1216 1597,1217 1625,1219 1652,1220 1679,1221 1707,1223 1734,1224 1761,1225 1788,1226 1816,1227 1843,1227 1870,1228 1898,1229 1925,1230 1952,1230 1980,1232"/>
                <TextEquiv>
                    <Unicode>erloupt sich beider eydts wol ander¬</Unicode>
                </TextEquiv>
            </TextLine>
            <TextLine id="r2l14" custom="readingOrder {index:13;}">
                <Coords points="1407,1305 1444,1285 1567,1318 1621,1290 1641,1306 1705,1290 1730,1310 1767,1288 1833,1318 1921,1324 2000,1315 2003,1249 1939,1264 1897,1236 1809,1235 1746,1262 1642,1232 1509,1246 1474,1219 1410,1231"/>
                <Baseline points="1419,1271 1447,1272 1476,1273 1504,1275 1533,1275 1561,1277 1590,1277 1618,1278 1647,1280 1675,1281 1704,1283 1732,1283 1761,1284 1789,1286 1818,1287 1846,1288 1875,1290 1903,1291 1932,1292 1960,1293 1989,1296"/>
                <TextEquiv>
                    <Unicode>fart Zeuer ehelichen, der erstes ist theil </Unicode>
                </TextEquiv>
            </TextLine>
            <TextLine id="r2l15" custom="readingOrder {index:14;}">
                <Coords points="1542,1409 1616,1395 1685,1423 1749,1389 1780,1404 1781,1349 1737,1349 1715,1362 1659,1319 1602,1329 1583,1314 1543,1331"/>
                <Baseline points="1553,1383 1580,1382 1607,1382 1634,1382 1661,1382 1688,1382 1715,1383 1742,1383 1770,1385"/>
                <TextEquiv>
                    <Unicode>buchse</Unicode>
                </TextEquiv>
            </TextLine>
            <TextLine id="r2l16" custom="readingOrder {index:15;}">
                <Coords points="1408,1480 1500,1494 1541,1472 1606,1472 1639,1495 1745,1490 1766,1506 1792,1485 1853,1483 1886,1510 1943,1510 1962,1508 1965,1435 1933,1423 1848,1447 1769,1421 1751,1438 1671,1439 1630,1416 1608,1430 1410,1408"/>
                <Baseline points="1418,1464 1444,1464 1471,1464 1498,1464 1525,1466 1551,1466 1578,1467 1605,1469 1632,1470 1658,1472 1685,1473 1712,1473 1739,1476 1765,1476 1792,1478 1819,1478 1846,1479 1872,1479 1899,1479 1926,1479 1953,1478"/>
                <TextEquiv>
                    <Unicode>Ulli Zimmerman sprüche der ehe an</Unicode>
                </TextEquiv>
            </TextLine>
            <TextLine id="r2l17" custom="readingOrder {index:16;}">
                <Coords points="1401,1554 1510,1525 1536,1550 1676,1541 1741,1567 1779,1541 1806,1561 1883,1550 1903,1564 1955,1544 1956,1506 1882,1512 1851,1484 1792,1486 1766,1506 1745,1489 1724,1503 1663,1486 1599,1501 1444,1479 1403,1490"/>
                <Baseline points="1412,1524 1438,1523 1465,1523 1491,1523 1518,1524 1545,1525 1571,1527 1598,1529 1624,1530 1651,1532 1678,1533 1704,1535 1731,1536 1757,1537 1784,1538 1811,1538 1837,1538 1864,1538 1890,1536 1917,1535 1944,1532"/>
                <TextEquiv>
                    <Unicode>Elsbeth Wildi, hab ira die</Unicode>
                </TextEquiv>
            </TextLine>
            <TextLine id="r2l18" custom="readingOrder {index:17;}">
                <Coords points="1406,1604 1477,1585 1503,1607 1540,1595 1615,1613 1645,1595 1691,1622 1782,1597 1832,1622 1880,1596 1969,1625 1960,1540 1904,1564 1875,1550 1743,1567 1605,1536 1526,1557 1409,1538"/>
                <Baseline points="1418,1581 1445,1580 1472,1581 1499,1581 1526,1581 1553,1584 1580,1584 1607,1586 1634,1588 1661,1589 1688,1591 1715,1592 1742,1593 1769,1595 1796,1595 1823,1596 1850,1596 1877,1595 1904,1595 1931,1593 1959,1592"/>
                <TextEquiv>
                    <Unicode>redlich verheißt, ire ein francke</Unicode>
                </TextEquiv>
            </TextLine>
            <TextLine id="r2l19" custom="readingOrder {index:18;}">
                <Coords points="1398,1658 1610,1649 1708,1679 1734,1663 1824,1683 1953,1658 1955,1603 1879,1596 1832,1622 1738,1604 1691,1622 1645,1595 1615,1613 1540,1596 1516,1610 1477,1585 1400,1599"/>
                <Baseline points="1410,1641 1436,1641 1463,1641 1490,1641 1516,1641 1543,1643 1570,1644 1596,1645 1623,1647 1650,1648 1677,1650 1703,1650 1730,1652 1757,1653 1783,1654 1810,1655 1837,1655 1863,1655 1890,1654 1917,1653 1944,1652"/>
                <TextEquiv>
                    <Unicode>daruff gäben, dargägen, sy der</Unicode>
                </TextEquiv>
            </TextLine>
            <TextLine id="r2l20" custom="readingOrder {index:19;}">
                <Coords points="1402,1714 1503,1714 1536,1740 1594,1717 1737,1730 1777,1712 1819,1731 1902,1714 1954,1733 1969,1730 1970,1656 1826,1681 1734,1665 1695,1687 1612,1650 1402,1672"/>
                <Baseline points="1412,1704 1439,1703 1466,1703 1494,1703 1521,1703 1548,1703 1576,1703 1603,1704 1630,1704 1658,1705 1685,1707 1712,1707 1740,1709 1767,1710 1794,1710 1822,1710 1849,1710 1876,1710 1904,1709 1931,1708 1959,1706"/>
                <TextEquiv>
                    <Unicode>ehe zusagung und des francke</Unicode>
                </TextEquiv>
            </TextLine>
            <TextLine id="r2l21" custom="readingOrder {index:20;}">
                <Coords points="1395,1768 1648,1772 1665,1789 1708,1773 1751,1791 1929,1781 1969,1775 1970,1733 1919,1742 1880,1718 1822,1736 1777,1712 1710,1744 1656,1717 1599,1739 1576,1724 1535,1740 1483,1711 1396,1728"/>
                <Baseline points="1407,1755 1434,1757 1462,1758 1489,1760 1517,1761 1545,1763 1572,1764 1600,1766 1627,1767 1655,1767 1683,1769 1710,1770 1738,1770 1765,1771 1793,1772 1821,1772 1848,1770 1876,1770 1903,1768 1931,1767 1959,1764"/>
                <TextEquiv>
                    <Unicode>lougnen. Cognitum die wil</Unicode>
                </TextEquiv>
            </TextLine>
            <TextLine id="r2l22" custom="readingOrder {index:21;}">
                <Coords points="1403,1843 1432,1856 1464,1832 1542,1825 1636,1862 1652,1849 1712,1863 1861,1833 1902,1866 1943,1852 1944,1797 1851,1797 1812,1775 1752,1790 1647,1771 1621,1787 1539,1770 1404,1782"/>
                <Baseline points="1413,1814 1440,1815 1467,1816 1494,1817 1522,1818 1549,1820 1576,1821 1604,1823 1631,1824 1658,1826 1686,1827 1713,1827 1740,1829 1768,1829 1795,1829 1822,1829 1850,1827 1877,1825 1904,1824 1932,1820"/>
                <TextEquiv>
                    <Unicode>er sy mit kundtschafft sich</Unicode>
                </TextEquiv>
            </TextLine>
            <TextLine id="r2l23" custom="readingOrder {index:22;}">
                <Coords points="1381,1892 1584,1905 1700,1884 1797,1917 1831,1884 1942,1903 1944,1840 1901,1850 1864,1830 1692,1863 1667,1849 1614,1861 1543,1826 1445,1849 1382,1842"/>
                <Baseline points="1392,1871 1419,1871 1446,1872 1473,1873 1500,1874 1527,1875 1554,1877 1581,1878 1608,1878 1635,1880 1662,1880 1689,1881 1716,1881 1743,1882 1770,1883 1797,1883 1824,1881 1851,1881 1878,1880 1905,1879 1932,1878"/>
                <TextEquiv>
                    <Unicode>der satzung nit vnderichte möchten</Unicode>
                </TextEquiv>
            </TextLine>
            <TextLine id="r2l24" custom="readingOrder {index:23;}">
                <Coords points="1380,1941 1488,1938 1511,1961 1587,1941 1623,1973 1667,1939 1846,1940 1899,1964 1933,1934 1967,1949 1967,1888 1935,1903 1853,1888 1796,1917 1699,1884 1583,1905 1530,1888 1475,1908 1380,1895"/>
                <Baseline points="1391,1931 1419,1931 1447,1931 1475,1931 1504,1931 1532,1932 1560,1932 1588,1933 1617,1934 1645,1934 1673,1935 1701,1935 1730,1935 1758,1935 1786,1935 1814,1935 1843,1935 1871,1935 1899,1934 1927,1932 1956,1931"/>
                <TextEquiv>
                    <Unicode>das dishalbe sy von ein anders ledig</Unicode>
                </TextEquiv>
            </TextLine>
            <TextLine id="r2l25" custom="readingOrder {index:24;}">
                <Coords points="1393,1997 1509,1989 1558,2010 1606,1987 1634,2002 1720,1992 1792,2022 1883,1991 1923,2020 1963,2008 1963,1932 1898,1961 1841,1940 1741,1965 1697,1941 1636,1964 1598,1939 1524,1961 1482,1938 1455,1955 1393,1944"/>
                <Baseline points="1404,1980 1431,1980 1458,1982 1486,1982 1513,1982 1541,1983 1568,1985 1596,1985 1623,1986 1651,1986 1678,1986 1705,1988 1733,1988 1760,1988 1788,1988 1815,1986 1843,1986 1870,1984 1898,1982 1925,1982 1953,1979"/>
                <TextEquiv>
                    <Unicode>sin, vnd inns bei der eydts erlesen</Unicode>
                </TextEquiv>
            </TextLine>
            <TextLine id="r2l26" custom="readingOrder {index:25;}">
                <Coords points="1383,2060 1426,2046 1463,2072 1487,2053 1541,2074 1770,2046 1799,2070 1820,2050 1958,2046 1958,2008 1918,2020 1893,2002 1789,2022 1752,2006 1724,2018 1682,1992 1609,1986 1555,2011 1509,1988 1456,2009 1423,1989 1384,2013"/>
                <Baseline points="1394,2033 1421,2033 1449,2033 1476,2034 1504,2036 1532,2037 1559,2038 1587,2039 1615,2041 1642,2042 1670,2043 1698,2044 1725,2045 1753,2046 1781,2046 1808,2046 1836,2045 1864,2043 1891,2042 1919,2039 1947,2037"/>
                <TextEquiv>
                    <Unicode>sin solle, sich wol ander fart zur</Unicode>
                </TextEquiv>
            </TextLine>
            <TextLine id="r2l27" custom="readingOrder {index:26;}">
                <Coords points="1400,2107 1429,2096 1477,2124 1539,2106 1566,2129 1714,2106 1752,2131 1788,2108 1847,2138 1885,2133 1885,2057 1856,2073 1769,2070 1691,2048 1535,2072 1400,2048"/>
                <Baseline points="1410,2087 1435,2089 1461,2091 1487,2092 1513,2093 1539,2094 1565,2096 1590,2096 1616,2096 1642,2097 1668,2097 1694,2096 1720,2096 1745,2096 1771,2096 1797,2094 1823,2094 1849,2094 1875,2093"/>
                <TextEquiv>
                    <Unicode>helichen, der ersten ist theilt</Unicode>
                </TextEquiv>
            </TextLine>
            <TextLine id="r2l28" custom="readingOrder {index:27;}">
                <Coords points="1517,2205 1547,2190 1555,2199 1587,2203 1608,2197 1644,2214 1686,2199 1703,2205 1730,2184 1749,2191 1749,2121 1709,2127 1688,2117 1659,2140 1623,2121 1564,2131 1555,2125 1517,2146"/>
                <Baseline points="1527,2177 1553,2174 1580,2174 1606,2172 1633,2174 1659,2174 1686,2175 1712,2175 1739,2175"/>
                <TextEquiv>
                    <Unicode>Simplich.</Unicode>
                </TextEquiv>
            </TextLine>
            <TextLine id="r2l29" custom="readingOrder {index:28;}">
                <Coords points="1360,2252 1443,2243 1497,2272 1597,2251 1638,2280 1698,2264 1741,2291 1780,2256 1919,2268 1973,2240 1974,2191 1899,2221 1836,2224 1773,2188 1746,2209 1659,2200 1636,2219 1607,2197 1543,2221 1505,2188 1362,2176"/>
                <Baseline points="1371,2232 1400,2235 1430,2236 1459,2239 1489,2240 1518,2243 1548,2245 1577,2247 1607,2249 1636,2250 1666,2252 1696,2252 1725,2252 1755,2253 1784,2253 1814,2252 1843,2252 1873,2250 1902,2248 1932,2245 1962,2243"/>
                <TextEquiv>
                    <Unicode>Niclaus strit, diewyl er die wer</Unicode>
                </TextEquiv>
            </TextLine>
            <TextLine id="r2l30" custom="readingOrder {index:29;}">
                <Coords points="1384,2296 1483,2305 1516,2328 1586,2315 1653,2342 1696,2324 1832,2335 1969,2290 1970,2246 1921,2267 1782,2255 1750,2275 1723,2255 1655,2281 1588,2251 1509,2275 1444,2247 1385,2254"/>
                <Baseline points="1394,2286 1422,2289 1450,2290 1478,2292 1507,2294 1535,2295 1563,2298 1591,2300 1620,2302 1648,2304 1676,2306 1704,2306 1733,2307 1761,2308 1789,2309 1817,2307 1846,2307 1874,2305 1902,2303 1930,2299 1959,2295"/>
                <TextEquiv>
                    <Unicode>vo der heilligen fryfaltigkeit gotte</Unicode>
                </TextEquiv>
            </TextLine>
            <TextLine id="r2l31" custom="readingOrder {index:30;}">
                <Coords points="1367,2364 1526,2355 1616,2379 1671,2359 1753,2393 1821,2367 1867,2389 1950,2347 1951,2313 1930,2311 1835,2336 1696,2324 1670,2338 1586,2314 1522,2328 1439,2302 1369,2307"/>
                <Baseline points="1379,2345 1407,2345 1435,2345 1463,2346 1491,2348 1519,2349 1547,2351 1575,2352 1603,2354 1631,2356 1659,2357 1687,2359 1715,2360 1743,2360 1771,2361 1799,2361 1827,2360 1855,2358 1883,2357 1911,2354 1940,2349"/>
                <TextEquiv>
                    <Unicode>(wie die hievor beschryben) nit</Unicode>
                </TextEquiv>
            </TextLine>
            <TextLine id="r2l32" custom="readingOrder {index:31;}">
                <Coords points="1375,2396 1542,2432 1649,2406 1859,2427 1951,2401 1953,2352 1753,2393 1670,2358 1614,2379 1526,2357 1469,2368 1442,2348 1376,2368"/>
                <Baseline points="1385,2388 1412,2390 1440,2391 1468,2393 1496,2395 1523,2397 1551,2399 1579,2402 1607,2405 1634,2406 1662,2408 1690,2409 1718,2411 1745,2412 1773,2412 1801,2411 1829,2411 1856,2409 1884,2408 1912,2405 1940,2400"/>
                <TextEquiv>
                    <Unicode>also gredt habe wil, wie er solet</Unicode>
                </TextEquiv>
            </TextLine>
            <TextLine id="r2l33" custom="readingOrder {index:32;}">
                <Coords points="1364,2459 1415,2442 1448,2458 1518,2449 1749,2498 1843,2463 1897,2474 1950,2458 1952,2416 1925,2401 1784,2432 1758,2414 1677,2427 1644,2407 1544,2429 1366,2396"/>
                <Baseline points="1374,2435 1402,2438 1430,2440 1459,2442 1487,2444 1515,2447 1544,2449 1572,2451 1600,2454 1629,2456 1657,2456 1685,2459 1714,2459 1742,2459 1770,2459 1799,2459 1827,2458 1855,2456 1884,2453 1912,2450 1941,2447"/>
                <TextEquiv>
                    <Unicode>so wolle man das beßer glaubt, wyl</Unicode>
                </TextEquiv>
            </TextLine>
            <TextLine id="r2l34" custom="readingOrder {index:33;}">
                <Coords points="1365,2489 1478,2520 1521,2500 1556,2528 1595,2510 1681,2534 1766,2513 1799,2529 1960,2512 1961,2466 1942,2457 1887,2480 1852,2460 1755,2460 1692,2490 1516,2449 1366,2457"/>
                <Baseline points="1377,2481 1405,2484 1434,2488 1462,2491 1491,2495 1520,2497 1548,2500 1577,2503 1606,2506 1634,2507 1663,2509 1692,2511 1720,2511 1749,2511 1778,2511 1806,2510 1835,2507 1864,2504 1892,2500 1921,2495 1950,2489"/>
                <TextEquiv>
                    <Unicode>dhein kundt schafft er handen. Ist vnnd</Unicode>
                </TextEquiv>
            </TextLine>
            <TextLine id="r2l35" custom="readingOrder {index:34;}">
                <Coords points="1366,2538 1405,2535 1472,2574 1539,2556 1605,2577 1632,2557 1652,2577 1701,2566 1746,2586 1796,2571 1884,2584 1927,2560 1929,2514 1902,2506 1868,2524 1783,2526 1767,2510 1662,2533 1594,2513 1555,2528 1516,2500 1479,2520 1369,2485"/>
                <Baseline points="1377,2528 1405,2534 1433,2538 1462,2543 1490,2546 1518,2549 1547,2553 1575,2555 1603,2556 1632,2559 1660,2560 1689,2561 1717,2561 1745,2561 1774,2561 1802,2561 1830,2560 1859,2559 1887,2558 1916,2556"/>
                <TextEquiv>
                    <Unicode>worden, sampt des amman zu Künitz</Unicode>
                </TextEquiv>
            </TextLine>
            <TextLine id="r2l36" custom="readingOrder {index:35;}">
                <Coords points="1369,2588 1486,2625 1531,2606 1613,2622 1668,2606 1697,2632 1854,2614 1937,2629 1941,2557 1926,2554 1876,2584 1739,2584 1700,2565 1665,2582 1628,2561 1551,2581 1531,2561 1469,2573 1372,2535"/>
                <Baseline points="1379,2580 1406,2584 1433,2588 1461,2591 1488,2595 1516,2598 1543,2600 1571,2603 1598,2605 1626,2607 1653,2609 1680,2610 1708,2612 1735,2612 1763,2612 1790,2612 1818,2610 1845,2609 1873,2608 1900,2606 1928,2604"/>
                <TextEquiv>
                    <Unicode>für hin in voller wyß und bim syn</Unicode>
                </TextEquiv>
            </TextLine>
            <TextLine id="r2l37" custom="readingOrder {index:36;}">
                <Coords points="1367,2624 1445,2650 1486,2642 1524,2672 1582,2658 1630,2678 1667,2655 1720,2683 1784,2670 1828,2686 1905,2663 1907,2634 1855,2616 1717,2635 1668,2606 1641,2622 1545,2609 1487,2623 1430,2590 1369,2586"/>
                <Baseline points="1376,2627 1403,2630 1430,2633 1457,2637 1485,2641 1512,2643 1539,2646 1567,2650 1594,2652 1621,2654 1649,2657 1676,2658 1703,2659 1731,2660 1758,2660 1785,2660 1813,2660 1840,2658 1867,2657 1895,2654"/>
                <TextEquiv>
                    <Unicode>nit mer von sollichs hochtsachen.</Unicode>
                </TextEquiv>
            </TextLine>
            <TextLine id="r2l38" custom="readingOrder {index:37;}">
                <Coords points="1361,2675 1410,2673 1457,2699 1633,2698 1693,2716 1770,2703 1847,2725 1927,2695 1925,2648 1839,2682 1782,2670 1718,2684 1688,2661 1610,2680 1590,2660 1524,2671 1488,2644 1364,2631"/>
                <Baseline points="1373,2673 1400,2676 1427,2678 1454,2681 1481,2684 1508,2687 1535,2690 1563,2693 1590,2696 1617,2698 1644,2699 1671,2702 1698,2703 1725,2704 1753,2705 1780,2705 1807,2704 1834,2703 1861,2701 1888,2700 1916,2696"/>
                <TextEquiv>
                    <Unicode>Also hereden solle er stryt zu</Unicode>
                </TextEquiv>
            </TextLine>
            <TextLine id="r2l39" custom="readingOrder {index:38;}">
                <Coords points="1393,2711 1416,2715 1428,2713 1443,2720 1462,2718 1462,2675 1445,2675 1437,2684 1414,2680 1412,2682 1407,2677 1405,2680 1393,2680"/>
                <Baseline points="1404,2706 1452,2706"/>
                <TextEquiv>
                    <Unicode>lap</Unicode>
                </TextEquiv>
            </TextLine>
            <TextLine id="r2l40" custom="readingOrder {index:39;}">
                <Coords points="1494,2726 1677,2731 1696,2745 1759,2751 1804,2739 1804,2698 1729,2709 1662,2707 1633,2696 1596,2705 1557,2690 1496,2694"/>
                <Baseline points="1505,2721 1531,2720 1557,2720 1583,2721 1609,2724 1635,2726 1662,2729 1688,2732 1714,2734 1740,2735 1766,2733 1793,2730"/>
                <TextEquiv>
                    <Unicode>gäbe es in </Unicode>
                </TextEquiv>
            </TextLine>
            <TextEquiv>
                <Unicode>Krauchtal
Ulli Schütz spricht der ehe an
Rüngeli wären, habe ira die
uffracht vnd redlich verheißen
daruff er sya zegast gehalten.
dargägen, sy ime dheiner ehe zusehen
bekantlich ist. Cognitum
Diewyl sy ime dheiner ehever¬
heißung anred ist, vnd resper
dero mit kundtschafft nit vnder¬
richts könne, das sy deshalb vr
ein andere ledig syendt, Inne
erloupt sich beider eydts wol ander¬
fart Zeuer ehelichen, der erstes ist theil 
buchse
Ulli Zimmerman sprüche der ehe an
Elsbeth Wildi, hab ira die
redlich verheißt, ire ein francke
daruff gäben, dargägen, sy der
ehe zusagung und des francke
lougnen. Cognitum die wil
er sy mit kundtschafft sich
der satzung nit vnderichte möchten
das dishalbe sy von ein anders ledig
sin, vnd inns bei der eydts erlesen
sin solle, sich wol ander fart zur
helichen, der ersten ist theilt
Simplich.
Niclaus strit, diewyl er die wer
vo der heilligen fryfaltigkeit gotte
(wie die hievor beschryben) nit
also gredt habe wil, wie er solet
so wolle man das beßer glaubt, wyl
dhein kundt schafft er handen. Ist vnnd
worden, sampt des amman zu Künitz
für hin in voller wyß und bim syn
nit mer von sollichs hochtsachen.
Also hereden solle er stryt zu
lap
gäbe es in </Unicode>
            </TextEquiv>
        </TextRegion>
        <TextRegion orientation="0.0" id="r3" custom="readingOrder {index:2;}">
            <Coords points="2087,409 2087,2697 2733,2697 2733,409"/>
            <TextLine id="r3l1" custom="readingOrder {index:0;}">
                <Coords points="2594,463 2607,463 2620,473 2645,450 2653,454 2664,448 2670,454 2687,443 2710,445 2710,382 2693,378 2680,382 2665,376 2644,378 2634,370 2594,381"/>
                <Baseline points="2604,434 2636,435 2668,434 2700,434"/>
                <TextEquiv>
                    <Unicode>255.</Unicode>
                </TextEquiv>
            </TextLine>
            <TextLine id="r3l2" custom="readingOrder {index:1;}">
                <Coords points="2211,532 2232,529 2254,545 2273,532 2299,548 2343,544 2382,521 2453,522 2437,407 2418,407 2406,420 2377,419 2351,434 2309,420 2240,475 2203,469"/>
                <Baseline points="2220,522 2247,516 2274,511 2301,506 2329,501 2356,499 2383,496 2410,493 2438,491"/>
                <TextEquiv>
                    <Unicode>Lotzwyl.</Unicode>
                </TextEquiv>
            </TextLine>
            <TextLine id="r3l3" custom="readingOrder {index:2;}">
                <Coords points="2101,660 2153,631 2226,645 2269,611 2325,618 2346,594 2496,611 2545,584 2675,590 2705,580 2699,515 2616,537 2554,509 2511,531 2462,506 2320,548 2236,532 2187,554 2088,543"/>
                <Baseline points="2109,630 2138,623 2167,618 2196,612 2225,608 2255,604 2284,599 2313,596 2342,593 2371,591 2401,588 2430,585 2459,582 2488,581 2517,578 2547,575 2576,573 2605,572 2634,569 2663,566 2693,563"/>
                <TextEquiv>
                    <Unicode>Jacob Woll dem artzet, ist uff sin</Unicode>
                </TextEquiv>
            </TextLine>
            <TextLine id="r3l4" custom="readingOrder {index:3;}">
                <Coords points="2113,699 2149,682 2187,701 2278,655 2405,671 2465,641 2507,658 2551,631 2605,657 2661,630 2656,584 2560,577 2445,616 2409,594 2295,624 2271,609 2227,640 2156,630 2109,661"/>
                <Baseline points="2121,680 2147,675 2173,669 2200,665 2226,661 2252,658 2279,654 2305,651 2331,648 2358,646 2384,643 2410,641 2437,639 2463,636 2489,634 2516,632 2542,628 2568,626 2595,623 2621,619 2648,615"/>
                <TextEquiv>
                    <Unicode>erlangette Radts zeinen wider</Unicode>
                </TextEquiv>
            </TextLine>
            <TextLine id="r3l5" custom="readingOrder {index:4;}">
                <Coords points="2091,761 2302,711 2372,712 2408,734 2673,686 2668,642 2635,631 2604,656 2544,634 2487,658 2435,648 2404,673 2368,655 2236,669 2161,707 2084,696"/>
                <Baseline points="2099,746 2127,737 2155,731 2183,725 2211,721 2239,717 2267,713 2295,709 2323,707 2351,704 2379,703 2407,701 2435,699 2463,698 2491,695 2519,693 2547,690 2575,686 2603,683 2631,677 2660,671"/>
                <TextEquiv>
                    <Unicode>Agata haber sin ehefrauw, ein</Unicode>
                </TextEquiv>
            </TextLine>
            <TextLine id="r3l6" custom="readingOrder {index:5;}">
                <Coords points="2106,807 2138,794 2172,814 2231,787 2290,807 2406,800 2493,755 2625,785 2662,773 2656,706 2408,734 2302,710 2198,756 2157,745 2101,763"/>
                <Baseline points="2114,794 2140,789 2167,784 2194,779 2220,775 2247,771 2274,768 2300,766 2327,763 2354,761 2381,759 2407,758 2434,755 2461,753 2487,751 2514,749 2541,747 2567,745 2594,742 2621,740 2648,735"/>
                <TextEquiv>
                    <Unicode>ditatis zu 14. erkendt worden,</Unicode>
                </TextEquiv>
            </TextLine>
            <TextLine id="r3l7" custom="readingOrder {index:6;}">
                <Coords points="2205,899 2239,879 2275,897 2346,851 2405,884 2443,861 2465,865 2481,848 2503,849 2491,765 2460,787 2426,785 2405,801 2369,789 2288,806 2230,786 2192,804"/>
                <Baseline points="2213,875 2238,865 2263,857 2288,852 2313,847 2338,843 2364,840 2389,838 2414,837 2439,834 2464,834 2490,831"/>
                <TextEquiv>
                    <Unicode>kilchdorffs</Unicode>
                </TextEquiv>
            </TextLine>
            <TextLine id="r3l8" custom="readingOrder {index:7;}">
                <Coords points="2086,972 2250,975 2283,946 2313,967 2389,950 2433,963 2477,937 2552,946 2586,919 2646,948 2700,939 2694,872 2607,850 2475,887 2423,870 2352,915 2079,893"/>
                <Baseline points="2096,959 2125,956 2155,954 2184,951 2214,948 2243,946 2273,943 2302,941 2332,937 2361,933 2391,930 2421,927 2450,925 2480,922 2509,920 2539,918 2568,916 2598,913 2627,912 2657,911 2687,909"/>
                <TextEquiv>
                    <Unicode>Eines chorgricht zuschrybe, das sy</Unicode>
                </TextEquiv>
            </TextLine>
            <TextLine id="r3l9" custom="readingOrder {index:8;}">
                <Coords points="2101,1034 2127,1021 2163,1043 2225,998 2286,1024 2356,1018 2377,995 2430,1017 2513,982 2549,1003 2648,968 2644,926 2349,970 2283,944 2246,975 2095,975"/>
                <Baseline points="2109,1011 2135,1009 2161,1006 2188,1004 2214,1002 2240,1000 2267,998 2293,996 2319,993 2346,991 2372,989 2398,986 2425,984 2451,981 2477,979 2504,976 2530,974 2556,972 2583,969 2609,966 2636,963"/>
                <TextEquiv>
                    <Unicode>min hin berichte sollen, ob </Unicode>
                </TextEquiv>
            </TextLine>
            <TextLine id="r3l10" custom="readingOrder {index:9;}">
                <Coords points="2091,1090 2176,1099 2210,1071 2285,1081 2361,1051 2454,1080 2488,1053 2582,1068 2647,1031 2690,1041 2686,978 2626,971 2584,1006 2524,997 2488,1017 2378,995 2353,1022 2285,1022 2233,998 2166,1041 2120,1022 2088,1044"/>
                <Baseline points="2099,1068 2129,1065 2159,1062 2190,1059 2220,1056 2251,1053 2281,1051 2312,1049 2342,1047 2373,1046 2403,1043 2434,1042 2464,1040 2495,1038 2525,1037 2556,1035 2586,1033 2617,1030 2647,1029 2678,1026"/>
                <TextEquiv>
                    <Unicode>Jugesten Seeloß der sattler, sin¬</Unicode>
                </TextEquiv>
            </TextLine>
            <TextLine id="r3l11" custom="readingOrder {index:10;}">
                <Coords points="2095,1162 2184,1137 2267,1146 2499,1113 2562,1139 2637,1114 2633,1058 2489,1053 2430,1082 2360,1051 2313,1077 2218,1075 2171,1100 2090,1093"/>
                <Baseline points="2103,1128 2129,1126 2155,1122 2181,1119 2207,1118 2233,1115 2259,1113 2285,1113 2311,1110 2337,1109 2363,1107 2389,1106 2415,1104 2441,1102 2467,1101 2493,1098 2519,1098 2545,1096 2571,1094 2597,1092 2624,1089"/>
                <TextEquiv>
                    <Unicode>abgescheiden, widerumb solle</Unicode>
                </TextEquiv>
            </TextLine>
            <TextLine id="r3l12" custom="readingOrder {index:11;}">
                <Coords points="2090,1221 2169,1199 2214,1216 2303,1185 2355,1207 2415,1180 2446,1202 2472,1185 2576,1196 2644,1160 2642,1120 2548,1137 2500,1114 2404,1135 2340,1124 2086,1166"/>
                <Baseline points="2099,1184 2125,1182 2152,1180 2179,1179 2205,1176 2232,1175 2259,1173 2285,1173 2312,1170 2339,1170 2366,1169 2392,1167 2419,1166 2446,1164 2472,1162 2499,1160 2526,1159 2552,1157 2579,1155 2606,1151 2633,1148"/>
                <TextEquiv>
                    <Unicode>geehelicher, vnd sya beschlaffen,</Unicode>
                </TextEquiv>
            </TextLine>
            <TextLine id="r3l13" custom="readingOrder {index:12;}">
                <Coords points="2084,1274 2178,1240 2287,1234 2377,1266 2490,1240 2681,1249 2697,1242 2693,1149 2647,1145 2569,1201 2339,1204 2304,1184 2246,1210 2172,1200 2082,1225"/>
                <Baseline points="2094,1245 2123,1242 2153,1240 2182,1239 2212,1236 2241,1235 2271,1233 2300,1233 2330,1232 2359,1230 2389,1230 2419,1229 2448,1229 2478,1227 2507,1227 2537,1225 2566,1224 2596,1223 2625,1220 2655,1217 2685,1215"/>
                <TextEquiv>
                    <Unicode>by ira etliche tag gwonet habe,</Unicode>
                </TextEquiv>
            </TextLine>
            <TextLine id="r3l14" custom="readingOrder {index:13;}">
                <Coords points="2082,1313 2142,1328 2177,1305 2243,1333 2390,1309 2433,1333 2528,1328 2601,1294 2671,1314 2669,1251 2589,1264 2565,1244 2475,1245 2433,1265 2409,1245 2376,1265 2280,1236 2195,1269 2162,1249 2081,1273"/>
                <Baseline points="2093,1305 2121,1303 2149,1301 2178,1299 2206,1297 2234,1295 2263,1295 2291,1293 2319,1293 2348,1293 2376,1292 2404,1292 2433,1292 2461,1291 2489,1290 2518,1290 2546,1289 2574,1287 2603,1285 2631,1283 2660,1280"/>
                <TextEquiv>
                    <Unicode>vnd Im wirts hus zu Kilchdorff</Unicode>
                </TextEquiv>
            </TextLine>
            <TextLine id="r3l15" custom="readingOrder {index:14;}">
                <Coords points="2078,1393 2108,1399 2120,1388 2131,1393 2145,1380 2171,1395 2186,1385 2203,1393 2217,1385 2228,1391 2242,1375 2266,1378 2262,1325 2239,1333 2224,1319 2205,1329 2190,1322 2165,1326 2156,1318 2137,1327 2111,1316 2101,1326 2074,1327"/>
                <Baseline points="2087,1361 2114,1356 2142,1352 2169,1350 2197,1349 2224,1349 2252,1349"/>
                <TextEquiv>
                    <Unicode>verharret,</Unicode>
                </TextEquiv>
            </TextLine>
            <TextLine id="r3l16" custom="readingOrder {index:15;}">
                <Coords points="2110,1503 2232,1473 2253,1485 2286,1461 2340,1483 2446,1454 2519,1475 2554,1448 2588,1474 2649,1453 2647,1390 2550,1410 2467,1383 2340,1426 2299,1408 2277,1430 2187,1386 2107,1404"/>
                <Baseline points="2120,1457 2147,1458 2174,1458 2201,1458 2229,1457 2256,1457 2283,1455 2311,1455 2338,1454 2365,1453 2393,1451 2420,1450 2447,1449 2475,1448 2502,1446 2529,1445 2557,1445 2584,1445 2611,1444 2639,1445"/>
                <TextEquiv>
                    <Unicode>Fyttag den letsten Meyen 94</Unicode>
                </TextEquiv>
            </TextLine>
            <TextLine id="r3l17" custom="readingOrder {index:16;}">
                <Coords points="2144,1544 2180,1535 2212,1555 2251,1525 2269,1537 2307,1512 2367,1524 2392,1506 2488,1528 2575,1501 2625,1532 2661,1528 2658,1473 2589,1475 2569,1457 2519,1476 2461,1458 2342,1481 2286,1460 2264,1485 2234,1473 2142,1497"/>
                <Baseline points="2153,1517 2179,1516 2205,1515 2231,1514 2257,1514 2283,1513 2309,1511 2335,1509 2361,1508 2387,1507 2413,1505 2439,1503 2465,1502 2491,1500 2517,1499 2543,1498 2569,1497 2595,1496 2621,1495 2648,1494"/>
                <TextEquiv>
                    <Unicode>Cons. Hn Walthart, hr. Galden.</Unicode>
                </TextEquiv>
            </TextLine>
            <TextLine id="r3l18" custom="readingOrder {index:17;}">
                <Coords points="2153,1587 2216,1579 2302,1601 2330,1575 2409,1595 2457,1566 2533,1585 2571,1566 2620,1592 2671,1588 2668,1523 2633,1535 2566,1503 2453,1535 2393,1505 2360,1525 2250,1527 2211,1556 2152,1541"/>
                <Baseline points="2163,1575 2189,1574 2215,1573 2241,1572 2267,1571 2293,1571 2319,1569 2346,1568 2372,1567 2398,1566 2424,1565 2450,1564 2476,1563 2503,1563 2529,1562 2555,1560 2581,1560 2607,1560 2633,1559 2660,1559"/>
                <TextEquiv>
                    <Unicode>Ministri ambo eines er Büsch</Unicode>
                </TextEquiv>
            </TextLine>
            <TextLine id="r3l19" custom="readingOrder {index:18;}">
                <Coords points="2170,1651 2337,1664 2402,1640 2436,1652 2510,1636 2554,1654 2617,1623 2681,1639 2704,1634 2703,1580 2635,1596 2565,1565 2536,1585 2460,1578 2408,1598 2243,1584 2216,1601 2169,1596"/>
                <Baseline points="2180,1623 2205,1623 2231,1625 2256,1625 2282,1625 2308,1623 2333,1623 2359,1622 2385,1622 2410,1621 2436,1620 2462,1620 2487,1619 2513,1618 2539,1617 2564,1617 2590,1617 2616,1617 2641,1617 2667,1617 2693,1619"/>
                <TextEquiv>
                    <Unicode>Dachselhofer, zeihend, wietheilen,</Unicode>
                </TextEquiv>
            </TextLine>
            <TextLine id="r3l20" custom="readingOrder {index:19;}">
                <Coords points="2223,1776 2233,1775 2251,1758 2275,1757 2291,1743 2320,1742 2353,1757 2359,1753 2382,1758 2380,1703 2327,1703 2296,1677 2280,1687 2261,1685 2246,1697 2238,1689 2219,1689"/>
                <Baseline points="2232,1740 2259,1737 2287,1736 2314,1734 2342,1733 2370,1734"/>
                <TextEquiv>
                    <Unicode>Bern.</Unicode>
                </TextEquiv>
            </TextLine>
            <TextLine id="r3l21" custom="readingOrder {index:20;}">
                <Coords points="2085,1800 2174,1812 2315,1792 2476,1821 2564,1787 2636,1808 2695,1799 2695,1725 2654,1706 2482,1749 2435,1726 2389,1763 2309,1750 2241,1770 2220,1755 2150,1768 2085,1728"/>
                <Baseline points="2096,1784 2125,1785 2154,1786 2184,1787 2213,1788 2243,1788 2272,1788 2302,1788 2331,1788 2361,1788 2390,1787 2419,1787 2449,1787 2478,1785 2508,1785 2537,1785 2567,1785 2596,1784 2626,1784 2655,1784 2685,1785"/>
                <TextEquiv>
                    <Unicode>Vrena Leema dienstmagt im große</Unicode>
                </TextEquiv>
            </TextLine>
            <TextLine id="r3l22" custom="readingOrder {index:21;}">
                <Coords points="2077,1863 2128,1840 2206,1869 2265,1854 2286,1870 2353,1841 2406,1861 2537,1840 2733,1849 2733,1811 2672,1793 2587,1808 2562,1787 2490,1817 2256,1793 2216,1816 2077,1806"/>
                <Baseline points="2087,1836 2118,1836 2150,1838 2182,1838 2214,1838 2246,1838 2277,1838 2309,1838 2341,1838 2373,1838 2405,1836 2436,1836 2468,1836 2500,1836 2532,1836 2564,1836 2595,1835 2627,1835 2659,1835 2691,1835 2723,1835"/>
                <TextEquiv>
                    <Unicode>Spittal spricht der ehe an, Hans Nußbaum</Unicode>
                </TextEquiv>
            </TextLine>
            <TextLine id="r3l23" custom="readingOrder {index:22;}">
                <Coords points="2677,1893 2688,1893 2690,1890 2696,1890 2707,1901 2718,1897 2728,1897 2728,1844 2715,1846 2705,1838 2690,1850 2677,1850"/>
                <Baseline points="2687,1883 2717,1883"/>
                <TextEquiv>
                    <Unicode>.</Unicode>
                </TextEquiv>
            </TextLine>
            <TextLine id="r3l24" custom="readingOrder {index:23;}">
                <Coords points="2085,1908 2220,1887 2351,1915 2385,1892 2539,1914 2575,1893 2613,1914 2678,1895 2678,1866 2628,1838 2530,1865 2450,1846 2406,1860 2387,1841 2229,1864 2140,1840 2085,1857"/>
                <Baseline points="2096,1886 2124,1886 2153,1885 2181,1884 2210,1884 2238,1884 2267,1884 2295,1885 2324,1886 2352,1886 2381,1886 2410,1886 2438,1886 2467,1887 2495,1887 2524,1887 2552,1887 2581,1887 2609,1886 2638,1886 2667,1886"/>
                <TextEquiv>
                    <Unicode>hab ihn die verheißen, und daruff sya</Unicode>
                </TextEquiv>
            </TextLine>
            <TextLine id="r3l25" custom="readingOrder {index:24;}">
                <Coords points="2090,1950 2178,1938 2240,1972 2275,1942 2351,1931 2474,1961 2592,1933 2632,1958 2672,1934 2712,1962 2735,1959 2735,1896 2661,1892 2619,1914 2575,1893 2501,1913 2395,1892 2351,1916 2269,1893 2089,1905"/>
                <Baseline points="2100,1935 2131,1934 2162,1934 2193,1934 2224,1932 2256,1932 2287,1932 2318,1932 2349,1931 2380,1931 2412,1931 2443,1931 2474,1931 2505,1931 2536,1931 2568,1931 2599,1931 2630,1929 2661,1929 2692,1929 2724,1929"/>
                <TextEquiv>
                    <Unicode>geschwengeret, dargägen er ira dheiner</Unicode>
                </TextEquiv>
            </TextLine>
            <TextLine id="r3l26" custom="readingOrder {index:25;}">
                <Coords points="2085,2007 2128,2015 2182,1990 2203,2008 2256,1987 2320,2014 2448,1991 2497,2010 2579,1986 2659,1989 2687,2012 2701,1940 2473,1961 2397,1939 2365,1965 2306,1969 2275,1942 2245,1964 2175,1939 2085,1959"/>
                <Baseline points="2096,1979 2125,1980 2155,1983 2185,1984 2214,1986 2244,1986 2274,1987 2303,1988 2333,1988 2363,1988 2393,1988 2422,1986 2452,1986 2482,1985 2511,1984 2541,1983 2571,1981 2600,1980 2630,1978 2660,1977 2690,1974"/>
                <TextEquiv>
                    <Unicode>nheuer heißung bekantlich sin wölle,</Unicode>
                </TextEquiv>
            </TextLine>
            <TextLine id="r3l27" custom="readingOrder {index:26;}">
                <Coords points="2079,2042 2176,2038 2248,2073 2480,2039 2539,2068 2590,2040 2687,2034 2686,1982 2617,2010 2568,1985 2498,2009 2435,1993 2323,2015 2243,1989 2203,2008 2184,1990 2142,2013 2079,2008"/>
                <Baseline points="2090,2033 2119,2033 2148,2034 2177,2036 2207,2036 2236,2036 2265,2036 2294,2036 2324,2036 2353,2036 2382,2036 2411,2035 2441,2034 2470,2034 2499,2033 2528,2031 2558,2031 2587,2030 2616,2030 2645,2028 2675,2027"/>
                <TextEquiv>
                    <Unicode>doch des by schlaffs nit laugnende.</Unicode>
                </TextEquiv>
            </TextLine>
            <TextLine id="r3l28" custom="readingOrder {index:27;}">
                <Coords points="2095,2110 2157,2120 2266,2091 2444,2114 2530,2089 2570,2110 2720,2080 2719,2052 2660,2032 2551,2068 2512,2047 2337,2045 2278,2065 2130,2034 2094,2045"/>
                <Baseline points="2106,2088 2136,2088 2166,2088 2196,2087 2226,2087 2256,2087 2286,2087 2317,2087 2347,2087 2377,2087 2407,2087 2437,2087 2467,2087 2497,2085 2528,2085 2558,2084 2588,2083 2618,2082 2648,2080 2678,2078 2709,2076"/>
                <TextEquiv>
                    <Unicode>Coognitum diewyl sy in mit kundt¬</Unicode>
                </TextEquiv>
            </TextLine>
            <TextLine id="r3l29" custom="readingOrder {index:28;}">
                <Coords points="2089,2170 2180,2143 2353,2145 2412,2172 2458,2142 2486,2158 2574,2138 2606,2163 2722,2147 2721,2090 2704,2088 2660,2110 2529,2090 2376,2122 2297,2093 2152,2121 2089,2109"/>
                <Baseline points="2099,2142 2129,2141 2160,2141 2190,2139 2221,2139 2252,2138 2282,2138 2313,2138 2343,2138 2374,2138 2405,2138 2435,2138 2466,2138 2496,2136 2527,2136 2558,2136 2588,2135 2619,2135 2649,2133 2680,2133 2711,2132"/>
                <TextEquiv>
                    <Unicode>schafft nit vnderrichte khönne, das sy</Unicode>
                </TextEquiv>
            </TextLine>
            <TextLine id="r3l30" custom="readingOrder {index:29;}">
                <Coords points="2087,2199 2199,2218 2239,2194 2308,2215 2342,2193 2414,2218 2490,2199 2635,2223 2696,2200 2696,2153 2588,2150 2563,2169 2458,2142 2397,2170 2344,2147 2086,2170"/>
                <Baseline points="2097,2192 2126,2192 2155,2190 2185,2190 2214,2190 2244,2190 2273,2190 2302,2190 2332,2190 2361,2190 2391,2190 2420,2190 2449,2190 2479,2190 2508,2190 2538,2190 2567,2189 2596,2189 2626,2187 2655,2186 2685,2184"/>
                <TextEquiv>
                    <Unicode>aller ehelichen Banden vnd ime abgescheiden</Unicode>
                </TextEquiv>
            </TextLine>
            <TextLine id="r3l31" custom="readingOrder {index:30;}">
                <Coords points="2089,2258 2136,2241 2155,2260 2222,2245 2359,2269 2446,2242 2495,2271 2566,2243 2625,2256 2680,2241 2680,2196 2612,2209 2585,2190 2558,2214 2490,2197 2414,2218 2342,2193 2309,2215 2241,2194 2199,2217 2133,2194 2089,2207"/>
                <Baseline points="2099,2241 2127,2241 2156,2241 2184,2241 2213,2241 2241,2241 2270,2240 2298,2240 2327,2240 2355,2240 2384,2240 2412,2240 2441,2240 2469,2240 2498,2240 2526,2240 2555,2240 2583,2240 2612,2239 2640,2238 2669,2238"/>
                <TextEquiv>
                    <Unicode>sin, inne beider sydes auch erlaupt</Unicode>
                </TextEquiv>
            </TextLine>
            <TextLine id="r3l32" custom="readingOrder {index:31;}">
                <Coords points="2083,2316 2427,2290 2503,2317 2528,2296 2577,2314 2682,2305 2701,2296 2700,2244 2644,2272 2584,2247 2483,2273 2443,2244 2361,2268 2306,2251 2283,2272 2243,2247 2146,2261 2129,2246 2082,2270"/>
                <Baseline points="2093,2295 2122,2294 2152,2292 2182,2292 2212,2291 2242,2291 2272,2291 2301,2290 2331,2289 2361,2289 2391,2289 2421,2289 2451,2289 2481,2289 2510,2289 2540,2289 2570,2289 2600,2289 2630,2289 2660,2288 2690,2288"/>
                <TextEquiv>
                    <Unicode>sich widerumb zeuerehelichen vnd</Unicode>
                </TextEquiv>
            </TextLine>
            <TextLine id="r3l33" custom="readingOrder {index:32;}">
                <Coords points="2085,2359 2155,2350 2176,2369 2216,2340 2345,2363 2391,2335 2446,2360 2596,2362 2613,2345 2686,2353 2686,2311 2644,2294 2604,2315 2503,2316 2448,2293 2406,2312 2315,2295 2269,2316 2224,2298 2085,2313"/>
                <Baseline points="2096,2339 2126,2339 2156,2339 2187,2339 2217,2339 2248,2340 2278,2340 2309,2340 2339,2340 2370,2340 2400,2340 2431,2340 2461,2340 2492,2340 2522,2339 2553,2339 2583,2339 2614,2337 2644,2337 2675,2336"/>
                <TextEquiv>
                    <Unicode>wan sy des Kindts geist, vnd Ime den</Unicode>
                </TextEquiv>
            </TextLine>
            <TextLine id="r3l34" custom="readingOrder {index:33;}">
                <Coords points="2086,2421 2151,2396 2216,2420 2257,2399 2292,2416 2362,2398 2392,2421 2468,2392 2533,2422 2603,2399 2723,2404 2723,2360 2654,2347 2506,2371 2390,2334 2316,2366 2219,2342 2177,2369 2154,2350 2086,2360"/>
                <Baseline points="2096,2390 2126,2390 2157,2390 2188,2390 2219,2390 2250,2390 2280,2390 2311,2390 2342,2391 2373,2391 2404,2391 2434,2391 2465,2391 2496,2391 2527,2393 2558,2393 2588,2393 2619,2393 2650,2393 2681,2393 2712,2393"/>
                <TextEquiv>
                    <Unicode>wie bruchlich zu eignet, sol ers für das</Unicode>
                </TextEquiv>
            </TextLine>
            <TextLine id="r3l35" custom="readingOrder {index:34;}">
                <Coords points="2095,2457 2201,2441 2260,2463 2346,2442 2378,2474 2408,2449 2445,2473 2509,2459 2555,2482 2640,2449 2743,2473 2743,2404 2689,2397 2482,2425 2262,2397 2226,2418 2165,2394 2096,2413"/>
                <Baseline points="2106,2438 2137,2438 2168,2438 2200,2439 2231,2439 2262,2439 2294,2441 2325,2442 2356,2442 2388,2444 2419,2444 2450,2444 2482,2445 2513,2445 2544,2445 2576,2445 2607,2444 2638,2444 2670,2442 2701,2442 2733,2439"/>
                <TextEquiv>
                    <Unicode>sie in Gotts forcht vfferzücht, vnd im</Unicode>
                </TextEquiv>
            </TextLine>
            <TextLine id="r3l36" custom="readingOrder {index:35;}">
                <Coords points="2088,2504 2259,2506 2289,2490 2347,2530 2441,2505 2518,2518 2538,2499 2613,2518 2645,2509 2647,2456 2603,2442 2541,2470 2454,2472 2406,2451 2380,2472 2303,2446 2260,2462 2200,2441 2090,2453"/>
                <Baseline points="2099,2486 2125,2485 2152,2484 2179,2483 2206,2483 2233,2484 2260,2484 2286,2486 2313,2486 2340,2489 2367,2489 2394,2490 2421,2493 2448,2494 2474,2495 2501,2495 2528,2496 2555,2496 2582,2495 2609,2494 2636,2493"/>
                <TextEquiv>
                    <Unicode>8 lb für die Kindepertin gäbe. </Unicode>
                </TextEquiv>
            </TextLine>
            <TextLine id="r3l37" custom="readingOrder {index:36;}">
                <Coords points="2094,2559 2270,2572 2364,2555 2457,2605 2614,2577 2654,2601 2714,2574 2715,2532 2640,2510 2534,2527 2442,2505 2371,2532 2290,2493 2180,2516 2096,2504"/>
                <Baseline points="2105,2550 2134,2549 2164,2547 2194,2547 2224,2547 2254,2547 2284,2548 2314,2550 2344,2551 2374,2553 2404,2554 2433,2555 2463,2558 2493,2559 2523,2561 2553,2562 2583,2564 2613,2564 2643,2565 2673,2565 2703,2564"/>
                <TextEquiv>
                    <Unicode>sy fremmen ist angentz für den 2. fäller</Unicode>
                </TextEquiv>
            </TextLine>
            <TextLine id="r3l38" custom="readingOrder {index:37;}">
                <Coords points="2092,2614 2121,2610 2142,2623 2176,2615 2212,2624 2235,2605 2248,2611 2288,2597 2326,2618 2360,2606 2360,2568 2333,2569 2316,2557 2290,2571 2248,2563 2214,2571 2187,2560 2092,2572"/>
                <Baseline points="2103,2591 2130,2591 2157,2591 2185,2591 2212,2591 2239,2591 2267,2591 2294,2591 2321,2592 2349,2594"/>
                <TextEquiv>
                    <Unicode>angelegt worden.</Unicode>
                </TextEquiv>
            </TextLine>
            <TextLine id="r3l39" custom="readingOrder {index:38;}">
                <Coords points="2084,2668 2266,2651 2369,2687 2424,2668 2636,2697 2717,2673 2720,2616 2647,2632 2547,2590 2500,2618 2377,2632 2290,2595 2151,2630 2086,2609"/>
                <Baseline points="2096,2648 2126,2646 2157,2646 2187,2646 2218,2648 2249,2648 2279,2649 2310,2649 2340,2651 2371,2652 2402,2654 2432,2655 2463,2657 2493,2658 2524,2659 2555,2661 2585,2662 2616,2664 2646,2664 2677,2666 2708,2667"/>
                <TextEquiv>
                    <Unicode>Er Nußbaum hat gast nach Sant Johans</Unicode>
                </TextEquiv>
            </TextLine>
            <TextLine id="r3l40" custom="readingOrder {index:39;}">
                <Coords points="2102,2711 2124,2705 2140,2718 2178,2717 2261,2686 2362,2709 2363,2654 2298,2667 2275,2654 2230,2666 2197,2652 2159,2660 2134,2651 2123,2661 2104,2656"/>
                <Baseline points="2114,2682 2140,2681 2166,2681 2193,2681 2219,2682 2246,2682 2272,2683 2299,2685 2325,2686 2352,2687"/>
                <TextEquiv>
                    <Unicode>tag abzebüßen.</Unicode>
                </TextEquiv>
            </TextLine>
            <TextEquiv>
                <Unicode>255.
Lotzwyl.
Jacob Woll dem artzet, ist uff sin
erlangette Radts zeinen wider
Agata haber sin ehefrauw, ein
ditatis zu 14. erkendt worden,
kilchdorffs
Eines chorgricht zuschrybe, das sy
min hin berichte sollen, ob 
Jugesten Seeloß der sattler, sin¬
abgescheiden, widerumb solle
geehelicher, vnd sya beschlaffen,
by ira etliche tag gwonet habe,
vnd Im wirts hus zu Kilchdorff
verharret,
Fyttag den letsten Meyen 94
Cons. Hn Walthart, hr. Galden.
Ministri ambo eines er Büsch
Dachselhofer, zeihend, wietheilen,
Bern.
Vrena Leema dienstmagt im große
Spittal spricht der ehe an, Hans Nußbaum
.
hab ihn die verheißen, und daruff sya
geschwengeret, dargägen er ira dheiner
nheuer heißung bekantlich sin wölle,
doch des by schlaffs nit laugnende.
Coognitum diewyl sy in mit kundt¬
schafft nit vnderrichte khönne, das sy
aller ehelichen Banden vnd ime abgescheiden
sin, inne beider sydes auch erlaupt
sich widerumb zeuerehelichen vnd
wan sy des Kindts geist, vnd Ime den
wie bruchlich zu eignet, sol ers für das
sie in Gotts forcht vfferzücht, vnd im
8 lb für die Kindepertin gäbe. 
sy fremmen ist angentz für den 2. fäller
angelegt worden.
Er Nußbaum hat gast nach Sant Johans
tag abzebüßen.</Unicode>
            </TextEquiv>
        </TextRegion>
    </Page>
</PcGts>
