4032 3024
1320 289 1433 396 368
1457 330 1984 516 sich gestelt verner halten,
1465 424 1991 555 selle es in den kilcher gen
1461 471 1991 618 leng verbracht, entügeret
1465 524 1998 655 niemandts mitt von irere
1460 576 2005 712 fart anzeigende, noch wo si
1456 646 2000 781 gange, damitt sy sich des un
1448 703 1995 830 nen geschreyb schuldig geben, so
1447 764 2010 879 nin er von ira aller eheliche
1446 819 2013 955 pflicht ledig erkent, und imme
1436 900 2009 1005 nachgelahen sye, das er sich an
1426 949 2010 1051 fort verehelich dörffen. Dem
1443 1014 2021 1125 Soll der vogt zu landtschulten
1441 1071 2012 1168 sya ein flyssigs uffsehen, hat
1456 1123 2011 1246 und wo sy zu betretten, ge
1438 1191 2012 1298 klich ynzüchen, vnd min herr
1422 1248 1597 1344 berichten
1609 1345 1792 1453 Diesbach
1446 1411 2000 1508 söllind uff nechstkünfftig
1426 1472 1997 1551 Mittwuchen anni dek, alhe
1439 1525 2002 1616 für Chorgricht ritieren, ve
1446 1583 1998 1679 Bürgki irem eheman mitt
1438 1647 1944 1728 antwort zu begegnen,
1614 1719 1818 1825 Künitz.
1414 1799 2000 1896 der Amman soll die wybs per
1430 1866 1999 1947 so dem Jungen brügler ein
1416 1911 1981 2002 vnehrlich khind zugeeignet,
1401 1972 1991 2067 bald sy wirtt mögen stäg und
1412 2034 1939 2128 wäg bruch alhar bethagen
2593 323 2690 420 369
2068 374 2644 528 frytag den 20. septemb. 1794.
2070 453 2702 587 Proses herr Walthart. Cons. S. Galdi
2073 498 2717 633 Illinist. ambo. Civium Dachselhofferen
2085 577 2557 688 zeihende Wiechselman.
2192 645 2409 767 Oberburg.
2052 680 2674 821 jost Alchenberger, klagt ab Cristinden
2045 760 2708 881 kürsener, syner Ehefrouwen, wie das
2067 806 2702 916 er vor ettwas zytts, sich mitt ver¬
2060 873 2694 971 meltter Cristina verehelichet, habe
2107 920 2697 1035 sich zuvor ime unwüssend in un
2064 953 2107 1018 v
2064 971 2681 1087 küscheytt vergangen, Inmassen sy
2066 1034 2727 1144 schwenger gewesen, wie sy zu zerkhon.
2066 1093 2719 1191 nen, und volgendts das khind Rats
2055 1143 2701 1238 Löuwenbergeren, weybel zu heimis
2062 1199 2710 1297 wyl zugeeignet, und er dergstalt
2079 1263 2715 1353 von ira bethrogen worden, darumb
2081 1319 2704 1400 er nun vermeine, ehelicher pflicht
2089 1376 2689 1469 von ira uffgelögt und geschrichte
2102 1442 2703 1521 werden, dargegen die versprechere
2071 1486 2718 1586 deß geklagten fallers nitt abred gewesen
2083 1538 2699 1626 sye aber ira hertzlich leid, vnd hatt Inne
2078 1599 2709 1696 klegeren, umb verzychung gepätten,
2085 1642 2713 1738 ute niemerier mittarp von Gra¬
2085 1702 2674 1806 gespürt werden, und wolle ime
2091 1752 2684 1844 vherlich und redlich alls einer
2073 1811 2718 1912 fromen ehefrouwen zu stadt hushalten.
2076 1879 2690 1956 cognitio, die wyl sy beantworttern
2080 1918 2679 2026 nitt absin können, dan das sy
2105 1968 2691 2060 von einen anderen schwanger
2076 2034 2728 2140 zu Ime khomen, vnd Inne hiemit
2077 2089 2667 2178 dargesetzt und bethrogen, welchen
2082 2130 2673 2255 fäller er ira nitt vorzuschen wollenn
2059 2202 2686 2324 So sölle deshalb er von irer aller ehelich
2043 2259 2682 2365 bauch ledigsten, vnd ihme erlaupt
2060 2302 2675 2416 sich angentz zeverehelich ira aber
2066 2359 2686 2481 ein gantz der lang die ehe spotten
2058 2425 2700 2526 se, und wan sy sich verehrlichen will
2064 2460 2677 2568 soll sy zu vor alhie erlouptnus er
2030 2498 2698 2641 lang und ein schyn von der kilchen
