4032 3024
1304 391 1424 499 2
1438 398 1943 529 huber und sie frouw, auch in ein
1420 463 1977 581 gesetzt zubadenn glych darnach hern
1409 513 1982 629 huber angefangen, tantzlen, und sag
1422 554 1972 669 Ir geistlichen Herren, In verle¬
1423 613 1980 720 gend vng gegen vnseren Herrn
1416 649 1959 747 das wir sy übel zu entgeltten
1415 690 1988 797 habend, und wie bald sy ine daru
1422 743 1989 850 abmanen wollen, zu ime sagend,
1416 794 1977 902 wie diser stand von Gott yngsetz
1429 843 1975 944 und war denselben schmache er
1413 891 1971 990 zürig gott, daruff er gesprochen
1410 958 1975 1037 welcher rede das er gott schmehe
1403 1008 1976 1094 der lüge, wie einschelm vnd dieb
1400 1059 1990 1160 und dem nach sy ouch pfaffen ghalten
1408 1113 1973 1222 wytter alls sie surers frauw
1403 1175 1968 1271 zu Ime geredt, wie sy nitt gwa¬
1411 1230 1955 1324 net, das man irem mannder
1399 1288 1962 1386 unwarheitt ziehe, daruf sy auch
1384 1347 1895 1438 sheiten liegen wie ein hur¬
1388 1400 1976 1483 Ist zuber hierüber sich zuuersprochen
1400 1453 1926 1533 nachgelassen worden, der die
1386 1500 1954 1587 sach wollen also vsslegen, das er
1392 1552 1942 1648 verstanden, wie man gseytt habe,
1396 1599 1955 1688 er sölle gott den herren geschricht
1391 1658 1950 1750 haben. Darüber er also zugeheren
1399 1710 1957 1802 vnd geredt wer rede, das er gott
1392 1769 1927 1858 den herren geschmecht, der luge etc.
1381 1821 1951 1915 begartt der stangen, Sind hieruf
1392 1876 1952 1964 alle verlieffne wortt uffgeheptstend
1386 1936 1933 2038 wen er in des richters hand ge¬
1363 1999 1917 2091 loben möge, das er von denn
1368 2048 1938 2143 fromen mitt dan alles cheren liebe
1369 2114 1939 2202 und gutts wüste, sollend die usgeste
1378 2153 1936 2258 nen reden zum nüttschaden, und
1372 2214 1941 2306 er fürhin seiner worthen behuttsammen
1382 2262 1922 2369 sin, denne solle er in gulden zu
1371 2323 1930 2433 straff siner usgehenen worden
1356 2379 1743 2481 die büchsen legen.
2601 352 2715 440 245.
2109 403 2561 571 hesten den 17. Mai 1794.
2108 472 2686 611 Nases herr walthart, minist, amb
2092 535 2699 671 eiuium Rüsch, Dachselhofer, hender
2092 622 2380 720 wiechselmann.
2268 676 2456 778 Vtzistorff,
2082 745 2700 861 Cathrina Mägli, spricht der ehrauwe
2080 807 2719 907 durs wisner, mitt anzeig, wie kurtz
2092 868 2705 953 verrukter zytt, Bendicht wisner
2096 913 2707 1009 der altt, In ein schwere krankheitt
2090 974 2703 1074 gefallen, und die wyl sy kein jung
2097 1040 2701 1124 frouw gehapt, habind sy nach ira ge¬
2087 1090 2712 1192 schikt, damit sy ime uffwarttet, under¬
2072 1156 2712 1242 anderen, habe sich eines abendts alls sy
2070 1210 2715 1293 schon an irer ruw gelegen, zugethlagen,
2054 1266 2700 1353 das ira vermeltter dienst wisner ange¬
2071 1317 2699 1402 muttet, das sy sines willens pflegte, sy
2064 1359 2722 1457 aber ime solliches abgschlagen, er verhieße
2041 1421 2693 1512 ira dan die ehr, welche er ira daruff
2071 1476 2721 1559 verheisen, und sy wyl sy ime truwet es
2070 1527 2709 1614 gra sin zusagen haltten wurde, den
2062 1580 2706 1671 byschlaff verwilliget, begärt hiemitt,
2089 1631 2702 1726 r sye zu kilchen, und straffen fhuren
2088 1686 2698 1782 soltte. Entgegen er ira dheiner Ehe¬
2077 1741 2715 1835 zusagung bekhandtlich sin wollenn
2156 1798 2714 1883 Gyschlaffs aber nitt lougnende,
2086 1826 2717 1941 vnd vermeint nitt, das er ira soltte
2071 1921 2716 1994 zu bekennt werden, cognitum, die wyl
2070 1967 2689 2050 die Cleger, den verantwortter
2061 2010 2704 2104 der eheversprechung mitt keiner
2074 2072 2718 2163 khundschafft underrichten mögen, so
2078 2133 2738 2232 solle deßhalb dise ehe ansprach uffgehen
2068 2184 2704 2281 und jedem erloupt sin, sich andern
2068 2238 2736 2334 fort zeuerehrlichen, denne soller
2073 2295 2721 2396 die wyl, durch anderlütt beredt worden.
2181 2354 2724 2435 wan sy einanderen gfiellind
2205 2395 2701 2491 neren nemmen möchte, das
2137 2447 2719 2560 vnd sy daruff hin beschlaffen, das
