4032 3024
1237 380 1326 483 91.
1398 455 1827 589 Bern. Byrlouff
1294 543 1887 670 fren meyer ist verwilligett
1306 603 1914 739 das sy sich anderfhart verehen.
1303 673 1942 813 lichen möge, ungeacht, der rede
1337 751 1941 880 so der ehehalb zwüschen ira vnd
1331 817 1927 950 Jacob Wüst von Küngsfelden
1342 904 1833 1007 ergangen sin mochtend.
1401 1065 1820 1190 Bern, Rossoniere
1312 1145 1935 1291 Anna Kümli, spricht der ehe an
1303 1228 1926 1363 Dierre Allemans, mitt anzeig wie
1327 1306 1928 1406 er sy zu Rümlingen, ob dem nacht
1318 1379 1903 1490 mal der ehe angesprochen, mitt
1332 1454 1914 1568 vermeldung, wie sie hertz, ir
1339 1522 1885 1620 eigen sye, daruff ira die ehe
1339 1582 1908 1696 verheysen, ein franken gebenn,
1336 1657 1919 1759 hie mitt Ime alles Irem vermeinten
1337 1736 1934 1834 Eheman des byschlaffs vergünstiget
1342 1809 1912 1914 vermeint, hiemitt, er solle ira
1338 1870 1918 1990 für ir eheman zu bekent werden.
1327 1939 1907 2041 Entgegen vermeltter allemand
1324 2017 1916 2106 ira deiner ehezusagung bekhand
1328 2075 1897 2187 lich sin wellen, des byschlaffe
1343 2144 1896 2256 nitt lougnende, und den franken
1352 2216 1901 2336 habe er ina der gottswillen
1347 2299 1902 2393 geben, wyl sy ihme angemuttet
1341 2382 1910 2490 er ira ettwas allmusens geben
2527 331 2636 437 195.
2016 409 2649 569 solle, und verhoffet, irer ehe ansprach
2017 485 2658 622 litig ußgegan. Cognitum, diewyl
2020 547 2624 686 der verantwortter der Cleger
2021 593 2644 734 dheiner ehe ansprach zusagung
2025 684 2626 806 bekhandtlich sin wollen, und s
2022 722 2665 863 Inne dero mitt dheiner khundtschafft
2033 810 2667 914 underrichten mögen, das deshalb
2018 874 2662 994 der Cleger an inne den verant¬
2011 946 2658 1062 wortter gesuchte ehe ansprach
2008 1017 2632 1143 hiemitt vffgehept, vnd Jedem
2016 1078 2664 1222 erloupt sin solle, sich anderfart
2024 1177 2650 1285 zeuerehelichen der ersten ist
2017 1245 2644 1371 uffgehept, wan sich erfindt
2023 1319 2636 1448 das er sy das er sy dagessen
2024 1403 2651 1504 geschwengeret hatte, und sy
2019 1463 2689 1585 hernach Ime dasselbige, wie bruch¬
2036 1543 2655 1656 lich zu eignen wurde, sol er
2020 1607 2662 1730 Ina daselbige abnemmen, und fri
2023 1683 2687 1788 das hin erzechen, denne sol¬
2025 1763 2687 1868 lend die sechs selber Cronen, so der
2026 1845 2684 1943 kantwortter der Cleger geben
2029 1913 2659 2020 das sy inne ledig spreche, das
2035 1991 2655 2089 er nitt gan Bern abhin müsse,
2039 2053 2686 2165 sölle er ira verblyben lassen
2207 2131 2357 2242 ganen.
2003 2203 2648 2314 an landtvogt zu Hanen, solle
2042 2285 2640 2363 vermeltten Pierre allemand
2016 2329 2701 2431 von begangner hur wegen, mitt
2008 2395 2721 2508 fünff tägiger gfangenschafft straffen
