4032 3024
1466 301 1540 389 30
1517 358 2180 509 fudi sonder zeigt an, das
1610 460 2185 567 er von kein anderen wüßen
1601 496 2163 620 der da us und yngangen sy
1603 563 2185 685 dan vil anzogner schmid s
1588 616 2186 722 we etliche mallen vmb mitten
1604 677 2185 782 nacht, dan am Morgen heim
1589 734 2179 829 khommen, darzu andere vmb
1604 800 2176 890 solliche zyt, da us und in
1592 841 2185 950 gangen, die er aber nit keine
1594 909 2178 1016 und ir wässe habe ime gar
1900 982 1959 1046 c
1594 976 1900 1068 mit gfallen.
1594 1048 2190 1162 Jörg har, wie es sich zu tagen
1595 1121 2185 1219 an des jungen kynders hochg
1597 1180 2185 1274 das vil gemeltter schmid, vnd
1600 1235 2190 1322 Pastorffers frouwen schwöst
1587 1284 2181 1373 sin, in syn Pastorfferschi
1588 1342 2174 1431 zächet, da so inne gladen.
1608 1392 2194 1484 aber es hab ime nüt gfalle
1600 1448 2196 1537 vnd sege nit dahin gangen,
1591 1502 2168 1589 und er hab wol etlichen
1606 1552 2184 1645 vmb die Zeihne sachen die
1605 1604 2185 1694 thüren uff thun und inhin
1600 1659 2131 1745 gan, darnach auch mehr
1600 1705 2125 1798 mallen. Da er ira das
1604 1763 2160 1866 bewyßen und gesagt, d
1597 1815 2184 1920 gange kurtzen läben nach
1603 1878 2200 1969 vff das sy ime geantworttet
1596 1936 2162 2032 und tot worden, es sye nur
1581 1989 2190 2079 ir schwöster sun, und Helias
1607 2041 2169 2140 schöpff darkhon, denen sy
1600 2096 2191 2201 müßen ein schlaff trunck
1590 2168 1748 2228 haben.
1570 2215 2173 2339 Hans Juncker der jungezeigt
1607 2300 2168 2405 an, das er nie da syn, noch
1618 2345 2187 2448 isgange und mit im huss
1591 2400 2173 2483 gsin, aber wol uff des
1591 2446 2187 2550 gossen sy iren gstandt,
1596 2502 2157 2611 aber in keiner bossenn
1593 2563 1892 2653 meynung.
2258 261 2863 509 de parten seine
2300 345 2884 549 donderen sehen gegen
2309 404 2912 597 gedienen genen der ge
2317 437 2938 639 echischel ander geanten
2308 513 2941 695 reken laßen, und die stägen
2298 592 2933 749 uffglüffen, da sy in louffen
2288 627 2944 815 laßen, möge aber nit wüße
2293 701 2918 873 war der gsin, Vnd als es
2294 744 2946 917 von Strasburg us dem Heinrich
2279 811 2969 977 khon, sy er zu ira gangen, da
2288 877 2935 1054 sinne hinsen wyl khon
2302 921 2997 1105 syn, und als sy by ein andere
2292 994 2909 1159 gestanden, hab sy gesagt
2254 1070 2969 1218 was er mache er nach ein
2308 1120 2968 1251 nur den offenheiß, da hab
2314 1185 2967 1303 sin mutter an der thuren
2291 1245 2995 1395 klopffet, da sy er von fra
2301 1335 3012 1446 gange, vnd mit boß mit gra
2304 1399 2591 1507 sbracht etc.
2411 1468 2763 1580 Grindel Wald
2286 1555 2993 1677 Elsbeth föütz clagt den ehebruch
2305 1645 2988 1738 ab Melcher Jost irem eheman
2316 1694 2964 1799 min anzung, wie Ime von Sara
2316 1742 2993 1846 weiger vor etlichen faren, ein
2317 1813 3009 1902 unehrlich kind worden, wellichen
2303 1858 2990 1965 fäler sy ime verzigen. Harnach
2316 1932 3001 2023 er sich widerumb in huri
2317 1991 3000 2078 mit ira meigen am vndersewen
2324 2052 2968 2149 merckt vergangen. Entgegen
2324 2102 2985 2210 er des nit wol ab syn khönne,
2315 2167 2892 2270 nipit, so wolle ime das
2318 2221 2985 2318 bezichen, so wolle er sich besteren.
2313 2282 3014 2375 Cognitum diewyl der geclatter
2316 2345 3025 2441 Letste ehebruch durch Kundtschafft
2350 2403 2955 2504 ffenbar, vnd sy den ime nit
2321 2451 2967 2554 verzichen wollen, so söllend sy
2331 2516 2998 2602 aller ehelichen banden, von ein
2332 2565 3012 2655 anderen uff glösten syn, und ira
2330 2624 3030 2706 sich widerumb zeverehelichen
2891 209 2974 296 31.
