4032 3024
1600 342 2230 486 also das sy inen beiden, die hurich
1604 432 2212 551 iren houpteren zum worttzeichen
1600 481 2212 619 genommen, und mitt ira hinweg
1610 546 2199 656 tragenn von solcher seiner trüw
1604 607 2212 710 loß, und uppigger thatt wege
1595 666 2212 782 begäre sy aller ehelichen pflicht
1626 741 2206 847 von imme uffgelosst, und ge¬
1609 804 2213 922 scheiden ze werden. Dargegen
1612 878 2204 972 er nitt gelaugnet, gedachte
1604 940 2223 1039 dirnen mitt inen trungken, er
1610 1001 2210 1102 ouch mitt ira zum Thor vngan
1619 1050 2220 1165 und an voranzognem gott sich
1625 1124 2198 1235 zu iren gelegt, habe aber die
1636 1188 2237 1307 thatt noch unerbarlichs mitt
1600 1257 2221 1361 ira verbracht, hätte sy aber
1626 1324 2208 1427 umb verzychung. Cognitum
1612 1399 2223 1485 Diewyl gesagte Elssbach strytt
1613 1448 2244 1537 dermassen den Ehebruch uff gement
1610 1506 2228 1598 Graff iren Eheman erwisen, das
1604 1562 2240 1663 der mitt warheitt nitt mag ver¬
1619 1616 2215 1728 lougnet werden, also das er
1620 1674 2224 1776 bekandtlich, das er allein by
1628 1740 2211 1840 nechtlicher wyl an offner
1863 1805 1955 1843 wi
1633 1804 2204 1908 hrger strass by gedachter
1633 1860 2205 1964 metzen gelegen, da dan syn
1633 1923 2208 2039 husfrouw inen beiden die hutt
1630 1996 2219 2099 abiren houpteren genommen, und
1627 2049 2246 2178 hinweg getragen, und sy nun ime
1645 2119 2229 2237 söllichen fäller nitt verzüchenn
1631 2179 2261 2312 welle, das deshalb die ehe soll
1631 2240 2253 2378 zwüschen inen schafft sein, und hatt
1633 2299 2263 2450 spotten sein sich anderfart zeuerschlich
1636 2378 2269 2531 ira ein halbs ime aber anderthalb
1619 2428 2258 2588 jar lang, und wan sy sich nach
2299 1128 2342 1242 t.
2976 331 3043 414 11.
2355 375 3052 499 verlüffnen wartzytt widerumb zu
2351 464 3006 557 verehelichen gesinnet warend,
2370 511 3055 621 söllend sy dessen bevor allhie am
2349 567 3038 673 Chorgricht bewilligung und er
2367 613 3052 721 ein schien offner beserung von der
2362 675 3037 809 kilchör, da er hie zwüschenn
2367 732 3035 839 wirtt wonen ufbringenn
2346 788 3052 906 Er soll ira allen zimlich billichen
2363 837 3048 970 hoffen dis Ehehandels halb uffgelesen
2367 934 2648 1044 abschragenn.
2518 1029 2655 1143 thun
2355 1089 3066 1211 an schuldtheis zu thun, solle obgerechte
2369 1170 3034 1279 graff vnd gesagk Matzen, mitt
2341 1227 3050 1343 gewonlicher gfangenschafft straff
2536 1385 2751 1502 Bollingen
2375 1458 3055 1588 vb Ulman hatt sich begäben, mitt
2377 1548 3049 1635 Cathrin, so by Amman Kuntzenn
2359 1600 3044 1690 dienet, kilchen rechte zethun sol
2361 1657 3063 1750 liches Zenolnbringen ist Ime 14 tag
2358 1700 3063 1807 der dry wuchen uff der lengst zill
2360 1773 2754 1874 vergünstiget worden,
2497 1924 2767 2044 verhingen,
2317 1983 3049 2122 Der Amman zu verhingen, solle Thori
2326 2072 3051 2162 Zimmer, so by obgesagtem Uli Ulman
2375 2127 3039 2213 ein unehelich kind erzüget, alhar
2340 2177 2973 2275 in pfangenschafft vermogenn.
