4032 3024
1502 527 1709 626 Bampellen
1367 592 1946 697 Zarbara Eschamplion sie richt der Er
1364 650 1945 731 an Cristen Kalli, mitt anzeige
1365 688 1948 789 er grade ehe ursprecht und redlich
1370 752 1943 835 zugesagt und versprochen habe,
1380 802 1952 881 daruff auch ime alles irem sentin
1401 850 1952 947 in eheman, den byschlaff begüns
1384 912 1953 1007 iget, da sy dan besorge, von ime
1391 971 1948 1062 schwänger gangen, begärt der ha
1383 1025 1936 1099 ben, man Ime mitt vnser
1404 1076 1942 1165 ertheil, dahin haltten und unnos
1393 1134 1960 1221 welle trahin zusagen zuhaltten,
1393 1174 1942 1280 und der kilchgang, mitt ira ze
1387 1241 1952 1343 volnzüchen, entgegen der ver
1394 1304 1961 1407 prechen, ira dheiner ehezusagung
1396 1360 1960 1448 bekandtlich sin wellen, doch deß
1374 1418 1964 1499 byschlaffs nit lougnende costitu
1386 1470 1941 1565 Diewyl gesagt Eschamption
1387 1521 1960 1613 jr klegt nach form rechtens nitt
1384 1579 1944 1670 bybringen, noch erzeigen mögenn
1388 1643 1963 1741 so solle deshalb dise ehr ansprach
1395 1689 1927 1790 uffgehept, und jedem der
1402 1752 1916 1846 parthyen nachgelaßen sin.
1405 1800 1938 1910 sich anderfart zeverehelichen
1403 1863 1908 1961 und wo sach das sy von imme
1435 1915 1933 2020 schwengeret und nach der ge¬
1402 1966 1929 2083 nicht ime das khind zu eignen
1410 2022 1941 2122 wurde, soll er das von ira
1415 2069 1919 2196 empfachen, und für das sin
1417 2138 1924 2258 erzüchen, und alls den ja drey
1424 2186 1943 2318 worten für die kindtbeten bericht
1425 2239 1950 2360 Denne soll er ira allen zimmlich
1409 2298 1940 2420 billichen costen, dis handels
1421 2349 1945 2494 halb uffgelüffen, abschragen.
1417 2423 1928 2567 an vogt zu belich so solte
1420 2505 1945 2636 melte beid parthyeh mitt funff¬
1421 2547 1945 2685 tägiges befangenschafft von
1418 2594 1859 2746 bgegen sein stossen.
2617 425 2728 518 9t.
2149 484 2303 573 Bern.
2022 512 2733 675 Nach dem einem ersammen ehegricht alhie von
2050 595 2717 723 glaubwürdigen hätten fürkhommen, was
2047 626 2734 771 khergernus Jacob Wyß in dem er sich
2059 678 2740 812 an so vill ergerlichen ortten sechen laßen
2056 734 2730 876 bymengklichem erwekt, ist er uff hütt
2051 776 2753 917 beschikt worden, und ime fürgehalttenn
2057 839 2734 958 wieser von wegen er vill zugangs
2071 886 2737 1001 under wonung mitt zu herren Hammel
2061 932 2749 1055 Schneüwling des predirenten dienstmag
2056 988 2689 1107 habe, und vil red mitt na bruche,
2057 1035 2713 1161 ime ein böss geschrey erholle, dan er
2066 1088 2743 1194 man inne habe gschechen an einem
2056 1137 2730 1248 sontag in gesagts herr Samuels hus in
2081 1196 2733 1288 eiem abwäsen gan, da er habenn
2070 1235 2749 1340 gessen, Item das er eines andere
2064 1281 2711 1384 sontags us des Bastetten machers
2075 1311 2739 1438 hus, in fr Dillmans hus wonnende
2074 1352 2758 1486 nach der gesagt dienstmagt geschikt
2071 1414 2750 1542 das sy daselbsten zu imme soltte khommen
2082 1477 2751 1588 fürgebende es wäre ein herr darinn
2103 1531 2742 1628 o begärtte mitt ira zereden, da
2082 1579 2756 1669 man aber wol wüste, das damalen
2083 1625 2762 1718 niemandts darin gsin wäre dan
2088 1687 2755 1771 er. Item wie man inne an einem
2069 1734 2750 1821 donstag, all die wyl man in der predig
2078 1788 2736 1874 osen inne habe gsein, daruben samme
2082 1846 2762 1933 Item was er im stifft hoff zeihunder
2086 1906 2192 1999 habe
2092 1925 2736 2030 hatt er sich volgender wyß versprochen
2096 1993 2718 2071 alls namlich über das so er bezogen
2095 2036 2769 2123 wirtt, das er in gesagts Hr. Schneüwlis
2094 2079 2750 2168 hus haben sessen etc. sagt er, wie das
2095 2126 2749 2208 er domalen ein kranke doch er gehabt,
2095 2175 2749 2267 deshalben er zu gen Cristen amport
2095 2217 2781 2319 so by gesagtem herren Samuel zu Kost gade
2098 2259 2774 2365 verfügen, und pitten wollen ime dieses
2123 2324 2760 2400 hin dochter securieren, und da er
2106 2374 2751 2465 zum hus khommen, habe er funden das
2103 2432 2785 2531 syn hh. Samuels husfrauw gesagter
2100 2486 2749 2575 amport, und ettlich andere große
2116 2534 2740 2615 studenten, mitt einanderen haben
2112 2569 2785 2688 gehen, da sy dan inne zu inen bericht
