4032 3024
1268 347 1433 476 2
1550 400 1717 498 Bern.
1405 478 1984 621 wie dan das Jacob Linder der
1424 529 1976 666 Schnyder, uff nechst besche
1397 586 1979 738 zusamen bekhandtnus, in acht
1397 650 1981 778 ttagen, das sy mitt einanderen
1400 708 1989 836 gesamen gsin, zum dritten man
1385 767 1987 899 geschlagen, daruf sy widerumb
1402 820 1985 960 von Ime gangen, vnd ettlich
1404 890 1989 1021 schwere artikel gegen ime geklagen
1395 951 1962 1064 allsamlich, das er natröüwt
1401 1016 1966 1120 sy mitt musser, vnd dolchen zu
1394 1061 1960 1165 erstechen, denne das er zu
1397 1139 1939 1233 einem Schärer, so inne alhie
1406 1192 1956 1294 im chorhus geferiert, ob
1422 1242 1957 1351 er ira nitt habe mögen seyn
1423 1297 1948 1401 khon, gesprochen, grad wie
1400 1365 1952 1469 jenen bur, der die hand dryn
1418 1421 1931 1525 gestohlen und ein fust dryn
1409 1483 1954 1579 gmacht, Item das er ouch
1400 1543 1947 1644 einmal, alls er siner husfrou
1396 1598 1940 1702 wenn solligen altten sollenn
1406 1658 1967 1764 einen funden, ersucht, sprechen
1386 1725 1943 1828 Ich muß sechen was für einschatz
1399 1785 1950 1885 mir min frouw verlassen, und
1386 1847 1956 1950 do er nütt darin funden dan ein
1400 1909 1919 2002 bein, villicht dero eins, so der
1380 1960 1926 2061 schärer ira uß dem Riffel, den er
1366 2025 1928 2136 ina zerschlagen gezogen, er
1383 2106 1950 2207 louffen lassen, das dich der donne
1367 2164 1959 2278 under dem erdtrich erschiehen, hast
1363 2248 1929 2340 du mir sonst nütt vlan wollen,
1354 2303 1921 2423 Denne das er ira angemuttet
1372 2371 1917 2475 sy solle Ime anzeigen, welcher
1381 2444 1928 2549 under inen beiden, dem ziegler
2499 336 2715 429 243. 15.
2083 401 2698 567 vnd Ime den vngeren habe, vnd
2090 459 2721 605 allen der kinder d Heines artikels dan
2086 513 2716 659 deß er zum Schärer geredt gestendig
2088 567 2717 723 sin wollen, neben dem das er ab
2093 632 2733 758 seines chorgrichts warnung und
2097 701 2693 818 straff wenig than, hatt man
2072 744 2701 894 sich sach für rhat geschlagen, die
2069 811 2716 945 daruff imme in gfengkung legen
2080 874 2731 997 laßen, vnd darob eraminieren
2083 925 2727 1050 han er sich der bescherung erpotten.
2088 986 2734 1089 habend hieruff nur gnädig herren
2086 1051 2711 1156 den Eherichteren beuolchen, das
2081 1104 2735 1222 sy lind und sin ehe frouwen
2074 1172 2735 1268 widerumb vereinbaren söllind
2076 1228 2723 1321 und das er die Hentzina angen
2071 1275 2732 1384 us dem zug thun solle, ist sollches
2061 1343 2721 1421 dem anzognen Rhatschlag nach
2076 1384 2734 1485 beschechen, wie wol sy die frouw
2069 1443 2724 1540 kümmerlich bewegen lassenn
2074 1492 2729 1600 und sich hefftig aber siner tiran
2083 1559 2693 1628 ny erklagt, die ime fürhin ab
2062 1617 2696 1712 gstelt, und zu bunden sich fürhin
2069 1674 2692 1761 fründtlicher gegen ze haltte,
2053 1737 2686 1833 ir soll die Hentzina angentz
2078 1793 2686 1886 uß dem hus thun, sy soll
2071 1850 2694 1952 auch nitt so gmein in ziegel
2077 1910 2689 2008 hoff louffen, sonders wan ira
2078 1972 2707 2068 ettwas von Ime begäre, soll
2068 2026 2717 2135 sy es einen herren khon klagen.
2075 2079 2606 2194 sy habend beide gelopt
2215 2186 2358 2257 Bern.
2073 2233 2700 2345 dem nach sich herr Geörg Suter
2070 2313 2730 2386 ab Jacob Huber dem potten erklagt, wie
2076 2358 2721 2432 er verschinner tagen, in spitz khommen,
2074 2417 2736 2496 da er und sin husfrouw mitt einanderen
2060 2462 2704 2534 In einem kasten gebadet, und er
