4032 3024
1203 364 1297 464 186.
1305 395 1900 561 diewyl vnd aber solliches inten
1339 487 1887 607 widrig, vnd nitt lieb sye, zu
1306 557 1918 669 dem sy noch vnder denen haren, vnd
1333 615 1925 720 tagen, under welchen sy nitt gwe
1334 669 1935 788 tig gsin, sich jemandig zeversprochen
1309 740 1926 843 das desshalb solche eheversprechen
1319 796 1934 898 uffgehept, und krafftlosen und heilen
1330 857 1913 968 nach gelassen sein solle, sich andern
1309 927 1937 1039 fart zeuerehelichen, denne sol
1322 989 1929 1108 jedes sinen ersten an ihme selben haben.
1368 1118 1888 1246 frytag den 12. tag Aprilis
1395 1192 1505 1269 1594.
1322 1213 1849 1330 Praesentibus minist. here haller,
1316 1291 1834 1385 civium Rüsch dachselhoffer
1314 1341 1787 1445 zechender, wiechselmans
1459 1449 1727 1578 Lausanna.
1319 1550 1869 1663 Jacques wollet, Ist ein Citation
1329 1635 1889 1734 wider Gabrielle gerord sin hin¬
1321 1696 1869 1800 geloffne ehefrouwen zu dryenn
1300 1767 1751 1862 wuchen vergünstiget,
1414 1862 1917 2007 Mentag den 25. aprilis 94.
1306 1925 1717 2046 Praeses herr Walthart
1326 2018 1881 2105 minist. Herr dik eininn Rüsch
1324 2056 1773 2168 Dachselhoffer, Zechender,
1485 2157 1613 2250 Bern.
1292 2216 1898 2332 Jacob Linder der schnyder, und sein
1346 2273 1896 2395 husfrouw, sind vermant, er das
1339 2326 1876 2445 er fürhin sich fründtlicher gegen
1334 2376 1916 2500 einer husfrouwen, haltte und trage
1327 2432 1880 2548 und nitt mer mitt schlachen, und
1332 2491 1898 2606 stossen mishandle, und ime dise
2509 308 2619 406 187.
2029 379 2621 521 nädige straff ein warnung sin lassen
2018 462 2605 581 sonst, wo es wytter von her zu klag
2003 516 2645 658 khommen, wurde man solches der sachen
2014 571 2628 708 oberkeytt klagen mussen, Item solle
2015 623 2650 770 er ouch die hentzinen fin zinsfraw
2005 700 2633 815 mitt dero er in großem argwon
2015 753 2641 875 stedt uf dem gut thun, sy aber
2014 809 2644 920 sl ime ouch das best thun, und sin
1996 866 2656 992 khind, so er by einer vorigen husfraw
2009 934 2647 1059 erzüget, ratsame und in hutt haben
2012 991 2646 1105 solle, denne sind die wortt, so er
1998 1066 2638 1164 Kinder wider Lorentzen desßigg.
2007 1123 2626 1228 lers hußfrauw geredt, hiemitt
2000 1192 2655 1294 uffgehept, und dheinem an eheren
2018 1239 2624 1354 mitt schaden, sy habend glopt
2025 1300 2619 1409 wytter mitt einanderen husse
2009 1384 2139 1464 haltten
2173 1430 2305 1510 Bern.
2024 1529 2678 1630 Anna Basler. Ist ein citation brieff
2022 1598 2675 1691 wider Plado Bub, Iren hingeloffen
2009 1662 2660 1768 Eheman zu 3 wuchen bestimpt
2021 1731 2244 1807 ad formam.
2131 1808 2297 1893 Bern.
1992 1896 2697 2017 Marti Bey dermesser schmid ist fürghalten
2011 1980 2091 2052 ten
2092 1979 2649 2078 das er wenig werke, vnd
2048 2030 2679 2126 antz liederlich in siner hußhaltung
1996 2074 2687 2188 sye, denne ouch in grossen sie das
2008 2139 2697 2239 er sich frömbder wyberen anneme
2021 2207 2674 2293 hatt er anzeigt, wie war das er
2033 2248 2677 2330 ettwan zum wyn gange, er gebe
2017 2300 2660 2392 aber anordnung das syn wyb,
2030 2350 2668 2435 und khind daheimen ouch zu ehen
2029 2403 2707 2495 habind, sye ime aber leyd hin trung,
2036 2456 2701 2550 kenheytt, Ist er darüber vermant
