4032 3024
1313 347 1409 443 340
1428 373 2011 545 Milandten der citieren
1435 439 2003 578 Praeses herr Galdi Cons. Herr welch
1435 506 2010 635 mrinist ambo. Civium Rüsch, das
1461 542 1996 685 selhofer, Zeihender, wie ich selman
1619 638 1796 738 Bürren.
1430 696 2017 831 Solle Siclaus Bloch, wan er kommen
1457 753 2011 888 und von Samson Rudi, welle von
1453 813 1997 927 wegen des costens krantz und
1461 851 2019 983 khindtbetten, umb den Niclaus plas
1462 917 2012 1028 sein Jacoben dochter verfelt worden.
1454 965 2008 1077 bezalt sin, solle er imme kein sch
1446 1018 2016 1127 haltten, sonders sy beid alhar für
1443 1068 1983 1185 ein ersam chorgricht wysen
1569 1154 1876 1272 Münsingenn,
1421 1213 2003 1343 Barbli Zuber schricht der er auch
1441 1290 1998 1408 Uli Hagdorf, mitt anzeigen, wie sy
1452 1352 1988 1430 er ta huc vnd heim, vnd die
1446 1393 2010 1495 Ehe verheisen habe, vnd daruff hin
1446 1449 2006 1545 sy beschlaffen, mitt beger an Ime
1457 1509 2000 1587 das er sin zusagen haltte, vnd
1450 1549 2015 1638 den kilchgang mitt ira volnbring
1452 1602 2015 1686 entgegen gesagter hagdorn verme
1446 1637 2009 1722 Zuberin, dheiner ehezusatzung bekent,
1448 1688 2007 1767 lich ein wellen, noch auch des sy
1444 1737 2013 1815 schlaffs nitt, vnd begärt hiemit
1457 1776 2013 1858 Irer ansprach ledig erkent zeworden
1436 1823 2000 1906 Cognitum, die wyl die Cleger. In
1435 1874 1999 1954 ansprach nitt nachform rechtenn
1446 1921 2000 2002 bewysen kan, noch mag, so solle
1422 1962 2004 2056 dise ansprach uffgehept, jedem er¬
1423 2020 2015 2109 loupt sin, sich anderfert zuuerschienen
1436 2069 2014 2174 Denne, soll jedes sinen post an zu
1435 2137 1662 2228 selbs haben
1610 2209 1733 2284 Bern.
1414 2222 2026 2344 petter Schalhart und Bendichtli
1434 2308 1980 2393 schulhart. Ist bewilliget, das sy
1431 2360 2000 2454 ire ehezusagung, in der kilchen
1458 2417 1991 2497 ud Künitz, mitt dem kilchgange
1424 2470 1801 2560 bestättigen mögind.
2651 369 2752 454 341.
2212 428 2375 514 Morgen.
2108 458 2770 598 die Edle Michiere Grasset spricht der
2110 531 2774 633 Ehe an Guillaume Chartel, mitt anzeig
2111 578 2738 664 wie er ira die Eheverheisen, vnnd
2118 614 2784 718 demnach sy beredt, das sy imme den byschlaffen
2107 672 2761 768 bewilliget, vnd von Ime geschwengerett
2118 735 2761 823 entgegen, die vermeltte chartel nitt
2107 774 2744 857 bekhandtlich sin wellen, das er ira
2117 821 2773 916 die Ehe volnkhomenlich usshin verheißen
2123 869 2732 976 habe, wol sye war, das er geredt
2108 935 2733 1021 wan er sich dem allen verehelichen
2125 974 2782 1078 werde, so wolle er kein andere frauw
2116 1039 2746 1134 nemmen dan sye, vnd könne des by
2118 1091 2770 1184 schlaffs nitt abfin Gremitt begärt
2112 1152 2778 1245 jrer ansprach ledig erkent ze werden
2121 1206 2756 1288 sind sy hieruff, wyl sy einanderen im
2124 1257 2771 1341 stand gemäßen und uß bsornus, wan man
2126 1305 2735 1374 sy nitt samen bekhendte, das der
2113 1352 2761 1446 dochter sünd, so sine Chartels nechste
2125 1405 2770 1493 nachpuren sind, die schwechung diser
2130 1466 2770 1541 Grasset, nitt ettwan an zue rechten
2123 1511 2762 1591 alls schelütt zusammen bekent worden,
2131 1560 2762 1645 vnd Inen vffgebunde worden. Inner
2122 1610 2750 1692 thalb den nechsten 14 tagen, oder
2140 1658 2758 1736 vff das lengst in einem monatt
2124 1712 2735 1794 kilchen rechte zu thund, und soll
2143 1759 2760 1844 ein ersam chorgricht zu Morgel
2156 1812 2777 1913 uffsichens haben, das dise un hie
2142 1865 2578 1950 In volge gestelt werden.
