4032 3024
1619 569 2196 762 zesten ad gesege
1684 679 2228 820 vürtickeit ich grosweybels
1621 751 2223 904 unnd etlicher weyblen in der
1616 813 2091 962 hiffz ist geter gese
1629 906 2113 1031 ken gfragt worden.
1618 1113 2193 1263 Eistlich us was ursache
1618 1192 2172 1324 Der sich sovnge horsamer
1631 1280 2162 1401 unnd sich in dee strg
1601 1341 2174 1472 von des kriegs wegen nit
1585 1406 2165 1545 begaben desslichen von der
1583 1503 2148 1616 crostùng bruchs wegen nit
1586 1578 2190 1693 des rechtens erwardtin nach
1557 1648 2177 1757 zu straf an sich namen woͤlen
1560 1721 2215 1823 hatt er antzeigt wie das er anarn
1558 1779 2147 1896 ir enfalter gsel unnd mitzit
1558 1862 2201 1956 habe noch vermöͤge dann fei¬
1558 1916 2176 2024 frowen gut das er nit döchen
1576 1989 2160 2112 der gstalt angrysen danner
1561 2058 2184 2185 besoiget das sy unldig und
1555 2153 2159 2261 übel zuͦferden mit im si
1587 2211 2178 2324 wude darzu habe erden
1578 2253 2203 2385 gantzen simet vyl ze wissen
1549 2356 2173 2458 ghast unnd von unmusz wege
1582 2423 2184 2529 sichnech in die busschicken
1550 2470 2180 2591 kannen unnd sye willns gsu
1553 2561 2143 2639 nach dem ambdet unnd aler
1543 2609 2160 2719 ius im heegst die busantzen
1566 2679 2173 2784 amen unnd thab nit verment
2871 557 2959 686 17
2339 644 2981 776 das soͤlicher uffzugso wit
2364 746 2994 854 langen unnd iun schaden bei
2341 807 2954 940 solte  dertrostung halb
2346 886 2938 1016 spricht er im spenüt zwistn
2352 968 2909 1078 das 15 d heine vbersachend
2319 1032 3018 1162 Er also zugangen nailich
2364 1115 2942 1234 offen zit als er gan under
2318 1201 2920 1307 sewen komen unnd einem von
2307 1263 2944 1394 fryburg denner bkent so win
2317 1360 3003 1482 da hin pferget funden haber den
2361 1428 2976 1559 solbengm mit im gfùrt
2320 1514 2986 1633 zum morgenesen unnd iin mit
2329 1586 2988 1700 dreeken jetzen redlichang hal
2315 1639 2962 1750 ir unnd aberer des wind nit
2315 1708 2978 1845 swonet denn erantz garsunst
2310 1794 2947 1906 kein wintrunken dann jetzin
2310 1848 2968 1980 in siner gfangenschaft zuͦ jeder
2308 1948 2926 2056 lassen des halb der win zinang
2310 2007 2963 2110 winen unnd da als er von moggen
2304 2077 2932 2194 bratt uff gasen komen ware uls
2299 2123 2907 2237 im boden daselbst unnd zuͦge
2309 2195 2910 2324 in ansprachigende er hosy thaul
2300 2279 2833 2404 In schaden mit den geysen
2309 2311 2884 2453 antwurte es mi nit mit wisen
2327 2396 2893 2505 der ander aberkeharete druf Er
2338 2452 2909 2567 thats mit wesen deshalber zu
2378 2503 2868 2646 Im psehlagen dowart da
2319 2556 2924 2723 glich vycl volk die da wolter
2450 2662 2703 2781 schedenn
