4032 3024
1418 581 1984 731 rstlich er syg gichtig
1455 674 1987 777 unnd bkeantlich ✳ das
1438 730 2004 841 er von der Sigerstin vnnd
1417 783 2012 902 Ludings solcgen jungfrau
1448 853 2010 959 ein viertol dinckere kruff
1422 906 2023 1025 unnd das znacht unnder ze
1453 979 2015 1067 wett gereicht ✳ unnd sy imen
1459 1038 2000 1131 nach darby einen diekenn
1469 1094 1961 1199 fenig schuldig pliden
1435 1157 2008 1268 unnd das ers thon syg im
1455 1218 1562 1311 beyd
1395 1309 1994 1419 Item das die funckfrouw
1452 1393 2016 1486 Anne Burni darzu golffen
1462 1453 2008 1549 vermeint er darimn gschachen
1469 1505 2008 1601 das sy eimmit die größer
1451 1558 2011 1663 Jrunckfrouw zuch an sich
1470 1628 2026 1712 so wel sy ouch an sich zich₎n
1477 1681 2024 1774 damitt sy sich befleiden
1469 1739 2008 1838 kond dann sy stunst gar
1466 1806 1587 1870 arm
1476 1863 2040 1974 Wytter als man in gfragtt
1433 1943 2025 2039 wo er mitt denen mir Kro¬
1479 1998 2029 2090 nen har komen sy, die Er
1481 2052 2032 2153 einem stgnndknecht prefer
1493 2116 2029 2215 ertt zeig, das er mitt Im
1473 2170 2041 2276 In Kurgfar hett ergeant
1495 2229 2031 2316 worttet, er wuß von keinen
1488 2294 2011 2382 konen mitt seig ouch nir
1606 2346 1688 2387 nire.
1493 2347 2028 2431 kein nesentieret dann
1487 2386 2050 2489 Er selbs nie kein Haupt¬
1495 2450 2051 2548 man gwüßt ✳ unnd selbsum
1489 2510 2027 2599 hergfragetn wo er einen
1494 2567 1948 2662 überkommen möcht
2128 488 2732 653 So man in gfragtt ob er
2080 559 2742 728 Eutt wuß wer die steckersty
2127 622 2753 763 uffbrochen spricht er sy nitt
2133 677 2734 810 anheunisch dohmal gesin, das
2147 753 2744 854 woll er mitt htten er
2150 800 2721 924 weigen, dann er vff das
2152 858 2752 970 selb mal mitt zwöyen gerso
2145 939 2737 1033 nen gan Selaturn gangen
2144 973 2741 1103 dadienst zuerwerben, vnnd
2154 1055 2779 1159 als er nitt funden sy er mitt
2159 1119 2734 1231 Inen wider gan Kiechberg
2156 1177 2803 1298 gangen, do synmit sy hinweg
2165 1242 2788 1359 gangen ✳ do ernun gan Kilch
2164 1316 2775 1427 derg kon sy des Jacrilngin
2165 1387 2778 1491 gesthen do heig er nitt w¬
2162 1447 2782 1550 der hinweg wellen zu nacht,
2168 1504 2753 1607 damitt man nitt seitte er
2186 1567 2782 1667 ware ginwg gflochen ✳ sùn
2178 1626 2782 1723 ders tags ✳ ouch gegend vier
2177 1688 2774 1781 vom dorff im das gleytt
2190 1742 2776 1860 geben bis gan Utzistorff
2199 1811 2750 1915 tem erzeig kein geblt
2192 1870 2734 1980 ghan denn ein kronen
2209 1925 2749 2029 darub heip er die wirtein
2210 1972 2777 2095 bezallt zuͦ Kilchenn und
2215 2047 2781 2149 das nachtmal vnnd morgn
2222 2106 2794 2209 seppen, das do ein halden
2216 2157 2782 2248 Guldin bracht das überig
2238 2205 2763 2325 ig im ußger worden, de
2225 2263 2764 2360 sy er vff dem weg zum
2229 2322 2781 2428 Fryweybell brunner den
2227 2372 2788 2470 der Ingfraget ob er nitt
2246 2426 2759 2523 ouch dran woll ✳ hatt er
2241 2460 2790 2591 gfeidt Jaser zeig aber kein
2234 2506 2801 2627 dienst mir Er vnnd kein
2247 2550 2811 2687 geelt ✳ hatt der fryweybel gseit
2818 1961 2857 2001 n
