4032 3024
1215 432 1944 572 Derglechen so hatt er auch die Steinschuiken
1217 512 1921 615 in alweg entschuldigett sy wüsse nie
1211 560 1907 670 neuon mitt ✳ sy hab ouch weder rats
1207 616 1934 716 noch thatt ✳ darzu gebenn annders kärn
1214 667 1247 707 r
1260 659 1602 741 nitt von Ira sag
1196 732 1917 862 stem als er gefuagtt ✳ ob er nit znachtt den
1237 819 1934 913 lich₎ in die fenffer gworff₎n it₎ brieff uff
1220 859 1873 945 cantzernn unnd anderschwo gleytt ✳ iten
1886 903 1939 957 uff
1223 908 1930 984 die kilchhoff muren gschrybenn ✳ ie maͤnter
1218 945 1952 1056 unnd anders zum schutt₎ unnd anderschwos
1259 1003 1890 1077 sinem schwager tuch usz dem ladenn
1230 1045 1915 1125 gnommen It₎ biderben lüth₎ znachtt
1227 1086 1930 1172 der bonck gschennt  hatt er gentwùrtt
1224 1128 1900 1216 Er syge an keinem diser ietzerzelettenn
1237 1177 1915 1264 tuck schuttdig wüsse ouch vonn keuren
1231 1232 1898 1310 gsellenn so den luth₎ zuachtt in die
1638 1284 1813 1358 vesagenn
1238 1277 1572 1360 Ernster gworffenn
1246 1340 1934 1443 Item so ist vr ouch beckhantlich ✳ das sin
1296 1405 1926 1492 bas inne das batt an der falckenn
1267 1457 1924 1541 zugrust ✳ das hab er in einem kùpel
1272 1504 1854 1583 zu des krunnmen husz tragenn
1250 1573 1926 1657 Item so hab im sin bas i elm unnd
1292 1622 1914 1703 It Vierling kisch farw tuch zelon
1253 1686 1420 1759 gebenn
1271 1732 1919 1849 Tem so hab sie baß imme als er sy
1256 1794 1939 1895 sen luthern gfùrtt ✳ zerung usz unnd
1247 1849 1922 1939 in gebenn ✳ unnd als er wider ✳ uszhin✳
1252 1886 1928 1983 gfarrnn hab er ein roß ghoptt, so sine
1255 1937 1934 2023 vettern ✳ hab sin basz inn vm bronenn
1256 1991 1891 2070 dsglych₎ was im vonn der zernng
1251 2009 1962 2132 uberblybenn hab sy im ouch gschruchtt✳
1250 2110 1899 2198 Item so ist erouch bekhanntlich ✳ das er
1280 2165 1940 2250 dem erummen dry krimen wol mist
1259 2217 1967 2299 zinbzwerffenn ✳ i₎ so hab er ouch frumen
1251 2260 1934 2340 die bryll an dem tach abghouwenn ✳ die
1262 2319 1902 2398 hinwes treytt ✳ unnd die hageli in
1268 2353 1900 2444 tecken bemnnen ✳ gworff ✳ sin basz
1249 2407 1940 2490 hab inn aber soͤlichs gheisz₎ ✳ darmitt
1252 2439 1859 2530 er den mist anderfartt ladenn
1249 2494 1919 2599 unnd andere hagli kouff müser ✳
1967 442 2685 587 Item so zeigtt er ouch an das sie bruder
2002 525 2701 625 Hanns noch der vonn Blumenstein Ein
1999 571 2726 687 wüssenn umb solche ding tragint ✳ sy sygnit
1980 629 2672 718 ouch nir by inenn gsen ✳ dann alein an
1980 659 2730 775 einem ziistag ✳ libenn sy mitteinandernn
1995 710 2706 814 trunckenn ✳ do syge sin lasz unnd der
2000 757 2754 859 denn blumenstein mitteinandern unvysz gsin
2001 823 2746 913 unnd demnach were er vonn inen hinveg
1995 899 2183 985 zangenn
1994 1011 2730 1127 Ien denn wyn so sy trunckenn erbuùt
1998 1088 2723 1171 sy niemen gnomenn ✳ sonnders sin basz
2000 1142 2676 1225 hab allwegenn dem meittli ✳ so des
2001 1197 2703 1278 Hanns₎ Söchtterli sig gecttt umb wyn
2016 1239 2712 1326 gebenn ✳ unnd den selbenn fast by der
2007 1293 2699 1383 anderlinen unnd an andern orttenn
2029 1345 2738 1436 greychtt ✳ da man es noch wol erfarenn
2017 1387 2175 1476 könndtt
2046 1473 2706 1574 sein so zeigtt er ouch an das er obange
2047 1541 2723 1631 zougtte stuck alle us shris siner basen
2053 1595 2736 1677 ethan ✳ sy heig im ouch verpottenn
2032 1633 2679 1729 solttte mitt sagenn Gott geb wie es
2030 1693 2247 1769 im gienge
2029 1767 2663 1873 soͤlichs alles wir erluttertt hab vr
2046 1836 2738 1923 unnd wytters nitt gethan ✳ bitt aber
2049 1888 2691 1976 min s herrenn iuw soͤlichs in g
2050 1959 2288 2034 Zeuerzych₎n
