4032 3024
1450 498 1977 646 BBarbei Balsinger, ben¬
1487 580 1987 726 diet Schertzen hußfrauw,
1395 656 1999 835 uff sampstag den 2
1407 758 1990 887 1557 hatt Barbli Balstige
1394 795 1985 932 Bendict Schertzen husfrau
1412 877 1989 985 Pres h. Meygers vnnd et
1417 941 1995 1073 licher weyblen ✳ in der kerige
1417 1002 1775 1105 stuben anzeigtt
1405 1071 1967 1212 Es syg am Mentag
1420 1159 1991 1272 verschinen acht oder nin wur
1416 1235 1991 1344 gsin ungfarlich ✳ syge irmey¬
1430 1301 1930 1411 ster imacher gsin heg
1415 1361 1988 1473 gestrucht do syge Hans wys
1417 1429 1998 1530 der schinder Irs mans schwa¬
1419 1497 1974 1591 ger zu Iren in ir gaden khon
1419 1562 1983 1665 als sy wöllen iren diensten
1432 1618 1993 1719 bett₎ ✳ unnd heig derseldig
1423 1679 1992 1786 Hans Wyße sy mittwortten
1431 1746 1981 1845 wirwos sy im fürghablt₎
1436 1811 1995 1905 sollte soͤlichs nitt thuͦn unnd
1436 1876 1985 1976 die zechte potten betrachten
1421 1936 1984 2043 Beszgbychen bedencke wand
1419 1997 1990 2102 Ir man khomen unnd sy e
1420 2060 1996 2174 gryff₎ das er sy beide wurd₎
1412 2130 2008 2235 umbzingen ✳ dermas angetast
1437 2194 1983 2302 unnd ir anggabet₎n ouch
1428 2258 1996 2348 vff das bett purtt In
1436 2309 2006 2412 masen das sy inne zuͦ betst
1426 2378 2010 2478 zwillen worden, wyßen frouw
1427 2434 2006 2540 hab zum ersten daruon gseitt
1433 2500 1982 2604 das es uszkhon ✳ vnnd irem
1811 2577 1992 2680 Auon
2151 453 2723 615 man ouch fürkhon unnd
2148 555 2744 676 demnach hab sy solichs irem
2148 623 2762 738 man uff sin fragen anzeigtt
2139 679 2780 828 unnd gesprochen ✳ er hab sy
2159 757 2709 904 begwalltigett unnd darzu
2146 845 2763 960 wungen Es syge aber nitt an¬
2145 899 2754 1021 dernn gwadlt gsin, dan mitt
2147 977 2747 1075 wortten wir vorstatt dann er
2163 1033 2780 1145 sy nitt mitt stercke sunder allin
2151 1094 2728 1208 mitt wortten vnnd stättigen
2165 1158 2782 1276 inhabltei zwung₎ sy hab aber
2151 1232 2715 1337 dem man solichs allin von
2151 1299 2767 1406 zwingen gseytt, darmitt er sy
2163 1364 2762 1478 nitt schuldig hiebete unnd sy
2155 1442 2772 1545 Ime den hornn hiemitt brich¬
2151 1503 2735 1607 te der fëber syge iren aber
2154 1566 2735 1680 von hertzen leid ✳ unnd wire
2173 1639 2751 1748 ablwëgen gernn daruor ghin
2160 1707 2782 1811 dann sy seinlich des wüser
2166 1773 2752 1871 anhabeten das er vornacher
2166 1837 2780 1937 lang mitt Ire triben Irer mutter
2171 1898 2757 2001 anzeiget vnnd giett, der bule
2169 1962 2766 2060 vm sy sy sölle iren daruor
2191 2020 2730 2122 in ob sy in grosse schand
2162 2083 2773 2182 khome ader ir mutter hing
2189 2142 2756 2249 blichs nitt klönnen thun,
2174 2205 2750 2301 dann sy heigl nie allin zu
2162 2257 2784 2357 ime kloͤnnen kon ✳ derglych
2160 2315 2760 2423 aals ir solich unglück lang
2183 2368 2765 2479 vorgsin) hab sy ouch iren
2185 2415 2778 2530 man petten ersoolte den schey.
2191 2472 2745 2570 der mitt mir zuwechen han,
2191 2539 2661 2632 vnnd ein andern nemen
2651 2574 2774 2679 Jaso
