4032 3024
1402 424 1944 576 ode psentic vt supra
1475 501 1853 594 In der Pnstel
1258 588 1929 709 Als, Jacob Jansses erfrou
1270 671 1949 765 Ist ouch anzost der redhalb, das
1267 730 1905 821 It man sol dredt hans hätte
1270 770 1930 882 er gerwüßt das die dochtwr
1276 841 1378 915 In
1402 838 1925 938 des khind wölte sein
1296 881 1909 988 so wölt ers zwüsthen zwo
1301 938 1710 1024 fli han abgstürtt
1299 988 1890 1102 daruff sy also bscheind geben
1282 1045 1930 1152 Ehens äserdes wyb, aun
1300 1107 1931 1201 heit da sset, sy hätte Jacob
1302 1164 1940 1255 haussen gwarnet, er sölt hin
1306 1208 1937 1302 weß ziechen, do er Ira Zant¬
1319 1272 1948 1338 vurt senn, Er könte vnd möch
1322 1313 1954 1409 se nit hinweg khon, hätte
1312 1380 1960 1467 er gwüßt das es so leerecht
1309 1421 1886 1516 were worden, so wölt er
1315 1475 1903 1579 dochter vber den wallis
1321 1528 1786 1623 birg han absstitzt
1435 1581 1850 1691 sy Ist aller dryer
1453 1631 1930 1729 trenkern Indenck
1442 1711 1945 1786 worden wir volget
1316 1748 1949 1854 des Ersten halb so die alte farr¬
1329 1816 1943 1906 eine sy gert mach für
1339 1861 1866 1955 vestiben, sye im alß
1289 1924 1962 2011 farnna heis ssprochen ic wand
1320 1978 1979 2071 lent vil zuͦn lùt₎ ✳ und vil lut
1318 2020 1895 2106 zu uc₎ leggent frune
1327 2058 1961 2167 holderbere In win, ds heit
1321 2108 1904 2196 S vnd S. Jhans Prg sū
1328 2153 1907 2257 köpffli vol zuͦgrüst der
1324 2194 1971 2291 Imen alle fur die gestilen
1329 2246 1971 2370 vnd heis Sy des traucks auch
1332 2286 1604 2376 selbs 12k
1351 2345 1891 2463 das nach pend tranck von
1344 2411 1918 2533 folder rindensafft heig die
1341 2467 1929 2576 dochter trunck₎ ✳ doch fùr das
1337 2499 1941 2639 kaltwe, funst heig sys vs
1342 2561 1927 2689 Erinss arst meinung shei
1350 2614 1972 2730 se tringken, dann sy nit gwust
1359 2681 1991 2799 das sy khinds schwanger ist
2000 367 2700 546 des letsten tranckshalb, daß
2013 474 2690 598 derlamb Schurer Sacht, als
2020 531 2667 645 die dochter das ander khen
2023 600 2543 714 trag sye also Zūgang
2021 636 2657 760 sy Hans dem schärer gseit,
2008 699 2704 827 Die dochter ist stärs blönd und
2021 785 2712 884 hat ir zyte nit machent Ira
2016 834 2674 931 eintraunk fur das faltwe
2017 890 2701 991 Ich vörcht es lis aber In Dra
2012 950 2683 1060 dehar sye der bluusen vr
2024 1004 2696 1106 stand also zeig der scha¬
2031 1063 2689 1159 rer wi gwelt vnd mit
2009 1118 2708 1218 drinthan, dann wiswas
2019 1179 2628 1276 bulders, sy wüssz nit
2029 1223 2709 1318 was bulueng die doch
2035 1285 2716 1392 ter heugs aber nit wölli tuk
2085 1469 2722 1570 Jacob Jamiss, vnd sin Er¬
2066 1539 2729 1647 frouw sid beide ins halß¬
2051 1611 2669 1701 isen bstelt und hat
2065 1664 2701 1763 Iro zeklichs ein verschr
2074 1734 2716 1817 b urfer₎ geb₎ wo es mer
2072 1782 2705 1882 folle, das mins mose
2123 1854 2214 1924 iht
2210 1849 2589 1941 e It alle
2082 1909 2533 1996 Eostn abtrabn etc.
2237 1959 2271 1999 29
2053 1961 2550 2051 Detu I dero 1552.
2087 2034 2656 2143 Ir acta lissent In der
2121 2106 2693 2203 truck, by andern vergicht
