4032 3024
1572 570 2127 716 der heig die br glaßen und
1568 640 2106 770 synnt dieselben iren derphili
1566 699 2118 841 perta zugstand₎n unnd weller ehe
1569 753 2107 879 das Er mitt Iren zu hassen
1572 823 2125 959 vffen biß zu dem Munster
1565 888 2112 993 gangen mitt gezugen als mitt
1547 936 2097 1054 frantz Conna von Huosam₎
1569 995 2107 1101 vnnd Einem Bettler der de
1562 1063 2111 1163 brott Shonschen vor Einen
1554 1118 2097 1215 huß Aber möge mitt ertei
1561 1178 2112 1285 mitt lüthen das sy dan des
1572 1242 2115 1329 punteli geen den nieman
1566 1294 1997 1396 um̄s durig gsin sie ✳
1559 1359 2090 1469 licher wortten hatt er ie
1560 1445 2107 1531 vorgeoffnett als sy im vnder
1566 1493 2063 1592 ougen gstebet worden sy hatt
1554 1546 2106 1645 aber in kheun urgwll₎
1557 1607 2099 1708 giehtig sein, das sy zu loßen
1554 1670 2117 1766 hals gessen noch mitt in ge
1559 1734 2109 1821 oder parquett uffgeagtt ader
1561 1783 2088 1888 zeig zu wol zu meß gseh
1557 1837 2095 1940 doheig, der bub gstitt st
1551 1896 2099 1995 vatter sy such rych gst unnd
1556 1959 2110 2057 habe ein mulle ghan unndt
1557 2022 2117 2113 Montyonon die styge inen
1554 2083 2121 2170 aber vnbiblicher wyß von et¬
1556 2137 2099 2229 lichen abzogen, vnnd wenn er
1548 2185 2063 2293 groß wede so welle Ersy
1543 2222 2108 2352 anzuünden ✳ unnd sy verbren₎n
1535 2306 2103 2413 sunst heig sy inn menen
1528 2361 2105 2462 Eseen ouch stinst nitt bekent
1547 2424 2101 2514 unnd das weger sy uff ir
1551 2481 2096 2569 letst Vnd kemnn, dann
1540 2526 2093 2618 Ire habe ein andrer Irpac¬
1543 2583 2095 2671 guere zu zeigen eigentlich
1538 2635 2112 2713 verheißen, wil wollt sy dan
1609 2683 2111 2767 das uffgleitthan so sy ir
1532 2740 2097 2824 zug oder parquett verloren,
2257 573 2900 686 vnnd dahar mug man wol ge¬
2273 615 2906 737 turen das der Knab nitt mitt
2261 678 2843 808 uffrecht₎n sachen unbgange
2358 832 2908 967 ff sambstig den ander
2261 935 2832 1032 tag Hornungs. In diserm pr
2259 983 2898 1073 unnd eini dar ✳ ingegen wùr¬
2281 1037 2907 1155 gkeyet, derfromen Ersamen
2279 1107 2881 1206 wysen herrn Hanns Brunners
2260 1168 2865 1273 des raths ✳ Hanns Jacob
2279 1218 2911 1331 Wolspergers, großweydells, vnnd der
2271 1295 2866 1386 weiblen miner g herrn, hatt
2276 1340 2887 1448 diser Hnab Hanns Barer Bitzi
2267 1413 2887 1507 Es Porers Sun von Pertersthen
2282 1464 2887 1572 zus bekhennt vnnd veria
2271 1539 2373 1612 chen
2283 1590 2842 1716 Das er uff onntag vor
2321 1676 2894 1763 iechtmes zu Perferschenhus
2284 1719 2897 1815 im Stäubina der Wittwen hus
2278 1786 2906 1877 hungen ✳ daserbs ein gluͦtt usz dem
2289 1835 2882 1938 fur vff ein rinden gson, unnd dem
2306 1896 2871 1996 hannsen shabeer ein sin hus ✳
2288 1956 2824 2047 darim nieman zaus gsin
2284 2008 2896 2108 angsteckt habe, wiewol es inn
2274 2067 2862 2164 von stunden an gruwen wäre
2295 2128 2879 2226 vnnd er augends mitt synem lyb
2294 2187 2840 2278 uff das fürgfablen, so heil
2275 2240 2857 2345 Ers doch nitt mer mögen Er
2299 2277 2888 2398 lasthen ✳ dann das das hus beyder
2292 2338 2834 2453 verkiinnen ✳ darzu siye er
2296 2392 2878 2509 bewegtt worden, das schaller unnd
2281 2459 2866 2558 Er in der wuchen darvor
2290 2507 2838 2628 von einer wesserung wegen
2313 2557 2868 2682 Jannig gsit unnd zang
2301 2659 2428 2735 fer
