4032 3024
1409 520 1981 679 uff Mittwuchen den 1e2
1381 594 1959 723 tag julij im xv und 6
1360 662 1976 805 Jarstfff preß. h. Studers des Racht
1373 719 1950 847 . Groß Pastors vnnd ettlicher
1387 782 1955 888 weyblenn hatt daspar Maier
1374 831 1825 941 ind der koffi anzeigt,
1377 930 1973 1052 Er heisze vonn sinem vattr
1387 1005 1970 1117 Caspar Rust der selbig siyg ein
1380 1064 1961 1183 halbe myl vonn innstatt glszn
1387 1125 1965 1231 in einem dorff heißt huntag
1380 1180 1945 1278 syg ein zu wirnacht ein jar
1386 1231 1962 1332 gsin das sin vatter gstorken
1397 1297 1938 1389 heig gheißenn Ulrych Buste,
1390 1350 1970 1444 Item so hab sein vatter dry bruder
1393 1412 1962 1501 der ein heiss Hans Kust, der
1417 1457 1967 1556 ellig syg landtaman oder landt
1399 1525 1944 1606 rychten zu Brigenntz der
1402 1572 1949 1662 annder stitze zu wangenn in
1398 1621 1951 1712 der statt unnd syg burger¬
1410 1672 1927 1768 meyster gsen heiß Heinrich
1373 1729 1938 1816 Pust der drytt heiß eerck
1386 1786 1946 1878 fust gange gan Röttenberg
1402 1841 1933 1932 unnder dem bischoff vonn
1392 1899 1901 1996 Augstpurg an dem gricht
1450 1965 1951 2066 ober vonn siner mutter jar
1414 2041 1930 2125 feiß er Caspar Maior sein
1406 2090 1963 2187 großen vatter heig gheißen Caspar
1398 2145 1975 2236 Maior Item sin mutter heigein
1406 2202 1977 2296 bruder sitze zu wien in der statt
1395 2259 1966 2348 heiß Hans Maior syg ein kauff¬
1411 2307 1533 2401 mand
1380 2351 1953 2480 Item er hab zu Rugspurg sin
1402 2428 1938 2536 handtwerch bymeister Buri
1400 2506 1569 2584 glernett
2659 483 2717 568 79
2124 531 2713 664 vff dnn das hürich Jar heig er
2138 608 2732 725 ztuttling₎ im̄ wirttenberger
2149 648 2774 761 land des murerhanderrch triben.
2151 725 2753 825 Ite es werche ein knab so wonn
2139 787 2774 907 bchaffhusenn syg hie bim unn¬
2152 844 2752 947 dernn buwmmrister der khenne
2158 901 2637 1013 Inn wol heiß niclaus,
2132 978 2735 1093 Item es sey jetz zwöy jar das
2382 1040 2738 1139 zu Schaffhusenn
2161 1048 2367 1147 ir zu lerst
2152 1104 2340 1199 gwerchett
2168 1167 2754 1294 Denne zeigtt er an das Mi¬
2159 1248 2763 1361 chell wolschlacher oder Erich
2193 1301 2712 1404 unnd Jagli ab dem sultz
2165 1347 2768 1455 berg ✳ sine gstell₎ sygennt unnd
2177 1420 2769 1530 und sin khranckheytt wüßen
2142 1518 2771 1638 Item ersyg ind der Buschenack.
2175 1578 2754 1671 ern vnnd in der gonglernn
2171 1641 2516 1737 hus kranck glegen
2162 1704 2750 1821 Ite so sygennt zwen so sine
2195 1783 2761 1878 nachgurenn sygennt die wer¬
2174 1834 2752 1930 thint jetz zu Schaffhusenn
2173 1878 2773 1988 oder zu Nunkilch, der ein heiß
2155 1949 2739 2047 jorg blenck den achts er da er
2180 2006 2744 2094 by fustiger werche der ander
2181 2055 2511 2164 heiß Jörg wile
2158 2173 2752 2284 zu letst zeigt er alles das so
2170 2241 2759 2339 der wor anzoiget, das syg im
2179 2301 2762 2404 us unvermufft bschehen
2180 2365 2745 2446 dann er wüße mitt drumb
2196 2411 2764 2510 hab ouch nie mitt boß fürgno¬
2196 2468 2545 2565 menn noch thon
