4032 3024
1648 560 2234 771 nnd ab ech fest esh
1634 651 2203 830 Finbsged vordensege
1627 752 2216 888 man hatt um kein andreint
1655 793 2201 973 egebe dannd len
1604 850 2209 1002 solte die kratzen rok unnd
1601 944 2198 1055 gigen wyder gäͤben uber das
1607 1009 2222 1129 syer wyderumb ind ab sandr komne
1619 1108 2226 1212 oer aber hatteersollen wisen
1619 1160 2214 1296 das er sin läbenlang disen ky
1575 1214 2210 1352 ben gsolt hatt e r sich nit wyder
1605 1312 2177 1424 hicher gelesen dan  dyebold
1600 1374 2209 1501 von erlach so dotzinal stanhaler
1576 1442 2202 1548 was habe in daselbig mal wiee
1600 1507 2191 1640 Zum ersten selbs für Patt sfin
1592 1566 2174 1679 gsin unnd denarteykel das er
1591 1643 2215 1756 solen vß miner g herrenster
1592 1711 2165 1824 unnd lannd schwerren wie
1579 1766 2114 1883 Jacob Seelen wil er mit us
1554 1829 2188 1962 liesen in voroffertt fùr min
1519 1904 2155 2030 herren wyderum geaggenlihett
1559 1979 2195 2106 Ein mal vß meittge statt vnd
1552 2058 2187 2178 das do haber gmein imheilih
1547 2120 2185 2242 lun denener gseit das hm keinzy
1529 2192 2183 2311 gsteckt item auch nit proffent
1525 2275 2175 2387 Das er sin läbenlang vorthalb
1526 2341 2131 2449 Solte blyben im ouch gerauen
1518 2410 2188 2523 Er möchte vber dey verfirttag
1532 2475 2146 2586 wyder in die statt komensoman
1528 2539 2161 2665 em kein eyd geben hattesun
1525 2601 2140 2725 wereeenit wytter in herkomen
2375 568 3007 694 Dan ein land im als lieb als das
2365 659 3012 772 onder doch kenns als lieb sye ouch
2367 724 3036 836 Eein besee als mines in herrenstatt
2363 805 2608 880 unnd land
2352 849 2876 953 vnnd gipit An 1555 j
2288 996 2995 1158 Der frowen halb so in pfenknus
2305 1114 2957 1226 liet sprichter y sye ein bose dieby
2327 1184 3012 1303 dann uff ein mal habentt y goleta
2309 1263 2998 1388 unnd ir man glendo zugschylt gan
2281 1322 2981 1457 Wynreychen derwyl hab y bey de
2309 1403 3012 1533 Im vi mißtatt ums ußsteier kratze
2322 1482 3006 1612 gnomen zuͦ Suͦbingen huderli wy
2323 1551 2981 1676 siubingen deme zuch mit ninen
2317 1622 2926 1746 lamer gsel fnempt hans sint
2312 1696 2955 1824 von Walzs sye glandes gsel die
2297 1761 2820 1897 haben vylschugstolen
2337 1863 2984 1972 Item als därselb Hanns haberin
2314 1913 2948 2042 Den gar nüteschu daranzu
2323 1992 2906 2103 fannd geben woͤlenn haben
2307 2043 2885 2154 Ain bieb maritt einck volen
2282 2115 2851 2221 Nu werschun verborgen gtragen
2275 2162 2898 2293 unnd ein gutter gsel hab in gsoit
2275 2236 2897 2366 Es sient by den xj jarnuwshe
2284 2320 2938 2416 In dem seck zucht in wasen an beyd
2269 2380 2948 2489 Bättel fogt hiederselb hanns haben
2276 2431 2916 2547 frow die hinbe ✳ unnd fùrnnt guenein
2259 2481 2893 2610 Ehrens kùably mit men spricht des
2287 2526 2914 2681 Denant Pladi hab dem Haus Fecken
2294 2606 2878 2721 erien hieein Rugkodersunstei
2274 2702 2566 2800 mäser gnomen
