4032 3024
1527 566 2085 678 Denne zeiget er an von wegen
1545 621 2082 715 Jacob Büren so zu solothern
1539 676 2098 777 gfangen als er gan dolochsind
1544 727 2091 824 in den spittal khomen funder
1549 787 2097 885 daryn zwen Jacobs Bruder, die
1553 846 2094 950 truncken mitteinandern zwo
1549 898 2086 1005 maßwin zu denen heigerstig
1541 952 2090 1057 gsetzt unnd ouch ein halb naß
1553 1011 2094 1121 habet vnnd allso mitt dern ge
1555 1067 2093 1162 truncken, vnderanderm vytte
1546 1119 2098 1231 der ein Jacobs Bruder, Grherr
1553 1184 2096 1267 Jacob Baren im spittab uff den
1549 1230 2093 1341 banck biggen fund₎n zu dem hey
1546 1294 2098 1401 er grett  als er sen angsticht nit
1549 1363 2090 1448 wellen uffgeben) bär waß
1553 1414 2096 1509 hust zu da ich han gmeint die
1550 1472 2096 1579 figist vorlangest zu Breiger¬
1535 1533 2095 1628 sen gfangen gsein als er nun
1550 1588 2091 1688 soliche wortt zum beren grett
1549 1649 2087 1735 heite der Spittal meister solice
1536 1701 2101 1801 durch ein thümn wannd sozne
1548 1751 2092 1851 then der stuben unnd einen gnach
1547 1812 2099 1906 daryn der spittelmeister gwise
1546 1864 2101 1963 uffgfùrtt ghoͤrtt ✳ unnd angetz
1550 1927 2095 2019 icher gangen ✳ unnd ine gfuck
1548 1984 2088 2065 lich lassen annämen, nach
1542 2040 2095 2128 solichem als sy mitt einander
1540 2084 2095 2182 truncken, detz diß dan dens
1540 2140 2090 2237 gezellt, do keine ein man
1531 2200 2103 2282 Dermög aber nitt wüssen ob es
1537 2254 2086 2335 ein loüffer oder ein überrutter
1535 2303 2088 2382 sin) in die stuben, der wuncke
1540 2357 2060 2424 dem einen weybebl vom tisch
1551 2405 2098 2492 unnd fragte inns obes Jacob
1535 2451 2096 2525 Bär were, antwortte der Jacobs
1540 2503 2049 2583 bruder er ware der Bar
1537 2554 2086 2645 Als nun der Bar in die stuble
1518 2609 2081 2698 Jucher gfunet, doseytt ein
1545 2655 2098 2757 Kleins knebli so noch zu Soll
1532 2716 2089 2813 thurnn im spittal ✳ unnd des
1996 2774 2116 2847 Jacob
2790 526 2873 577 16
2245 542 2903 659 Jacob von Thenmbachs sungsin
2248 611 2908 725 das werl der sosynem vatter heig
2253 643 2860 779 ghulffen, Demnach wurde Er
2259 709 2910 841 hinweg gfurtt Er zeige aber dan
2254 762 2912 865 uos gemellten Buren nie dann alein
2266 819 2895 923 uff den sellig₎n tag gsechen noch
2272 889 2483 982 dekeeundt.
2214 967 2905 1087 Item als er gfragtt wer din anzeigt
2255 1030 2896 1136 oder wannengar er wüsse, das men
2268 1096 2887 1191 den baren richten wurde hatt
2262 1137 2896 1245 er anzeiget, Als der nachrichter
2262 1203 2887 1294 nach siner gwonheytt ouch in den
2280 1253 2887 1356 ppittal khunden daselbst trun
2277 1312 2896 1408 ken zeige derselb anzeigtt man
2278 1370 2793 1464 wunde den Burenrichten,
2266 1435 2886 1533 Denne hatt er ouch anzeiget, Er
2273 1495 2885 1592 syg nitt grad angentz nach dem und
2271 1550 2871 1640 der Bär gfangen worden von solo
2266 1604 2872 1696 thurn, Sonnders erst nach dryen
2272 1662 2872 1747 tagen als inn der spittalmeister
2267 1715 2877 1808 gheissen hinweg gan gan Buren
2286 1768 2877 1860 zogen unnd derselbst umb ein mei¬
2290 1830 2494 1921 terglugt
2284 1906 2877 2013 It₎ so ist er ouch kantlich als er
2280 1983 2890 2066 zu Buren das almusen gebönsthet
2289 2031 2869 2114 das er grett (als man zu Imn
2281 2079 2860 2176 gsprochen bratt dich gott
2273 2133 2858 2213 der tuffel weie in dem bratten, er
2275 2193 2838 2280 Zeige aber das drodt mit gmeint
2289 2239 2878 2334 dygen im deszhalb söliche wort
2277 2281 2835 2380 in unssuit₎ mùtt unnd auc
2281 2323 2867 2438 Pferd entrunnen, Syg aber im
2284 2400 2861 2493 von Hertzen leyd wells aber net
2279 2448 2860 2530 mer thun, vnnd syg Im vormucher
2277 2507 2638 2594 ouch nie beschechen,
2341 2519 2852 2647 Er zeigtt ouch an das er gant
2288 2593 2873 2698 unnd gar kein söse gfellschafft
2285 2647 2848 2741 an im nie ghept ✳ sunders sich
2285 2692 2851 2799 abwegen zu guttem gsellert hab on
