4032 3024
1549 549 2228 758 V sernste n ahn
1634 647 2234 828 3 t 1 selih
1519 736 2189 887 herr Hanns von Geytets des
1540 829 2236 1008 Fars Pudolf seho es der kung¬
1540 893 2207 1052 unnd Hans ven Rüttbsampt
1541 951 2213 1142 ldige ws her
1522 1077 2212 1213 zumansylch ist groß hand
1550 1166 2197 1296 von Sonrach guteeyg gfragt
1540 1226 2217 1375 worden mit der martter hatt
1533 1305 1745 1422 anzegt
1556 1450 2164 1580 des ersten von waͤgen des
1548 1540 2193 1685 schutzes ist er bekantlich erhab
1574 1635 2176 1770 in zum obren Pfysteren juder
1541 1720 2176 1834 hauffro wen kampten untfrm
1533 1801 2140 1934 hett im sy aber nit wwisen
1550 1893 2155 2025 ob es uff sant tag gsin
1510 1996 1578 2073 .
1539 2025 2164 2210 Denne haber zum sehlisel
1568 2162 2129 2271 alhie Zuberimenn Riemen
1543 2232 1984 2366 Elisicg enfrondent etc.
1528 2349 2167 2470 Leu aber haber des Pisters
1522 2401 2173 2531 frowen zu stermundigen fin
1511 2461 2124 2600 fro wen hard entragenaber
1536 2524 2176 2669 doch das selbig ira wyder gebe
2354 596 2976 742 jenr Knntzin dem wyntt zuͦ
2369 682 2917 811 münsigen einfierttelig
2337 782 2994 890 hanlig gnomen vollen wyn
2334 843 2968 976 habs Indas vnderhiechenhuß
2319 926 2922 1070 zuͦ nùnsigen tragen fricht
2347 1031 2929 1138 er werel sett wind sunst
2319 1094 2691 1212 Ers nit gnomen
2300 1271 2944 1455 enne als man ingfragt usz was
2311 1393 3015 1577 ursachener fräffenlich sich anserlougt
2279 1492 2912 1614 nus minemp herren von bernn
2286 1543 2997 1693 inn ir statt unnd lind harnglsen
2285 1613 2951 1778 habe sittmalmer einst crysen
2274 1699 2929 1859 sye spricht er also er sye zusamee
2282 1810 2937 1933 Isin do haben sinehro wen alhar
2275 1903 2880 2017 fur mun ff herren von pernn
2307 1975 2913 2087 hyet das man her pergonen
2293 2032 2940 2164 vilt miner g herrenstatt unnd
2256 2106 2958 2233 Land zbruchen lassen vnnd hengete
2262 2179 2913 2314 halt zegäben das sy sin kantze
2275 2237 2946 2370 rot unnd tagen losen solt by ge
2291 2309 2945 2451 Veinzentz pastor der dodozmalpeostry
2277 2387 2932 2518 isn von waͤgen das ergfangen
2332 2461 2875 2611 mnr ift zeg sie worden
