4032 3024
1421 563 1997 670 wytter vererlichett mitt
1394 628 2010 759 klausen, es syemit andertge
1439 683 1979 801 jar sider mitt dem sy syh
1420 746 2013 860 in land vnher zegn ✳ unnd
1432 798 2004 906 mige kein zur kilchengen
1438 855 2012 952 weder mitt denn vordrigenn
1428 907 1964 1005 zwöyen nach mitt Clausz₎ ✳
1454 987 1979 1096 t₎ als sy uff ein zytt
1452 1068 2011 1154 gan erberg syndet kon
1449 1115 2023 1205 des Claußen Ehrens mans
1443 1175 2024 1263 Kräblin, das er dann dem
1442 1228 1975 1330 glaßer geben in ettwas
1441 1288 2024 1392 zulernen, synmit inswirt
1453 1343 2021 1444 huß, Zur Sunnen gangen
1445 1396 2025 1487 vnnd da ein maß win trun¬
1453 1452 2023 1553 cken, do syh Blaus für und
1448 1515 1998 1609 für uß der stuben gangen
1468 1573 2021 1676 wuß aber nitt In was mein¬
1469 1629 1997 1728 ung unnd als sy den win
1466 1676 2024 1776 truncken, ins glaßers hus
1470 1735 2029 1832 den knaben zu besichtigen
1468 1787 2021 1894 heig sy gsten das claus
1463 1848 2033 1955 so ein großen puntell ghan
1462 1905 2041 2003 unnd in gfragt was hest
1471 1973 2015 2074 im guntterl hitt ers iren
1486 2024 1985 2123 nitt weolen sagen heig
1479 2076 1993 2181 sy vermeint, erwell sich
1480 2125 2043 2228 von iren ziechen ✳ unnd zeig
1475 2181 2029 2283 Iren ußz irem sack die li¬
1478 2228 2044 2328 lachen unnd derk genomen
1485 2283 2039 2388 unnd als sy hùnweg hand
1480 2350 2057 2443 wollnn ✳ heig Klauszmüchtig
1474 2409 2051 2506 geyblt hatt sy vor dem thor
1482 2452 2035 2543 twöblen wüßen, was er im
1506 2495 2050 2603 tack hette, vnnd Im drüber
1492 2558 2050 2655 gangen heig sy ein miß par
1491 2605 2050 2714 goßen drinnen fùnd₎ unnd
2100 501 2714 665 in gfragtt ✳ wo kumpst
2163 573 2753 694 mitt demn hosen har ✳ er
2157 626 2765 750 Iren nitt geantwurtt sun¬
2162 695 2780 813 ders hine Zogen Iren den
2164 750 2783 871 püntell gloßen, do syg sy wy
2172 810 2744 922 darum In die Statt Ar
2173 856 2778 990 berg gangen unnd die hoßen
2176 939 2767 1027 zum wyßen crutz tragen
2172 996 2735 1096 vnnd da gfragtt ob sy ye¬
2181 1049 2746 1144 mands wärendt, Ist der
2179 1110 2790 1223 größer Knecht khummen
2171 1172 2752 1280 wo sy jar mitt sh aue
2193 1244 2695 1334 sy wärend sein, ir man
2191 1294 2789 1409 gutts sy im sack shan do
2190 1358 2770 1471 hatt by ins widerguben
2205 1411 2773 1521 vnnder Iren i miner
2193 1485 2808 1610 gestgnnck ✳ sig sy im spittas
2202 1552 2744 1669 übernacht gsin do sych ir
2207 1618 2762 1724 man wider gan Erberg
2199 1685 2777 1787 kon ✳ unnd ins mirtzhusz
2201 1734 2771 1841 gangen iren nach gfraget
2226 1793 2767 1906 sy nitt funden, zeiger sy
2209 1854 2799 1974 im spittad₎ furbern suchen
2224 1919 2743 2034 heig man in uffenn weg
2214 1977 2763 2091 gfangen ✳ unnd sy mùsz
2247 2037 2770 2146 uns nihner von mitt von
2229 2098 2761 2197 sinen hendlen, bittet nin
2233 2146 2600 2266 herren umb gnad,
2821 1565 2865 1633 8
