4032 3024
1276 461 1988 600 Im schlach₎ ✳ demnach als er
1307 548 1976 659 daruum gfangklich anguon unnd
1304 611 1986 710 gan wangenn zzu gfürtt wordenn
1310 677 1993 770 habe ur unnder wägenn am Bonisperg
1301 729 1962 814 als der weiberl inn von andrer
1295 787 1902 870 ungschickter rrden wegenn ✳ die
1900 786 1992 863 Er
1297 836 1998 929 statts pruchtt ✳ mit worttenn gstraff
1316 895 1979 987 obsich gsoch₎ unnd gredtt ✳ herr
1321 950 1992 1037 tum unnd lock mich ✳ als d
1316 1015 1992 1090 ann furtent inn aber gstrafftt
1326 1061 2004 1156 hab er noch ein mal gredtt herr
1335 1110 1983 1205 gott kùn unnd leck mich da
1326 1156 1937 1267 ich heipsth bin so darff stu
1329 1225 1724 1331 miemen anzefachen
1406 1328 2000 1500 Vff dis derr genene Bern
1325 1461 1989 1565 Birrers vergichtt ✳ unnd grosse
1348 1524 2005 1624 unmonsttliche unnd unkristenlich
1358 1595 1991 1678 gotts lesterung miszthatt hab₎ mit
1361 1637 2025 1738 5 horen schultzhin ratt unnd
1352 1693 2011 1779 Burger diser loblichen statt
1376 1744 2019 1832 sernn uff iren eyd zu rechtt
1350 1798 1995 1898 erkhennt unnd gesprochen
1376 1860 2023 1989 Das man demselben gorman vierd
1368 1948 2001 2031 dem nachrichtter bevolchen ✳ der
1371 2006 2029 2084 inn oben usz uff gewonliche richt
1377 2047 2015 2137 tatt furen, im daselbn se
1379 2099 2025 2192 souptt abschlach₎ ✳ unnd inn
1355 2130 2027 2236 Als ein gotts lostorer mit dem
1393 2198 2031 2303 Schwertt vom labenn hein
1374 2249 2040 2369 tod nach feistrlich₎ rechttenn
1376 2317 1768 2417 Bichttenn soll ✳
2671 365 2745 427 45
2251 360 2547 458 din kouff
2100 416 2739 536 uff dem 3 tag otobris 1552
2053 465 2802 593 jar in grgenwùrtig krytt ✳  nichausz
2054 545 2803 639 schwinckartts ✳ Bartthome Braschis
2078 591 2733 692 pittalmeysters ✳ unnd frantz
2039 650 2584 775 Porma des weyboagt
2336 726 2441 796 ob 17
2243 734 2751 866 Im spittel gfragt
2071 875 2731 995 Hanns schundlor den man funst
2067 959 2770 1056 nemptt winkhouff gfragtt ✳ usz was
2060 1024 2760 1113 ursach er mit der huren umb her
2054 1074 2773 1164 Zieche ✳ unnd sin huszfrouw verlasze
2051 1127 2782 1224 Daruff geantwurtt sy sige nit sin
2042 1186 2800 1272 zur sinder sige erst by der papirumbi
2067 1240 2763 1327 zu im khommenn unnd mit im da
2068 1286 2776 1378 dannen in die statt zogenn unnd
2115 1344 2730 1429 der Vrsach Zieche Er vonn siner
2050 1403 2734 1480 frouwenn das wenn er ettwann
2062 1447 2790 1542 holtth In diestubenn tragenn sige
2081 1487 2781 1593 sy ime pfluchett unnd sich sinen nit
2064 1557 2749 1631 brüngenn wollenn unnd ouch das iu
2074 1612 2784 1683 Nichy Supspurger gseitt sy syge vi
2080 1652 2806 1748 fur warumb er sich nit scheide das
2074 1706 2799 1787 vor ursache inn ✳ unnd mit annders
2112 1756 2773 1836 uff sollichs habe in wyb ✳ mit
2079 1806 2807 1902 deren er zu worb sthilch₎ gangen
2069 1862 2803 1946 inn am chorgrichtt hie in der statt
2067 1896 2777 2003 Bornn Rürgnom ✳ unnd inn clagtt
2088 1943 2795 2044 Er sye nit fugenlich zu einer frouwe
2084 1989 2792 2086 wir ein man unnd uff sin antwurt
2090 2045 2791 2142 yrmit sy noch in jar zusamen
2089 2089 2797 2200 beckennt einandern houersuch
2090 2184 2808 2300 nne inn gfragtt ob er nit vor
2099 2265 2791 2357 sie in der statt brenn gfangen
2099 2320 2781 2406 gsin daruff geantwurtt ja ✳ unnd
2094 2373 2812 2462 das vonn wägenn benndichtt schùr¬
2099 2418 2808 2516 Meysters vonn Rtefisburg das er
