4032 3024
1657 539 2200 672 seytten sy die sthrein gieng
1611 603 2169 726 in irem Ridli sy gsteit sy
1656 672 2155 776 war abe das uspang
1591 725 2176 848 aber mit gsechen wog₎
1626 793 2174 912 sy sollck fra die recht₎
1659 876 2198 975 warheit sah also ketter
1624 936 2190 1047 sy ja sy sollt gan were
1612 1018 2150 1115 unnd wiewos sygar
1641 1077 2188 1176 khiner und ungern widr
1640 1154 2194 1252 unchin gieng ouch vor des
1634 1226 2187 1317 sachs wegen mitstermider
1664 1293 2182 1387 hab Ich meitli sy wider
1668 1363 2177 1448 umhin gfùrtt das sye
1651 1424 2202 1524 sy im Rirdli in all wirk
1655 1471 2199 1577 gangen aber kein schremfundt
1630 1550 2185 1655 hir zwùschen heis sy jra
1650 1614 2165 1715 zuͦgsechen glachet und
1620 1687 2183 1795 also einspil gemacht mit
1612 1754 2186 1846 fra fùrnamlich alsy wider
1625 1817 2195 1910 zur uili bhaue dasmeitli
1639 1867 2186 1973 und stunst nach ein frouw
1591 1928 2191 2029 Dis darüber sy sich selbtr
1612 1993 2192 2075 und eblend und armut
1607 2048 2172 2140 erbarmet und ja gsteitt
1595 2109 2167 2216 ich bitt gott das irs
1627 2175 2163 2284 an Buckhen müssent
1615 2241 2139 2333 frruff fressen dan sy hätts
1620 2301 2164 2398 sich ùbel by sach anein
1617 2344 2171 2466 stein sstossten dar nach sy
1615 2421 2196 2523 sy für und für so widerwerd.
1622 2485 2159 2580 tig gmacht das sy dick
1606 2539 2144 2632 hie mon ats nit bett
1612 2607 1828 2712 khonlen
2389 533 3012 659 darnach unlang syr dzs
2283 604 3016 728 meitth uffs ein Rini ab jar
2385 659 3025 775 uber pfallen das darnach im
2316 738 3037 845 das ein den ables großz gstwul¬
2353 793 3045 884 len do kann die selbe fraw
2366 848 2988 962 unnd sprache zuͦ Ird Lieber
