4032 3024
1713 561 2140 661 bernfli kùn genn
1647 648 2204 756 Samostag den 26 tagsanns
1624 701 2209 804 Iun dystren 1555 jar ingegrnwer
1618 738 2215 850 tichoitt der fromen ersamen vyser
1611 780 2216 900 Herren Hanns Bruners des rathtgon
1604 830 2208 929 Jacob Dulspergers großwydels unnd
1606 874 2204 968 der weyblen mier y herrenn gmei
1591 914 2209 1026 lich batt Hensli Kùng von Bucse
1589 954 2203 1056 gotgent unnd verächen als er
1604 1004 2207 1101 vershynnens 32 Jars sych wydersy
1619 1041 2207 1155 iu tiplichen vatter Bendict düng
1599 1088 2188 1178 aligen in zornigen mutt zwrig
1596 1126 2200 1230 gstelt mitt im geschlagen zu härd
1591 1171 2214 1261 fereig gmacht ie groupfft unnd men
1603 1224 2209 1309 finger bissen unnd also wyder tun
1599 1259 2200 1353 unnwusthlich ghandentt inmassen
1595 1301 2184 1385 Er der vatter deßwals in ein
1599 1350 2191 1431 franckwvitz gfallen̄ zuͦ beagbitt
1590 1406 2197 1481 unnd des ulbin lagers gstorben sye
1604 1431 2175 1520 unnd dotzinas als eriugfengnns
1608 1466 2201 1551 oister musz handlung zuͦm trib mitt
1597 1516 2195 1598 suntschafft eetzugett unnd erstegs
1599 1556 2201 1632 zumthryf bekhantlich worden nin
1600 1588 2182 1679 y herrenn schultheys ràtt unnd
1585 1635 2193 1723 Burger dyserhoblichen statt verne
1599 1676 2181 1762 hin sin verwyrbung läben vnn
1591 1716 2210 1794 gotz wyllen gschencht unnd uffbeseng
1593 1763 2190 1844 Barmhertzigklich begnadett jnnisz
1587 1798 2199 1888 glassen doch mitt heittren verbott
1595 1848 2193 1926 das er shein an der guter dan bun
1593 1888 2208 1970 obbroben mässer tragen unnd der
1596 1916 2206 2011 zu alle würt güser nig den solte als
1578 1955 2179 2054 lang es ien gnaden gfiew habe
1575 2002 2209 2099 Er darwyder üder diße im bewyser
1596 2058 2214 2140 heche gnad in vergeszgstelt unnd
1607 2094 2201 2174 ergnaden vorbegacetww unnd de¬
1605 2140 2201 2215 dingte gott verruchtlich übersachē
1608 2172 2200 2265 unnd namlich sodergar stàts ein
1608 2205 2193 2292 buchsen̄ mit ein tragen unnd oucg
1602 2247 2204 2337 dis wyrtshuser darins wess gschucbgt
1611 2280 2203 2384 noch gnitten i₎ als er usz miner
1590 2321 2204 2429 g geerenn gfengnusz hein dsond
1603 2379 2215 2475 do habt erstuer eefrouwen beide
1597 2418 2196 2511 getroget unnd also gesprechen wydl
1611 2467 2190 2544 ein stawacher mit anders mitt mir
1601 2506 2187 2600 handlen unnd mich jeier dar
1601 2547 2199 2647 gägen miruy herren verclagen
1603 2597 2205 2687 so wylsich im ein gotten hant
1600 2626 2145 2725 uff das gus setzen denne
1579 2673 2170 2778 so sye sin bruder Gröng unnd
1566 2708 2195 2832 er mitt ir burtz vrstgmartase
2398 561 2966 643 bynacht unnd wbel den
2401 607 2970 691 Hann Bgäffer zu Burgste
2405 659 3016 744 für sin husz gangen und habent
2428 702 2955 789 zu im zornetigen mutt un
2418 741 3027 820 inern hus geladen ✳ ergeust
2389 791 3002 867 sy hab im ouch zwe fenster
2390 830 3006 914 herschlaßen unnd zeroropen
2394 863 2987 958 desglichen vin stem uffgeppt
2392 915 3005 994 unnd den hinin in diestug
2394 955 2958 1034 gworffen er habe ouch do
2403 995 2961 1084 tmah den woren so uff
2395 1043 2968 1134 kins bgultstuben zu im
2403 1086 2993 1178 ehon̄ das liecht usz den jede
2396 1140 2975 1232 gschlagen unnd in die butze
2403 1190 2981 1286 trätten, wie sych das alas mitt
2405 1241 3000 1329 aimgt dem gstüchet unnd uff¬
2385 1297 3005 1374 fur zu Buffsch ann rechten mit
2396 1347 2976 1422 khundschafft wyttlouffiger
2401 1386 2963 1468 erfunden hatt uff soin
2408 1438 2975 1515 liche des genanten Haußly
2403 1483 2985 1555 Kingen müshandlūng br¬
2391 1525 2984 1596 ehantmus unnd mutiylige
2400 1569 2927 1638 verrucht₎ mishandlung
2408 1606 2931 1681 habent die hoggenanten in
2396 1648 2926 1733 g herrenn shuetheisz ratb
2401 1699 2974 1771 unnd burger dyser loblicher
2405 1751 2963 1814 stutt bernn̄ uff den syd zuͦ
2399 1788 2966 1870 bacht ekhent unnd gsproche
2411 1835 2956 1906 das man den elden hänße
2411 1893 2967 1950 tùng dem nachrichter be¬
2412 1921 2917 1995 wlchen der funs den v
2412 1956 2942 2034 uff gwonliche richtstatt fùre
2407 1998 2929 2075 In daßeebs sein baugt ab
2414 2020 2963 2118 hlachen unnd also mitt den
2407 2068 2942 2160 tuvrtt vom Paͤgen zuͦmtod
2418 2112 2916 2209 sch beyserlichem volten
2392 2164 2812 2253 richten solen
