4032 3024
1235 450 1933 572 Ob er derselben dleine gmachtn
1229 513 1913 630 Oder suunst uff die kilchmur ader
1234 576 1885 672 andere ort unnütze ding und
1270 632 1866 734 hmachwart gschriben habe.
1234 687 1890 807 har er drselbs anzeigt nem
1274 761 1833 860 hab dhein anderen schmach
1258 824 1924 923 broff nie dann die vorgemellig
1253 881 1931 979 usst angebung siner besen gschrlen
1253 941 1956 1049 unnd dieselbigen ouch verschafft
1242 989 1941 1099 und in oder für die huser gelege,
1240 1043 1281 1080 du
1252 1046 1929 1155 Duch wäder uff die kilchnnreget
1262 1109 1926 1214 ain anderen ort nützie derglichen
1262 1168 1780 1271 noch sunst boses gschriben
1280 1244 1894 1338 Darüber ist er anzogen ob im
1286 1302 1893 1395 in basen nie tuch vss Hans
1253 1334 1878 1443 Krumbisladen geben, hat er
1244 1410 1914 1492 Fürgwende, Nein und war im
1262 1456 1945 1550 dasselbig zuleg chüge im unreche
1241 1513 1866 1598 Im wye nienüt da worden dann
1248 1559 1875 1648 als erum sin basen gnomen
1241 1609 1866 1702 habe er im ein wile parfosen
1466 1660 1899 1754 und sildhar hab
1236 1659 1469 1761 gschenckt,
1259 1722 1896 1814 er im ein schwartzen beßhabnen
1270 1774 1913 1865 dock so mit samen bsotzt und
1277 1829 1946 1924 sin Rydt kock gstin ouch geben
1283 1886 1880 1973 aber sy habt im nie nüt gän
1330 1946 1908 2015 ud fis er in ui jaren ober
1289 1992 1938 2073 einmal nie im husz gstin und
1306 2040 1812 2119 dasselbig meyewills da
1299 2090 1863 2172 conwägen dann sey mit im
1307 2131 1939 2221 neins gsein vnd erst by einem
1315 2186 1938 2282 alben dar mir im eins worden
1323 2242 1919 2350 zu lerst ist am fürghalten
1322 2312 1912 2400 Ob er des dtem schuldttage
1342 2354 1908 2454 ab Hans Brunnen zwäsmal
1302 2408 1832 2494 sinhusz thur und lad₎
1308 2454 1898 2564 allso mur anrach besedlche
1640 2521 1756 2569 erstlich
1289 2510 1885 2624 worden, syye jar er geantwurt
1281 2565 1873 2678 ab er gabs nit than villicht
1991 456 2664 582 habe sy es han, darnach har er
2026 495 2697 623 anzeigt der zum affen habe eins
2024 565 2691 669 töchterli dasselbig heige es zum
2028 613 2712 712 Ehrsten vnd er zum ersten mal mit
2320 661 2718 745 nnd zu¬
2007 684 2327 774 dass nst than
2022 719 2682 830 leist hat er heidier bekendt
2025 777 2664 871 das er vnnd sunst nitmants
2029 829 2679 930 anders söllichs zu beiden malen
2028 876 2674 985 verbracht unnd sin sasen
2035 930 2719 1034 an söllichen unrath zugrnst und
2030 993 2699 1084 seb₎ habe und deshalb
2040 1038 2673 1140 bemelts zum affen töchterl
2044 1100 2344 1190 endtschuldiget
2161 1238 2717 1356 witag dem 1j  tag febenarii
2108 1309 2737 1414 553 psontibus 1 schwirckhartts
2073 1364 2721 1457 her derman frntschs beid der ✳ rath
2074 1416 2736 1502 sinen störchli heer grosz pastor it₎m
2084 1456 2718 1542 ettlicher weyblenn ✳ hatt zuͦ Marsili
2101 1490 2736 1591 n der vndern stubenn Jacob Hugli
2312 1563 2481 1648 bethent
2048 1617 2718 1734 Das er dem Hanns Krummenn sin
2033 1688 2735 1772 zus hinnden unnd vornenn deszzlych
2036 1749 2700 1834 der ogtt₎ thurenn mit batt bstrich₎
2035 1790 2751 1875 so hab er ouch withelm meyer ✳ bitt mitt
2039 1840 2757 1914 der hannd an sin thurenn gstrich₎ sin
2032 1881 2731 1966 basz hab aber im das umpfolch₎ unnd
2050 1923 2691 2016 nizvigtt das keinn unnd wilhelm
2060 1977 2649 2062 tetts byrinandernn hocketentt
2038 2036 2770 2130 It₎ als er vonn Balthassers frouenn
2047 2101 2709 2186 desglychenn vonn Martti mütlers
2038 2148 2716 2223 frouwenn wegenn anzogenn ✳ hatt vr
2042 2184 2749 2278 geantwortt er habe inenn keine brieff
2040 2238 2724 2324 an ire hüser kleitt noch darfür gleytt
2047 2284 2763 2360 ur wüsse mitt vonn inenn dann alleker
2034 2332 2747 2414 sin basz hab es inn ouch nit daszelbig
2042 2382 2352 2471 zethuͦn gheisz
