4032 3024
1567 554 2089 702 vffgleict, da Obliges seisten
1560 632 2113 761 nach brig zimin schüshes
1562 690 2096 823 mit Jengstien der In gungs
1554 740 2102 876 auch keinem kein gebet gens
1555 795 2114 931 noch  pergeissen das erein a
1553 870 2086 971 guett mir oben genellag gen
1554 914 2101 1025 meß trägen, Es sye aberwor
1571 982 2097 1084 war das sy als sey gan losengen
1555 1036 2117 1158 unnd inm patguett heig wel₎
1567 1104 2107 1203 nach frag₎ sye iren ein hind
1554 1156 2104 1259 ander ntzegen ken vnd all
1560 1219 2101 1308 sy ime von irem pacquett
1544 1278 2101 1375 gseitt, heige er gseidt zu wer¬
1580 1343 2093 1429 e ein pacquett den wüsse
1557 1392 2103 1485 man nitt weiner zughere, de
1548 1442 2091 1535 heig sy es dem landtvogtt
1548 1498 2106 1593 von Mase anzeiget theiger
1561 1556 2094 1649 Iren gseitt sy sölle stuchen und
1548 1604 2102 1707 lugen wo sy es miene Zefindn,
1542 1673 2106 1773 sye sy dargeger gangen unnd
1545 1729 2099 1824 bostigent Iren munnen dry brieff
1559 1783 2097 1866 worden, sy wüße aber nitt ob es
1527 1840 2097 1940 Obliges oder sunst dr gsinsi
1552 1888 2086 1996 ent, sy heig sy by den gnnig
1547 1954 2097 2049 zuͦ Morse bim Kùumpho
1563 2020 2110 2110 Da Ire panny oder kremer
1550 2081 2110 2169 retzen wol ein halb darghal
1538 2123 2105 2229 ten fünd₎ unnd sy iren kein
1551 2181 1875 2285 pargult worden
1531 2246 2101 2348 Gemnach dem paguett so sy ver¬
1561 2308 2061 2402 loren, syent weder zimun
1541 2360 2089 2462 oren thußlen noch obliges S
1533 2414 2094 2505 gsin Sunder Krimer ding
1536 2476 2093 2564 dann sy ettlichs zuͦ Zürich
1549 2535 2085 2622 Ottlichs zu loßen vnd 30
1527 2594 2091 2689 florin koufftheige, vnnd das
1536 2652 2089 2747 syl Irparquett den sy verbe¬
1538 2705 2050 2805 ten vnnd nitt von Iumin
1980 2759 2100 2858 sthuß
2802 520 2893 575 108
2255 545 2916 694 schüslen unnd obliges ✳ sie ouch
2264 600 2909 736 Iren von jemands zeigtt worden
2271 681 2886 812 nach widergeben, weder parquedt
2262 747 2822 869 von sthüßlen noch främery
2327 864 2905 992 ff mentag den 24 Jannuri
2272 930 2878 1034 Jo54 Brehentibih Ambrosins
2277 987 2858 1103 im hoff des raths unnd
2269 1037 2909 1166 großw Dellspergers, vnnd ettlicher
2283 1102 2865 1206 wiblen hatt monett bey ein
2276 1166 2881 1272 kab by zwolff taren von ho¬
2284 1217 2892 1321 Innen In der Keffy anzeiget,
2279 1286 2846 1413 erstlich die phieipperte sye
2268 1368 2883 1464 Im paln zu Losannen zu im
2266 1420 2884 1522 khomen ✳ unnd in uffen werz
2281 1482 2863 1583 gegen vnnser frouwen munster
2272 1542 2889 1644 gfurtt Ime da ein dickenpfer
2287 1605 2866 1706 ing verheissen wan er iren
2282 1665 2893 1767 ein pargner da bre nadlen und
2281 1724 2889 1818 seitten in waren gan meß e
2281 1781 2888 1874 unnd dasselbig ins wirtzhus
2286 1836 2882 1935 legen, vnnd sagen der Krämer
2279 1898 2857 1997 so von irentwegn worhin zu
2276 1960 2856 2058 morse gfangen zeigs Im gern
2273 2014 2841 2113 zuͦ Casserra unnd nitt sy
2291 2079 2861 2178 unnd derselbig kramer beys
2287 2143 2868 2243 Kriegslüthen abkaufft vnd 4.
2289 2200 2847 2306 kronen sy aber wol achter
2292 2259 2873 2359 werdt Nun zeig ers wöllen
2288 2314 2886 2421 thuͦn unnd do hab sy im zwen
2289 2366 2874 2481 groß unnd zurn karth gern
2306 2432 2869 2540 Er syge aber nitt Eben des
2292 2472 2876 2601 tags gann mus gangen sunder
2352 2530 2847 2647 ist morndes wund als
2291 2587 2843 2697 er die brieff Ins wirtzhuß
2289 2636 2862 2756 tragen, sye sy so bald als erdugt
2299 2679 2849 2805 vnnd der Gure so ouch da gsin
