4032 3024
1397 398 1979 539 Hanns Graber von Ratt
1415 481 1599 575 pnbach
1268 544 1969 680 Presentis. Her Bendick Stu¬
1304 628 1975 731 ders des Rachs Her Groß
1329 686 1972 790 weibels unnd ettlicher we
1314 752 1957 845 blen was sampstas den
1315 817 1983 922 xx l nouembrig nach sam
1315 875 1667 973 Martins tag
1489 930 1799 1047 In der keffi
1303 1011 1983 1132 hatt anzongt nach dem und
1322 1087 1971 1200 er gefraget ward uß was
1316 1164 1974 1261 moinung er das saltzan
1316 1226 1977 1318 griffen, Als er von Patten
1317 1285 1975 1395 bach frugeritten keine er
1315 1354 1974 1446 alher in die statt als es
1306 1422 1978 1529 nach gar tunckel was wer
1313 1485 1986 1591 er zum kouffhus gritten
1306 1557 1974 1657 daselbst sin koss anbund
1318 1624 1988 1720 unnd demnach in das kouf
1310 1684 1977 1781 bus fürden offen, als ke
1323 1753 1990 1844 brott daruor were, iider
1316 1810 1986 1894 gesessen, vnnd daselbst mnt
1320 1865 1978 1960 schlaffn unnd als er wide
1310 1930 1962 2011 rumb erwachet were das
1328 1979 1980 2084 kouffhes beschlossen gsyn
1315 2050 1964 2144 hwnge er zum tharfürger
1324 2096 1980 2207 da die wag haget unnd
1321 2164 1986 2258 demnach zum anderen tho¬
1347 2222 1982 2320 stande ein vierling by ein
1335 2281 1983 2357 An butti, das fullte er v
1325 2339 1967 2434 schuffetig voll nie der
1312 2403 1992 2499 gstallt das er somlichs v
1319 2451 1997 2543 vetrunwen wie er mir
1318 2519 1984 2631 das saltz also schept keinnnt
1331 2595 1990 2679 zwen knaben us der seu
1317 2656 1995 2752 ben, do staelte er das bol
2067 417 2752 509 nider vnnd stunde stiel
2070 475 2778 577 aes sy inn fragtent was
2084 538 2760 640 er hie thette, sagte er zu
2065 597 2739 691 Inen, er were bun offen
2074 661 2743 763 entschlaff₎ unnd hierin be¬
2072 730 2726 822 schlossen worden, wollte
2071 787 2738 887 gernn ushin ✳ de hottent si
2072 845 2754 952 Inne in die stuben gefüren
2063 917 2739 1024 fragtent die Knecht inne
2072 989 2681 1084 uß welcher butte er das
2058 1029 2750 1153 saltz geomen zeigte ers Ine
2060 1116 2759 1210 an, were ouch nit dermey
2040 1182 2729 1274 nung ihm somlichs vermu¬
2047 1226 2790 1331 truwen noch in densack se¬
2055 1300 2745 1396 stossen, dann sin bock on̄
2043 1349 2751 1474 sack noch by dem offen gsin
2054 1418 2766 1541 tyge, Wan werde ouch durch
2044 1480 2745 1598 seine mochpuren nit erfinden
2048 1547 2725 1655 das er vtzit böses gethen nich
2040 1609 2747 1712 Jemandts etzit vermitrn¬
2055 1669 2748 1788 wet hette, Er hette ouch ver¬
2051 1725 2742 1841 meinen soner sy Ime den
2042 1800 2708 1911 vierling umb sigen batz
2048 1853 2720 1967 geben wellte ers nemen,
2043 1925 2724 2024 Vnnd als er wytter gefra¬
2062 1982 2719 2089 der, ob er nit einen konne
2057 2040 2736 2149 der ein faß mit saltz unge¬
2048 2109 2713 2219 fur ey zweyen Noueten
2042 2160 2738 2272 vor dem kouffhus vffgend
2043 2229 2767 2349 vnd sy geitterem tag das hin¬
2047 2293 2776 2415 weg gefurt, Nnt ererhet
2054 2367 2746 2482 te es nit than ward wy¬
2059 2434 2731 2545 ter gefrage, er möchte aber
2059 2492 2720 2598 woll ein gneinder gehee
2075 2558 2783 2674 Hani aut. Nei, wüßte me
2062 2634 2751 2736 neruon mit hette ouch me
