4032 3024
1506 546 2096 674 zehencken, vnnd vnnder allen
1524 660 2101 768 vergrugnen wortten habe der so
1523 699 2094 809 grhenckt werden gseiet weig
1511 757 2059 868 sy schon huncke ✳ so hanckber
1506 810 2089 923 mitt denn from vnnd bderb
1519 873 2097 986 luth ✳ so hatt den salden der
1512 938 2084 1028 gerr uscherr füren lassen, In
1526 994 2090 1102 sin ander huß oder schloß, dem
1515 1061 2075 1171 nach in Chaußen) gfrage
1506 1123 2093 1233 wannen er sy hatt er gesprochn
1519 1171 2078 1275 in, von Bernn, hatt der berr
1514 1234 2075 1331 Inn geantwurttet, wie es kun
1513 1299 2063 1396 das zuge soes sin Herrenver
1512 1361 2061 1448 gotten heigent unnd heig in
1515 1412 2040 1503 ouch uszen gfùrtt ✳ ouch sy
1513 1462 2084 1559 biud gebunden vnnd Jedemein
1508 1526 2085 1607 strick an hals ✳ unnd zu einem
1506 1590 2090 1671 boum an die Landtstraß gfure
1511 1634 2069 1731 heig einer den anderen müssen
1505 1687 2081 1780 hencken, der annder aber habe
1505 1749 2035 1834 es nitt weblen thun do heig
1501 1797 2068 1892 er sich ußz forcht in die sach er
1502 1854 2065 1941 geben, vnnd Ime denanndern
1497 1917 2060 2010 ghulffen hencken unnd sye
1501 1979 2035 2060 allso zwungen worden vom
1496 2033 2047 2124 herren vber die leitternn hin
1490 2088 2051 2168 ob zestossen, ouch Ine by der
1485 2134 2029 2232 feissen zestrecken das er
1494 2198 2062 2288 sturbe Er zeig in aber mit
1498 2258 2051 2344 anknüpfft, stunder einer vß
1493 2315 2054 2409 deß obgemellten Herren duier¬
1496 2392 1610 2462 ern
1461 2431 2045 2548 Hemnach zeig der gerr in
1475 2510 2049 2590 chansen) ledig gloszen ✳ unnd
1495 2567 2032 2660 siye wider zu denen sochßen
1478 2612 2070 2717 vff der straß khomen, so mitt
2241 553 2882 685 im gfangen waren us denen
2257 622 2909 722 allein einer tutsch mitt namen
2234 678 2903 802 Hanns Herner von Kertzers ✳ die
2268 734 2895 839 anndernn all welsch ✳ unnd mitt
2255 791 2927 891 inen bis gan truff zigen sigend
2256 857 2884 962 die sechs In das Sicardyg Zogen
2267 936 2511 1003 eraber heim,
2266 982 2922 1090 unnd als er heim komen, senit
2279 1046 2904 1151 die so oben gemellt worden, wider
2271 1106 2909 1216 ussem picardyg khomen ✳ unnd
2261 1171 2892 1272 zeigend Im zugreth erheig den
2267 1232 2892 1330 obgemellten C deßy namen er
2273 1290 2896 1383 nitt wuß alleinig gehenckt,
2246 1351 2908 1452 darum sy mitt rëcht fürgnan¬
2263 1407 2872 1512 en, sye ein spruch darinn ge¬
2264 1476 2513 1565 elicht worden
2215 1525 2909 1661 darnach sye es by den 15 tagen
2257 1622 2893 1716 das er an sinem tagwen gfange
2260 1669 2837 1772 worden unnd hiehar gfùrtt
2359 1784 2883 1926 Ein E. h. schultheiß vnnd
2212 1842 2845 1970 Rùth unnd burzer gund us
2252 1925 2843 2033 gnnden inn ledig ußzglassen,
2251 1987 2870 2082 doch dweyl er sin gsellen ghenck
2270 2041 2854 2136 oder joch gholffen benckenn ✳
2264 2097 2836 2193 solle er ferlos sin unnd
2257 2159 2847 2240 zu keinen Berer weder zu
2258 2212 2811 2302 gricht ✳ noch recht ✳ zratt noch
2261 2250 2847 2350 hatt gebrucht noch zuͦ kùndt¬
2262 2323 2852 2409 schafft gebrucht, noch vertruwet
2261 2370 2805 2462 werden, ouch bsunder von deß
2265 2418 2787 2515 vorgen, das er dro zwen zu
2259 2466 2785 2548 mirtten, S das vnd In
2246 2480 2838 2617 gredt hartend, darum mitt recht
2263 2562 2809 2660 anglangert vnnd ein wideruff
2249 2623 2585 2722 von iuenbegertt
