4032 3024
2358 384 2532 454 1552
2119 411 2744 534 Der pfangnen handel von
2132 487 2777 594 Sant michels tag hin Im
2147 547 2724 658 1652 jar ✳ volgennt
2125 623 2407 720 harnach ✳
2284 795 2771 910 herman vierer ✳ pe¬
2194 875 2772 975 nempt Taͤgischer
2208 945 2585 1024 von soloturn
2077 1091 2757 1233 f sambstag dem 24. tag
2050 1182 2775 1278 Herpstmonatts in diserm pv li jar
2062 1235 2776 1333 ffn gegenwurtigkeit der Prommennn
2042 1284 2773 1392 Ersammen wys h Crispinns
2048 1345 2758 1444 vischers des ratts ✳ onnrad
2060 1405 2782 1493 Ewuhaetts unnd Bastian Tarmen
2069 1461 2748 1553 der Gurgern Vintuth Pastors
2060 1518 2773 1605 goszweybees ✳ unnd der weybl
2073 1566 2623 1667 miner z herrn gmeinlich
2126 1679 2766 1789 datt Breman vierer von
2102 1753 2753 1845 solothurn beckhennt unnd
2068 1813 2814 1911 urriachen ✳ wie dann gnngsame kùndschafftt
2057 1869 2795 1969 ime underougenn ouch bezugett ✳ unnd
2048 1908 2780 2012 ir zugsame mit dem eyd bestätiget
2058 1975 2786 2071 vor püii tag ungfarlich an einen
2054 2024 2735 2130 frytag zuͦ Borbach nàch der pred
2059 2073 2752 2175 habe, Er allso gredtt wenn der
2053 2125 2751 2233 Hoer hüt nit allso ein gute prodir
2057 2182 2764 2259 than hatte ✳ so wàr es nit und
2065 2226 2798 2329 wunder das ich verzwyfftete ✳ ich
2060 2273 2789 2380 mein der herr gott heig minem gar
2059 2331 2803 2428 urgesse ✳ ich dorffte thuͦn ✳ wie jenor
2061 2386 2601 2484 andts knechtt den hergott
2641 2404 2786 2473 Den
2069 2438 2724 2520 Schelmen unnd den bosz wichtt
2059 2487 2784 2585 abhor ladenn ✳ unnd ein fartt mit
2749 402 2832 483 44
