4032 3024
1375 486 1927 617 Irntag dem  ttag appritis
1278 571 1940 681 33 presentibs herr Berman frutsch
1226 608 1891 704 des raths groszwi Pastor unnd ettlicher
1238 673 1898 760 weiblenn hatt glado zuͦ Marseli
1256 713 1423 786 anlgigtt
1206 774 1927 885 Item so syy er ein mal hir gfangenn glig
1263 854 1927 930 im ooch daszelbst hab er vm wid kneden
1255 897 1929 971 gnan den Rigel hinder sich than bis das
1206 930 1902 1019 die thur vffgangenn, do stund die vnnder
1207 1004 1919 1062 tùr offenn ✳ unnd worind zwen oberthalb
1205 1031 1899 1109 die faszetend forn ✳ demnach were vn
1198 1088 1252 1136 in
1254 1073 1921 1161 Sunners huß da dann sine bleider glag
1215 1120 1932 1203 jangenn ✳ daselbst 2 ✳ s vertzertt ✳ darumb
1208 1170 1927 1245 urii dann ein pr nuw par schu gfand
1227 1214 1925 1292 laßenn ✳ darnach sig er gan Rychenbarh
1216 1267 1926 1345 gangenn unnd daszelbst in einem husz ein
1211 1310 1939 1389 trgenn gnomenn ✳ syg by siinen bleidern
1214 1356 1891 1432 em so hab ernoch einenn den hab er
1214 1407 1915 1467 umb ein andern gegenn lotscher ertùschet
1211 1441 1718 1521 unnd im ij bitz₎ nachzan
1258 1534 1920 1630 Den so hab der miller hhoffenn in
1250 1606 1918 1681 der wolry ettliche finr bleider Namlit
1248 1625 1960 1724 ein gelst unnd ein wys par Lùntsch hoszn
1244 1699 1945 1768 en j rock j schürleth wambsel iparrte
1247 1737 1967 1813 seck als in einem heili habs alles mit
1231 1772 1928 1849 winn gwmnnenn dann es ime fern
1332 1814 1921 1888 solltt₎ ✳ form so hab im vin schnider
1275 1825 1311 1872 lb
1233 1852 1937 1926 sthtellenn hie das tuch koufft uff der
1244 1898 1946 1970 tuch loubenn ✳ unnd has im Cunratt
1235 1940 1903 2010 bachman die gelenn ✳ unnd vin schnider
1290 1981 1860 2056 seberg die wysz₎ hosenn gmachtt
1227 1992 1294 2040 S
1254 2029 1946 2130 dem so hab er im zigeshoff zwey fyrteg
1266 2113 1931 2174 unnd zwy wrrchttag heinli zwey par
1249 2150 1904 2221 hosenw ein rot unnd vin wyses i plir
1244 2192 1773 2266 useschuittenn sthu stuck lider
1247 2225 1965 2320 sem so hab er die wysenn hosenn by thun guen
1249 2285 1529 2352 in einem dorff
1256 2297 1966 2400 em so hab er die rottenn hie in der statt
1266 2369 1637 2445 guen ob dem falckenn
1248 2402 1937 2502 sei so haber rengenstein sid wirnachtt₎
1262 2449 1957 2534 ein wyß huß tüchin par hosenn gnonligen
1263 2499 1961 2578 ouch in der woley teten so hab er sid das
1294 2552 1950 2617 den eyd than in der woley dienett
1341 2591 1942 2684 ist einest ler ✳ unnd einest mit
1289 2651 1916 2732 em bleinestem uffzogenn
2087 428 2667 555 plands so in miner s herrenn
2012 455 2753 614 vonn Vernn kostenn als ein fùndel khind
2005 525 2751 663 zuͦ Wethtigenn by benndichtt tschan vonn
1984 579 2729 713 hind uff erzogenn ✳ bin vormals vonn
1981 616 2727 752 diebstal wegenn ✳ durch mich vibfalttig ee
1993 662 2746 796 angenn ✳ ein mal zuͦ Solothurn gfangenn
1994 722 2715 840 gsin ✳ unnd daselbs darum̄ mitt ruttenn
1985 761 2682 883 uszgeschwùngenn wordenn ✳ unnd
1965 798 2760 924 Kinnal hie inn der statt bernn ouch gfùngflich
1985 853 2697 967 inglegenn ✳ unnd mitt dem eyd vonn ir
1983 895 2759 1017 gnach statt unnd lannd gwysenn worden
1982 951 2715 1065 uff söͤlichs beckhenn ich offenntlich mitt
1985 1003 2738 1092 disem brieff das ich in vergessung erlitner
1985 1046 2726 1146 straff ouch mir hievor bewysttrignnd ✳ mich
1995 1093 2731 1182 wider mißgonnt ✳ unnd biderben luth
1979 1136 2760 1231 wytter das ir gstolbenn ✳ unnd entfromddett
1969 1192 2675 1273 dardurch ein s. herrenn vonn Borm
2001 1249 2736 1331 verursachett ✳ mich widerumb in ir gnac
1994 1284 2737 1384 gfangknns beggenn zelassenn ✳ wir woll
2001 1332 2637 1423 ir gnad ursach ✳ fùg ✳ unnd rechtt
2009 1388 2670 1471 zheptt mich an lyb unnd labenn
2001 1434 2697 1524 traffenn ✳ unnd nach minem vredienenn
1995 1479 2667 1560 richttenn zelassenn ✳ so hatt doch ir
2001 1528 2725 1614 grosse gnad unnd angeborne milickhritt sy
2013 1572 2745 1659 bewegtt ✳ mich vonn miner jugend wygenn
2007 1624 2748 1702 barmhertthiblich zebegnach unnd unnpreetz
2013 1671 2716 1750 eins lybs ✳ uff verhofftte besserung noch
2001 1715 2657 1793 Sinmal ledig ✳ unnd fry zewendlenn
2010 1766 2725 1839 usgelissenn ✳ unnd hannd mir allso min
2015 1811 2757 1888 verwùürfftt lebenn um̄ gottes willenn
2011 1858 2728 1936 gescheuchtt ✳ des ich irenn gnach zuͦ gytten
1994 1901 2705 1977 unnd hocher dnckbarlich danckbartritt
2021 1954 2669 2026 billich niemermer vergessenn soll noch
2006 1990 2700 2077 will ✳ sonnders so hab ich haruff
2012 2053 2660 2119 einem byd zuͦ gott dem almechtt
2013 2092 2750 2182 mitt uffgehepttenn fingern ✳ unnd vorgesprocher
2015 2142 2719 2224 vorttenn ewer gschworenn ✳ des erstinn
2025 2174 2739 2270 omliche min wolnerdirne gfangenschafftt an
2014 2215 2716 2307 den hochgenantten minen s herrrnn trenn
2009 2272 2684 2347 amptliten noch andern den irenn die
2019 2308 2680 2394 juvst zuuersprachenn stannd noch ouch an
2029 2329 2746 2441 ollenn drienn so derselbenn gefangenschafftt
2022 2396 2716 2480 thulld fragenn möchttennt tc.Niemermer
2030 2446 2718 2524 raffern zeannch noch heroch durch mich
2020 2481 2742 2572 selbst noch ander heimlich noch offenntlich mit
2006 2526 2727 2617 worttenn noch werckenn in dhem wysz noch
