4032 3024
1390 499 1995 664 dann wollten sysindr
1410 589 1971 719 wychers das habten sy an die
1395 655 1987 774 Brudermeyster oder Bätterewoge
1398 722 1995 846 begertt das es mitt Irem willen
1389 787 1617 908 gschühet
1458 892 1997 1055 Hans Wyß von Hah¬
1618 998 1746 1102 eys
1476 1086 1982 1225 ff frytag dem 20 tg
1382 1162 1987 1293 Octob. Jnn 155 3. pref. herr
1423 1237 1982 1349 Meggers unnd ettlicher weyb
1408 1299 1982 1410 ten hatt Hans Wyß von Hertz
1387 1364 1969 1482 wyl in der keffi anzeigtt
1455 1466 1993 1588 Firstlich so ist er mitt kant
1417 1556 1999 1647 sich das er Balstingers dochte
1414 1609 1981 1702 genant Barbli Beudict schertz
1422 1657 1987 1762 befrouwen ✳ welches scherti
1422 1724 1985 1824 stswöster er (wyß ✳ zur fr
1420 1791 1964 1886 habe ✳ bewalltigett unnd sy
1421 1846 1973 1947 ùber iren wiblen genottigett
1416 1911 1535 2000 hab₎
1405 1963 1972 2084 Demnach zeigtt er an, das
1412 2044 1975 2138 er nitt gwüßt habe das sin
1407 2082 2009 2192 vatter Bendict wysz unnd hud₎
1381 2158 1963 2263 Ocbters ✳ bendict schertzen
1416 2218 1988 2325 bruder sygind unpfar voralst
1404 2283 1985 2365 Jaren mitt einandern in wro¬
1414 2336 1994 2433 stùng kan ✳ von lins andern̄
1414 2391 1729 2495 handelswegen
1416 2441 1992 2559 Denne so heiptt er an wie sich
1417 2519 1999 2617 von anfang dise sach zuͦtragen
1883 2578 2004 2652 gub
2683 457 2761 526 84
2145 482 2791 632 habe ✳ namlich ✳ als dann er
2145 552 2728 669 unnd siin schwager Bendick
2142 632 2791 751 Scherh zu Hertzwys gegen einan
2159 679 2773 816 dem zhus esen, do haber sich
2152 750 2765 881 vngfar in verschiken lbdet
2161 824 2761 951 begeb₎n, syge er vngferdt tags
2171 914 2734 1003 umbs morgen brott ✳ als me¬
2159 963 2789 1065 mand dann allin schertz₎ frouw
2159 1031 2795 1137 unnd jungfrouw inn des schertz
2159 1094 2729 1206 en gsin hus komen stunde
2162 1152 2800 1276 schertzen frouw mitt einem fus
2159 1227 2731 1336 uff der fhür blatten unnd
2161 1291 2751 1408 hette die hat in der hand do
2170 1348 2783 1480 syg er zu Iren gangen mitt Iren
2164 1428 2761 1540 gschimpfett unnd den narden
2167 1493 2762 1607 triben ✳ unnd demnach sy gnan
2168 1563 2763 1670 vnnd gsprochen sy sölle mitt
2162 1634 2765 1729 im in das thunn khon, das
2179 1690 2761 1790 sy aber nitt wollen thun, Es
2171 1754 2753 1844 syg aber ein kelins gaden ne¬
2173 1811 2750 1914 bend der kuchy an daselbig
2179 1871 2757 1977 gaden hab sy siich gstelet ✳ do¬
2182 1941 2739 2041 mals heig er zu ihren grett
2177 1998 2787 2104 thum wir wernd inger in gad
2182 2059 2788 2167 sy mitan by der hand gnan unnd
2183 2131 2737 2236 syge sy also mitt im Iuger
2180 2189 2762 2291 gangen ✳ er sy uff das bett
2194 2249 2722 2363 gbeytt ✳ unnd guͦtt gschir
2183 2312 2766 2426 gmacht ✳ unnd wir sy also
2181 2375 2790 2482 glegen ✳ sedte sy sy firchte
2195 2434 2783 2542 es keine ettwar er grett soll
2193 2504 2775 2612 ich han thiren zuͦthuͦn stytte
2632 2540 2735 2662 s
