4032 3024
1309 469 1902 606 futag 10 februari 1653
1325 552 1903 668 sentius h Schwinckans
1330 630 1940 725 des Phars michel Sindkämen
1309 677 1950 802 vnd her großweibell Pastos
1304 745 1930 837 it₎ der weiblen gmemlich
1339 798 1955 914 har zu merseli in der under
1326 884 1955 991 tiben Jacob Hugi Beken
1315 957 1907 1059 vnd anzeigt, das er die
1317 1015 1950 1136 brieff so man im fùrglegt
1318 1083 1912 1185 ill fùnff mit siner hand
1309 1144 1953 1247 gschriben aber die schmachbroff
1324 1207 1876 1313 ussz angeben und gheiss
1324 1268 1908 1367 mer fulen dasen ze allso ze
1331 1331 1972 1436 thryb₎ fùrgnomēn ✳ und soͤllichs
1316 1397 1961 1503 nit ussz im selbs gethan sonnders
1490 1442 1635 1512 beutlch.
1297 1476 1950 1569 uss irem gethan habe ✳ das im
1299 1534 1863 1617 leid sye begare und bätte
1271 1585 1955 1682 deshalb ein gnad unverzychung
1339 1654 1925 1750 Als er demnach anzogen was
1300 1705 1919 1795 inn der sey darzu gevrsachet
1307 1754 1976 1861 har er anzeigt, des ersten briffe
1324 1822 1965 1922 halb so er gschreben, so allso anfahe
1306 1883 1922 1989 Igatha dn altesfaffen zur
1316 1949 1892 2053 hast du Kupler gung etc. ich
1291 2003 1964 2111 des andern Schmach brieffshalb
1312 2063 1984 2156 ouch dieselbigs AJara belangend
1316 2130 1906 2213 habe die gemelte sin sasen
1308 2184 1902 2274 mitnamen die sans vatters
1331 2223 1961 2315 chwöster so von Hans Frunen
1314 2282 1954 2389 gscheiden worden, Inn ouch allso
1307 2340 1957 2440 gheisse schryben ✳ und im atzeigt
1318 2412 1972 2496 dieselbige agta gab ira vil zleid
1307 2463 1967 2566 than sy siye by krunnen ✳ by dem
1321 2519 1914 2613 dass man sy blyb₎ unnd
1312 2581 1947 2694 wisse man doch wol das sey
1999 473 2734 600 hemandern ligguit ✳ dasndschade
2011 537 2743 651 onen mit es schude aber andem lüt₎
2011 595 2734 719 darzu siye die apta vil in Hans
2017 662 2618 774 krundi husz ✳ usz und yn
2047 717 2722 819 gwandlet vornd sy man die
2052 772 2680 869 kleiderwillt, Deßhalb es nit
2065 806 2711 932 alles uff der willing vorhande
2039 865 2707 985 gsin ir so habe ouch ther
2037 938 2706 1049 witzig ettliche mal ira ein buch
2038 999 2721 1103 fürchür ghenckt und habe man
2043 1052 2693 1153 dra derglich mer gschub₎
2065 1111 2700 1208 dis alles haben sin basen iin
2026 1172 2688 1275 Furgan traber skann sy nit
2045 1226 2752 1318 unnd wüss nit wär sy sys, dann
2035 1279 2733 1377 Das sey im anzeigt sy wären weüst.
2045 1339 2688 1417 wan i der gägne da er dee
2056 1394 2741 1478 hrieff hin uff ein holtzglegt
2066 1441 2249 1528 zu füsetc.
2076 1506 2670 1602 des andern brieffshb Catin
2069 1558 2712 1649 sträffend, hab inn sein bassen
2071 1614 2720 1697 ouch underwar un und inn allso
2059 1656 2717 1745 einen brieff schryben gheisst und
2053 1704 2753 1792 damit dieselbige wöllen gesfrecken
2024 1758 2684 1847 das sy nit lenger by Hadis
2038 1808 2738 1916 Brünnen blyb₎ solle ✳ wüsse sunst
2071 1867 2668 1959 nit worum es bschechen bkenne
2088 1920 2682 2013 ty ouch gantz und jar nit
2073 1961 2748 2058 ander dann das sy im gseidt
2083 2025 2758 2113 sy eri und ditnor by janb
2048 2047 2710 2152 Brunen, wüsse niemand den
2093 2125 2693 2227 sy in denselben breff sunst
2072 2171 2746 2278 verstand₎ und gmemidt habe,
2062 2244 2731 2336 die v Aickstaben daruff kenne
2071 2301 2702 2390 er nit anders teßlegen, dann
2091 2348 2794 2446 alls in die Catrin von Frybung
2066 2420 2715 2503 darnach ist er wycher gfragt
2078 2469 2693 2554 worden anderer tieffen halb so
2088 2511 2730 2611 duch allso schmächlich gschrben, zn
2090 2567 2729 2657 die guser gworffen der danan
2111 2623 2737 2718 kleibe worden, ober derselben
