4032 3024
1389 416 1956 510 Vetter Streych von rmund
1392 476 1973 582 grundes knecht ✳ uff
1287 550 1972 673 Frytag. 4. Nouemb. 1552 Perstntib
1327 632 1976 712 her großw. Pastors, Hans Huting
1331 676 1962 773 ehers vnd sh. Oswald der weibl
1301 744 1979 870 hat in der kesy vrsach, wakum Er mi
1343 824 1985 914 her Veriner Jacob Tormans Knecht
1334 882 1975 969 mit der schufflen gschlagen, also anh
1383 945 1981 1044 Als sin meister Inn vßzin gsthi
1334 992 1945 1082 gan werchen sye Er vnd der ander
1353 1051 1989 1141 ussen am stald by Stagers hus
1346 1096 1981 1188 zusamen khon, fragt der ander In
1343 1147 1994 1228 wenn er mer In sen mutten wölle
1358 1193 1989 1274 ant ✳ wenn es mich nun gut dunck
1365 1241 1989 1326 vnd mir aben ist, denn Ist mir li
1363 1285 1983 1369 ber der herr sys selbs dadann de
1367 1332 1983 1414 Rych Schwure der ander der maß
1361 1374 1993 1465 das Er müsse den verd küssenn
1382 1427 1993 1521 saffnde du bist nit so vil mans
1378 1483 1979 1565 wirt vnd friste, das die Ermist
1382 1529 1990 1612 wenn Ichs gsen, kum, du mus
1381 1567 1980 1651 den mit mir als er aber nit
1370 1619 1991 1708 mit Im wolt, doheis der ander
1364 1663 1993 1759 Im vnkristliche wort zugredt vnd
1381 1715 1995 1811 den mit velaub Eushyer gstholt
1369 1763 1990 1863 daruff diser veger Im das recht
1369 1809 2004 1914 fürgschlos ✳ und ssproch₎n ✳ er zöb
1382 1857 1997 1959 gan thun, was im su meiste
1380 1917 2009 1996 eitfoli ✳ und inn ruwig lan ✳ er
1388 1945 2008 2037 heihsen dung. das sye der ander
1380 2005 2008 2088 vor im gstandt heis in jede
1387 2046 2002 2147 hand ein stein tharn, vnd sich die
1394 2097 2010 2190 maß gstelt, das er nit dorff
1395 2139 2012 2239 von im gan ✳ dan er vorcht ✳ e
1411 2195 2007 2289 thäte im einschmach vnd hat
1390 2226 2002 2344 Er ein Schuffli In der hand mm
1406 2287 1991 2390 der gabe er Peher Im ein
1416 2336 1994 2443 streich, Ist auch aend als
1408 2395 2013 2513 der ander Ime in Vnkristlich
1394 2442 1998 2547 nomn erb, das er wider gret
1402 2496 2007 2591 Ich wil als wol erhöngt, das de
1422 2555 2008 2638 d esel und 1 märi mit vo
1387 2566 2015 2692 lomb jridt angang₎n als de b
1382 2647 2004 2757 zeubt möchtest, das ich dis
1372 2694 1862 2794 ihan ✳ als obstat
2075 389 2750 503 Michten Martis tochter souch mi
2075 456 2802 566 h schs nägelis knach ✳ und noch einer
2077 504 2788 600 der sye disem knaben bkant, ssyent
2070 558 2691 647 darby ssi ✳ ud syct de
2059 601 2757 711 kab₎ nab im gstand₎ als der
2073 660 2766 748 ander niht gfallen was seit er
2065 714 2778 809 sy sölte inn vffhan, das so tan
2069 758 2778 857 do sasse er da, da gieng er für.
2088 835 2156 911 sich
2064 840 2792 948 das der ander Inn anzogt In mins
2092 920 2778 1009 h vennus mat zkon da sye
2065 966 2724 1066 Er Petter daruor einest mit
2085 1026 2700 1117 des herrn Khuyer da durchin
2077 1077 2751 1169 gent₎ ✳ und darnach einig ouch
2097 1134 2752 1220 einest hab nit gemint, das
2072 1175 2475 1275 Er venrecht than etc.
2131 1262 2713 1373 Montag. 7. Nouemb. Frat
2065 1324 2779 1426 das man Inn sol vff ein omen
2072 1399 2757 1495 Vrfech ußlassen, doch darinn
2066 1451 2766 1543 schwers wenn h renner for¬
2080 1506 2787 1591 mans Knecht vffto mne, vnd rechts
2083 1567 2791 1654 ab im beure das er im wöll
2090 1622 2670 1710 ain rechten red und  hir. geben
2321 1663 2706 1749 . g. e. vnd d
2072 1716 2760 1817 Erag hie zwschen ✳ sol
2077 1783 2765 1887 das verpot hinder bruner bstha¬
2100 1843 2508 1932 schen in f blyben
