4032 3024
1376 421 1984 541 sy heist sich daruon alwegn
1363 497 1971 599 vil gelts frumpt ✳ und an¬
1411 547 1987 654 dern namlich, Hansen Sa
1404 607 1981 691 der dem wirt, dem heim
1410 663 1989 754 berg. vnd hans schick ouch vn
1407 722 1981 818 heissen zelyechen, aber Pei¬
1409 784 1981 876 nem vt glich₎n sy hütte
1407 844 1975 926 dem Hans Rader fürdeb
1410 899 1989 993 sy hutte der postina zu mur
1418 955 1965 1039 ten vil selt zehalten sen
1415 1009 1975 1100 das wölt sy im lychen
1407 1060 1982 1150 do sye er mit sampt der ist
1409 1120 1994 1214 eine hinüber kert, sy zefra¬
1428 1178 1994 1266 gen do hab sy ✳ postina ✳ sser
1399 1233 1995 1325 Es das doloni heig Ira nn
1429 1290 1997 1381 gen, es syh abber dn schuld
1406 1342 1981 1438 und sih sye dar ubel zfrind₎en
1433 1407 1998 1491 ssen, deßhalb als es sich
1428 1455 1990 1546 des verluests klagt hab
1427 1516 1998 1594 soder gsprochen, Er kompte mit
1432 1567 1991 1643 das es so vil gelt ghanze
1433 1616 2004 1700 dann er hättes zu Murt
1451 1665 1923 1746 an einer lust fund,
1428 1711 1975 1796 Jacob Zingk der müller
1424 1762 1985 1851 hab zudergkit der
1432 1816 2009 1901 meyli gratn, es solle de
1417 1859 2007 1955 verkklag, der es than, da
1435 1912 1992 2029 heifs geantwet Ich
1439 1974 1815 2058 weisz doch nit ✳
1451 2022 1972 2116 in Sunda sy heig im
1429 2068 1950 2152 kein gelt glichen und
1431 2120 1924 2205 Er Ira keins gno¬
1442 2175 2008 2270 Aber In dem sye sen man
1453 2240 1980 2329 tel hinder heimberg den
1454 2293 1907 2373 wirt konn, der heip
1901 2305 2014 2375 Im
1465 2342 1947 2432 bhan in pfandswyß u
1470 2384 1631 2462 zerpele
1470 2437 2016 2529 Nun sye das gmrmel lo
1465 2488 2021 2589 hinder im ganz, das Ers
1466 2551 2002 2631 nit gwüst bis er ver
1454 2586 2000 2699 non, das senn schwucher
2688 364 2740 411 A 3
2052 388 2754 511 etwas gredt, doheit er Inn ein
2061 441 2790 553 mal zu lauppt dar mit recht
2051 490 2722 625 fürgnon hab aber nit mögen
2087 551 2709 649 lasen kon, dan der richter
2073 602 2767 702 wölt im kein fürspruchen er
2169 643 2753 742 darnach als hartlome
2069 681 2177 755 lauben
2085 709 2757 807 zur vind gricht erworten beim
2075 764 2678 868 zollhunsz by der gen drugs
2082 813 2749 914 daselbs heig er inn ouch wöll
2085 865 2752 960 bklogen, aber im möchte eein
2081 921 2776 1023 fürsprechen werden Hans Fader
2098 972 2727 1074 spreche darnach zu Im, er
2098 1043 2753 1131 sölt abstan, dan ein schwä¬
2099 1093 2783 1186 scher, als ouch ein vatter, hätte
2105 1145 2783 1237 gwalt, denn sonen zusagen, leib
2104 1203 2750 1291 schelm und andre scheltwort
2110 1258 2754 1343 wie er wölle, man werde
2089 1320 2652 1405 Imn mit lai druss gen ec
2095 1370 2754 1445 So Er aber nun gseche, das
2102 1419 2773 1515 Er sein muss egelten so be¬
2101 1476 2766 1564 gäre Er, das man Im das
2117 1530 2679 1622 recht lasse ges im gan
2125 1558 2759 1684 so werd sich sein vnschuld er
2101 1625 2272 1721 finder
2102 1665 2687 1772 er sye von keiner ander
2091 1739 2770 1830 ursach wegen zu lomppn 2 tag
2120 1796 2758 1881 und i nacht in der kesy gle
2120 1843 2768 1932 dan das im gott₎ wor¬
2119 1897 2749 1968 de hie am Eegucht herr¬
2131 1937 2759 2015 schysen, vnd er mit khen, vnd
2114 1991 2763 2075 wusse aber er noch hutzu¬
2302 2039 2397 2080 das
2119 2047 2734 2122 tag nit ob din gotte ese
2311 2095 2752 2173 doch sein vost kön
2120 2146 2598 2240 wol daruon salene
