4032 3024
1620 551 2084 683 ff Sambstagao danu
1499 627 2089 738 ssent Thoman glar unnd de
1504 702 2062 788 weyblen hatt nichans er
1501 745 2064 865 von Olting₎ in der Reffyanze
1547 860 2085 978 Als er dann zu Oltinger für
1505 926 2074 1041 unnd für wirtschafft tryde ✳ und
1503 981 2084 1100 Blauds Kufuß zur Nüwenstat
1505 1050 2066 1156 im vornacher win verkoufft
1488 1109 2081 1201 habe er antz dettwan z wur
1501 1154 2076 1259 in nach s Martis tag jüngst
1504 1212 2078 1319 verschinen, sich aber zu im über¬
1502 1276 2050 1371 hin gfigtt zur Nuwenstatt
1508 1337 2068 1435 fragte dersebb sin win man de
1489 1396 2081 1501 ob er kein brieff hette darin
1511 1453 2052 1541 iin guͦtt von Stuck zuͦ Stuck
1512 1506 2051 1596 vergriffen Stunde, Ant: Da¬
1509 1559 2074 1666 hies er im den bringen also
1509 1623 2069 1720 hab er inngreicht ✳ unnd uder
1512 1683 2055 1780 acht tag an einem sambstag
1510 1734 2057 1844 inn den zougtt ✳ mitt sigell
1505 1784 2064 1884 unnd allen ding₎ unversertt ✳
1523 1841 2071 1942 unnd sye der inhablt desbe
1504 1890 2075 1995 das erLuttensinem schen
1519 1946 2056 2035 er dem ablten auebler
1503 1996 2084 2103 o sin  antzen fenschen
1497 2056 2072 2164 ger schwöster hatt ✳ zekouff₎n geben
1529 2116 2057 2209 Zine beide Fern gutter zu
1508 2177 2059 2269 oltingen mitt abl₎n stuck₎n ✳ so
1495 2230 2062 2335 Inn dem b ablesunderlich g¬
1507 2285 2073 2389 nampsett ✳ unnd habe derschi¬
1495 2333 2023 2429 ber zu hauppen denselben be
1494 2391 2068 2488 gschrib₎ ✳ unnd der obgenant thomn
1498 2446 2049 2539 glar der abet vogtt sin sigebe
1496 2501 1898 2594 lassen dranhencken.
1482 2558 2010 2651 Diser be habe noch in A
1500 2613 2062 2700 zughabet₎ das der mrunnekler
1520 2666 2054 2766 zin schwager im noch schuldig
1977 2722 2063 2798 mul
2238 524 2903 652 wäre, unnd habe derselbstin schwa¬
2236 583 2872 712 ger Ime die gutter alle widerum
2242 646 2900 757 verkaufft vnnd Ingeben, darzu der
2253 708 2884 813 ben wider zuganden gstellt, daß habb
2253 764 2857 870 zeig Er den broeff dem Gufuß
2235 817 2887 925 zur nuwenstatt bracht und zouget
2263 879 2877 988 als obstatt aber uff demselben tag
2257 946 2862 1052 beigen sy noch nitt gemeickett,
2260 998 2887 1098 aber der win sye Im zugsteitt vff
2251 1061 2878 1157 ein schuldb₎ ✳ darin diser brieff
2241 1117 2899 1219 zu underpfand verschriben wurde tc.
2281 1186 2885 1273 wir das ain sambstag beschachen
2255 1242 2891 1333 gienge er morndes am Sontag wider
2244 1300 2878 1390 heim gan dliigen wurffe sinen
2250 1354 2894 1454 rock mitt dem bre von im khame
2259 1411 2872 1510 derben hinder den warmpoffn
2252 1472 2887 1565 des heig Er die nacht da vergessen,
2245 1522 2852 1614 worndes früy funde sin bruder
2253 1587 2886 1676 setter, so dm müller handtwerck
2266 1640 2869 1732 nach wandertt ✳ unnd aber by xi
2267 1685 2880 1788 wuchen Kranck by Im gsein was
2265 1739 2862 1842 den be hinder dem offen mitt
2255 1795 2869 1901 verschmoltznem wacht ✳ des sigells
2267 1857 2858 1952 das woltt Er Cpetter widerzu¬
2260 1904 2380 1992 mad
2456 1922 2843 2014 unnd zouges ims
2278 1979 2866 2067 do zeig er von angst vnbesintlih
2278 2024 2869 2124 teytt ✳ unnd grosser thorheitt zu
2265 2076 2871 2178 gheissen ein bernn betzen druff
2276 2136 2870 2220 rucken, das sin bruder vtter
2263 2185 2871 2282 also than, ouch nitt siinnende, war
2263 2246 2871 2338 es langtte, vber der bruder trag
2270 2295 2869 2394 sin sunst kein sthuld₎ wiewol
2267 2352 2847 2440 nun sie befrouw seitt
2261 2411 2862 2494 ersöllt mitt anders druff trucken
2279 2458 2819 2551 So meint Er doch es sthude
2263 2510 2839 2597 natt ✳ unnd heig disers sigebl
2274 2553 2804 2654 also ingwecklutt unnd dem
2260 2600 2849 2690 winman den b₎ bracht ✳ dohei
2295 2640 2822 2767 sy gmercktett 2i grosse ✳ vns
