4032 3024
1243 445 1954 628 weg wider an dern Lybenn noch gütter¬
1220 517 1908 657 Ailes mitt disern worttenn vnnd gehue¬
1228 576 1935 709 ob es sich uber kurtz oder kang frug
1243 634 1948 747 und begebenn h ich hieran in einichem
1200 666 1960 805 weg bruchttig sin ✳ palbrin unnd vbertrat₎
1220 707 1951 827 der ettwan inenn glycher gestaltt wir vor
1210 761 1944 862 oder in ander weg wenig oder vill ✳ wieste
1208 807 1944 919 h. Zutragenn möchtte, daruor mich der
1211 850 1951 958 barmhertthig gott trüwlich behuttenn
1217 901 1916 995 wölle mitt ober derglyckenn werckenn
1216 940 1945 1046 mißhandlenn wurde, das als damr die
1211 995 1957 1082 hochgrnante min gar s herrenn ab minē
1204 1035 1916 1130 lyb unnd korbenn unnd gutt als
1212 1082 1918 1175 einem vorverwürckttenn mentsch₎ nach
1229 1139 1926 1217 einen verdienenn vnnd Ir g. gfallenn
1212 1188 1949 1272 Richttenn laßenn söllennt vnnd mögen
1238 1232 1900 1312 ier allen inntrag unnd geverd in
1226 1274 1951 1362 grafftt dißbrieffs, der des zu warem
1234 1328 1941 1410 urkhùnd umb miner Ulisig pitt will
1223 1374 1952 1459 versiglett vnnd verwartt ist mit des
1229 1423 1339 1486 froter
1218 1436 1946 1534 eignem hierangehenckttenn innsiger doch
1221 1501 1954 1572 im unnd sinenn orbenn in all annder weg
1231 1543 1960 1632 anrschabenn redenn uff mitwuch
1231 1598 1689 1682 26 Apprillis 1533
1316 1751 1934 1859 uff fryttag dem xxvii appeillis
1286 1821 1925 1906 333 preseontibus herr ferman fentschs
1246 1873 1902 1952 des ratts ✳ Hanns Nokenn des jungen
1253 1899 1952 1995 Stoffel Lemans ✳ droszwi pastors unnd
1253 1952 1946 2042 ettlich weiblenn ✳ hatt Madit von einan
1266 2016 1591 2095 zu Marßbi anzeigtt
1277 2101 1956 2192 ins bruders frouw genant Margreth
1272 2154 1947 2238 zuͦ schwarthenburg hab im das brptt hosein
1240 2209 1606 2282 unnd schuch gebenn
1289 2253 1946 2348 dem sin bruder syg ein tischmacher gsin
1270 2320 1949 2394 zuͦ schwartzenburg d hanndttworch gbernet
1259 2370 1961 2442 unnd dmnach zuͦ Oebligenn gstorben
1286 2409 1926 2512 dem siis bruders wyb hab im das
1286 2472 1764 2551 kalttirr mitt seynen abguen
1274 2506 1940 2622 Er wetttr ouch gern werch so kenn
1288 2590 1570 2663 er mitt funch
2035 479 2663 617 sen so ist er nitt ermnttlich c er
2015 544 2614 666 jemandts wyszwas gestollenn habe
2139 608 2733 756 ist zweymal lier uffzogenn ✳
2046 754 2727 902 ist usz miner g herrenn Hannc₎ unnd
2058 807 2748 953 spirtt₎ hin uber in wallis lannd gwysz
2053 864 2764 977 mitt anzöig wo er in miner g he lannd
2023 933 2572 1048 fung würd man in tod
2085 1097 2776 1214 uff Mittwuch dem xxvi l tug dorrtien
2010 1160 2715 1261 in diserm xv deü unnd fùnfftzigst₎ jar
2015 1217 2746 1310 in gegriwvùrttickeitt der frommenn ersamenn
2024 1261 2726 1345 zwysenn herrnn Petter Stùrlers unnd
2020 1318 2746 1393 Jacob Rüders beid des ratts ✳ thuring
2017 1353 2726 1429 ybach unnd bastian Hùpsthis ✳ der burgern
2031 1400 2730 1477 Untrutz Pastors groszweybels ✳ unnd der
2024 1450 2641 1523 weillenn miner g herrnn ✳ suwinlich
2017 1484 2725 1568 att diser Melchior Müller ✳ vonn
2017 1538 2622 1619 tägerwylenn ✳ der lanndttvogtt
2027 1561 2764 1670 Thurgouw beckhonnt unnd uertachenn
2024 1717 2746 1819 vor vier jarenn ✳ als ins vatters
2012 1787 2704 1867 junckfrouw ine der er angesprochenn
2018 1841 2716 1908 unnd sy beide am ergrichtt zuͦ Zùrich
2018 1875 2733 1951 als brlitt zainenn beckhennt ✳ unnd
2030 1934 2741 1987 ur gwisenn ✳ unnd ghallttenn wordenn wider
2033 1968 2695 2039 stinn willenn ✳ das er mitt iren zuͦ
2033 2008 2732 2083 ehelchen ✳ unnd strassz gan mitss ouch
2021 2056 2751 2118 wir sich gepùrtt ✳ mitt ira huszhalttenn
2026 2101 2736 2150 unnd man aber iu die in sins vatters
2024 2133 2745 2205 husz ✳ dem er gedirnett ✳ unnd gwerchett
2619 2180 2684 2230 Sy
2042 2173 2610 2241 nitt dobenn wollenn ✳ danit das
2036 2217 2715 2286 ettwan nachts zuͦ im inn der mily khon
2048 2256 2718 2331 so hieb es sich uff vin mal zuͦtragenn
2043 2301 2751 2373 als sich sy aber nachtts by im inn der milg
2045 2351 2720 2409 sin ✳ das er ira in derselbenn nachtt das
2054 2383 2687 2456 obeit gegenn dem husz ✳ darinn sy zhusz
2044 2429 2698 2504 esin ✳ by zwoyenn stein wùrffenn wytt
2042 2456 2723 2542 daruon gebenn ✳ unnd als sy underweg
2044 2490 2754 2594 ein arnfal schyttern mitt ira guon̄ ✳ hab
