4032 3024
1238 457 1920 561 uff Zinstag dem 12 Januari
1249 515 1930 617 1653 Jar, Prosentrbus her Bormgn
1247 569 1926 677 Fentsch des Rachs, her Großwey¬
1261 626 1938 740 Jastors, vnnd der weyblen gmein¬
1256 694 1335 777 lich
1302 770 1839 893 Eudi uß der Hersthaffen
1363 856 1566 946 frghurg
1241 920 1918 1040 als er gfragg ob er kanttlich ✳ das
1271 1008 1921 1089 woer jungfrowen gwuszt das
1275 1053 1939 1137 sy ettwas ghept, das er die spoben
1255 1104 1906 1190 überredt, das sy im zu das
1267 1151 1932 1246 Ir anghenckt, ver Er sy zur Ee
1271 1209 1931 1290 gnomen ✳ unnd demnach als er sty
1647 1254 1928 1299 das Irvprche
1286 1262 1948 1349 schwanger gmacht, von Iuerglu
1277 1311 1950 1406 sen styge desglych ob er kantt
1266 1362 1951 1450 lich das er einer ein kind ver
1637 1422 1734 1461 vern
1277 1416 1947 1516 gmacht die dann alhie im spi¬
1270 1470 1685 1568 al kindes glegen tc.
1278 1539 1931 1638 hatt er grantwort, syge war
1285 1608 1898 1689 habe sy einvr vnkind so da
1296 1647 1946 1752 blando heyßt und ein schumah
1291 1701 1942 1789 er ir man styg die dann orch
1228 1717 1276 1795 tl
1221 1760 1967 1860 ige vormals den kind ghept ✳ um kind
1299 1814 1936 1911 gmacht ✳ die srebig syge abhie
1304 1858 1945 1969 im spittar kindts glig₎ ✳ doch
1303 1910 1946 2009 so hab er sy nit zur eegnommen.
1854 1993 1913 2028 ont
1292 1995 1951 2100 und als ergfragt wo er die fro¬
1289 2065 1975 2152 nen hab, seige eran dabe keine
1625 2122 1843 2177 so jan genant
1277 2114 1959 2233 dann sin frouwscheig de geblt by
1279 2173 1960 2283 Iren, Er habe ouch das nithe¬
1292 2242 1946 2349 stolen sunders, finerfrouwen
1272 2282 1968 2404 bruder, so zu hansig vß der Hor¬
1297 2351 1964 2469 schafft thonouw ssschafft ✳ hab
1282 2402 1947 2527 inen in keonen sjetz ein jar
1301 2469 1965 2571 verschien geben, das sy aber
1307 2533 1973 2646 thier gar vergertt rottent
1291 2595 1960 2724 er has ouch sy Hans Frantz zuͦ
1309 2650 1842 2774 Zolikoff ein jar dienet
2024 428 2694 536 derglychen zeigt eromen an
2027 488 2712 601 Er gabe gantz menugs nitzi
2029 557 2682 655 ostoll ✳ noch kein inngfrou
2037 620 2618 719 zur Eegnomen noth auch
2062 678 2726 774 vorfeget, dann die s so sunst
2062 740 2716 836 ein metzigstin syg ouch me¬
2057 790 2736 895 mants uber kein stacherbroch
2073 860 2731 959 en noch vber die fasser gan¬
2072 922 2742 1019 den doch so solle man ime
2074 968 2727 1079 die luth so Inne fur ein so¬
2072 1046 2732 1129 lichen ußgebent vnderongen
2062 1098 2729 1202 steben deßglychen suge er vor¬
2075 1155 2727 1250 mals nit pfangen glegen, wel
2075 1211 2706 1318 wosrch gern werchen, wode er
2080 1263 2460 1360 zuwerchen funde,
2068 1320 2674 1434 Ist erstlich leer vffzogen
2076 1391 2663 1486 vnd demnach mit dem
2089 1451 2457 1543 cleien stein,
2045 1526 2718 1646 Sol ein Inmein Vrfacht schweren
2073 1611 2615 1703 Item sol dienen und wirchen
2074 1669 2170 1743 oder
2168 1663 2557 1757 a Wil In
2583 1676 2717 1753 weyfer
2078 1721 2238 1793 Straff
2085 1804 2641 1920 uff mittwuchen dem Erst₎ tag
2455 1858 2713 1968 far Presentibus
2084 1892 2388 1964 fetruarii Am 1
2112 1919 2623 2007 Hren broßw Paster Vanlißväzik
2061 1959 2703 2049 Ludwig von Schüpffeg der Bürgere
2067 1997 2509 2116 samptt ettlich der weyblen
2158 2151 2703 2273 Ist Petterehr tschennett
2164 2229 2720 2337 von Isthugg us der herr:
2180 2289 2651 2412 schaffet Erlach in der
2220 2349 2693 2467 kheffg kefy gfraget
2403 2422 2693 2522 ordenn und
2247 2501 2611 2612 hatt anzeügtt
