4032 3024
1229 427 1949 579 Mentig dem piut tag froeuaryi 1653
1219 496 1955 618 Urestntibs e schwinckartts ✳ herr geemen
1223 551 1931 658 tentschs beid der räth₎ sinon Störchli
1229 598 1937 703 unnd herr Groswi Pastor i ettlichenn
1233 655 1943 745 wyblenn hatt zu Marsli inder vmden
1226 701 1936 813 Rebenn Ludigari Schnyder vonn Surste
1234 751 1695 843 beckhennt unnd anziugtt
1237 870 1928 987 das er den zuͦ tambach umbrachtt ✳ den
1258 958 1960 1045 ùber die strasz zogenn unnd in ein groben
1246 1000 1952 1085 sworffenn gewindtt er were schon tod
1230 1048 1951 1134 unnd allso vonn im gang₎ so hatte er inn
1234 1088 1936 1179 grufftt gutt gsell gieng er wider zuͦ im
1235 1149 1951 1230 unnd seytt bist noch lebendig ges im noch
1227 1194 1935 1273 ein streich do firng ur an enndenn hab
1232 1247 1936 1326 im sry gloubenn vorbettett unnd demnach
1232 1278 1709 1362 vonn im hinweg gangenn
1704 1304 1744 1375 1
1257 1363 1955 1467 sm er hab mitt gstoclen dann ein sack
1280 1431 1528 1502 mitt forn
1268 1473 1956 1581 ei die juppenn so er hab sig ouch des
1270 1553 1955 1633 odtenn gsin er hab im sy gnon hab aber
1256 1603 1794 1678 kein getttt by im fundenn
1271 1656 1957 1755 en er hab inn stod gschlagenn wie er
1273 1721 1961 1791 vonn fryburg wider umbhin kommenn
1267 1767 1754 1833 sy zu Schwartzenburg gschen
1263 1806 1934 1902 sem er hab vier huser verberntt ✳ das ein
1263 1856 1957 1950 sge zu Bynbeng in einem kleinen stettli esn
1257 1919 1942 1990 das ander zu Bynbach sys ein dorff ✳ das dritt
1254 1965 1897 2042 zu randn ✳ unnd das viertt zuͦ Ryndorff
1256 2021 1920 2085 es sygen aber nitt fromlith gsin er heis
1263 2055 1917 2127 ouch nitt gloscht ✳ hab aber woll gsen ✳ das
1269 2104 1938 2182 sy wasser drin gschutt es sygen im eben
1273 2146 1925 2213 achtt schilling darvon wordenn ✳ unnd die
1277 2199 1921 2271 zwen so man zu einsidbenn grichtt sygen
1274 2235 1922 2311 zuw gsetbenn gsin ✳ sin houpttman heig
1280 2284 1931 2367 ghrisenn schartthin ✳ syge uff ein schlos
1276 2317 1929 2409 gsesz₎ Rindurff genant ✳ hab ghoͤrtt sag
1310 2369 1696 2467 syge grichtt wordenn ✳
1991 453 2716 588 Nin so hab er noch einen sholffenn mordenn
2020 527 2737 631 zu chumlach ettwann vor xvj jarenn ✳ unnd
2017 577 2732 679 heigenn im zwenn darzu gholffenn der ein
2000 626 2747 732 hrißt Nictaus Oggennen, vnnd der ander
1996 676 2752 772 michell tun ✳ syge im sybenn schilling
2017 717 2746 801 darvonn wordenn ✳ sy habennt nit mer dann
2019 772 2754 868 dryguldin sy im fundenn ✳ unnd sygenn
2010 815 2754 910 im sechs guldin vonn im wordenn labent
1998 871 2742 960 ain tuff loch im holtz gmachett ✳ unnd in
2011 913 2692 1017 dryn gworffenn unnd inn lassenn lis
2036 990 2766 1116 Sen so heig er nach vier mord helffenn
2038 1071 2735 1166 hun ✳ unnd heiszinte si zwenn gseckenn
2029 1116 2751 1203 sim die selbenn vier gholffenn mordenn
2002 1162 2705 1253 der ein heist michele Schupp vonn Mur
2027 1202 2737 1310 by Brenngirtte der ander holun mictaus
2008 1260 2717 1347 das ein ortt heist surszpach ✳ das ander
2030 1312 2715 1394 Zirthlidu ✳ das dritt hitzlibach ✳ das viert
1991 1373 2214 1445 Muchlibach
2065 1442 2762 1545 ist zum vierttenn matt leer uffzogen
2149 1597 2760 1721 uff frytag dem drit₎ marti
2051 1681 2763 1765 1833 fresen s meggers ✳ bendicht
2022 1730 2758 1827 frutig ✳ unnd grosz ✳ postors ouch ettlich
2029 1786 2342 1853 von der weyllen
2123 1830 2655 1934 Lus duden in der kesfy
2044 1903 2708 1996 ds hab sich zuͦtragen als er sampt
2039 1971 2755 2043 einem genant Bdrian so ime sin wot¬
2050 2010 2738 2085 thger treytt zuͦ rechhalten in fryburg
2053 2056 2717 2128 piet im wirtzhusz gsin ✳ und erandernn
2053 2102 2757 2168 als sy von wagen der kriegen zuͦ Red kom¬
2049 2143 2731 2208 mein hette er Lùx gseyt ✳ der sewere
2047 2175 2708 2254 inen zuffn die von Zürich heigiit in
2040 2212 2695 2295 irem leger gredtt ✳ wen sy hettent den
2053 2262 2724 2347 trit ✳ als wol gwunen ✳ alls woll sy inn
2054 2305 2689 2384 verkorenn ✳ so wolten sy an den beren
2045 2348 2737 2446 gratten sin ✳ darby hatten sy ouff gseit
2047 2400 2773 2493 der ber wer inen zuͦ spatt zhilff komen
2052 2442 2771 2530 dann er wolte nit mer brawlen villich
2060 2498 2752 2563 usz der ursorch das sy nit gern weltend
2054 2527 2776 2602 die andern erhünen oder zleid thun darb
2069 2573 2747 2650 hab er ouch gred die von Zürich habind den
2075 2617 2715 2696 kùnff hortz nitt welden gstünd₎n sonders
2072 2671 2731 2745 wellen den vorzug hab₎ derselbig suge
2074 2710 2316 2783 inen vorden
