4032 3024
1329 416 1936 504 Hanns Stebler dartlome
1412 475 1920 574 Tratsthis Stieffsun
1292 566 1952 678 psentib. her. N. Schwinckharts der
1314 627 1954 721 Lats. Anditt frutigs der bur
1302 691 1948 784 gern ✳ s großzw pastors ✳ und et
1289 749 1950 845 licher weiblen, was donstas
1304 803 1962 908 10. Nouemb. Sant Martins ab
1322 859 1418 946 152
1569 858 1867 958 in der Eify
1298 936 1964 1026 hat anzougt ✳ verschinnens ous
1311 996 1938 1078 stens ✳ nach dem er gwybet und
1318 1046 1961 1140 sn muttersolih der Stieff ver¬
1327 1103 1957 1188 fer nit wölle den willi drin
1318 1154 1960 1254 geln sonnders Inn hinwes ge¬
1323 1213 1898 1298 sen, aber im kein gelt
1336 1259 1943 1350 wöllen seh unnd ouch er
1341 1320 1963 1417 selbswillig von inn hinweg
1329 1380 1929 1473 ziechen wöllen, do heis er
1334 1438 1881 1520 dennocht nit an selt
1334 1466 1956 1563 khönnen wandlen, vnd also
1359 1537 1936 1637 zuer mutter die Schlüssell
1353 1589 1966 1689 zu Irem huß ghönsthen, die
1363 1649 1960 1741 sy im geben sampt andern
1349 1707 1929 1794 Schlusslen, Alß heib Er
1358 1748 1966 1850 ein trog mit dem Schlussel
1340 1812 1956 1899 darzuͦ ghorig uffhan ✳ und by
1357 1862 1978 1947 vi kronen uff das aller viles
1340 1910 1969 1997 drus gnon ✳ und darmit wol
1408 1965 1978 2062 hinwes suchen, Do heitt
1366 1994 1970 2110 sin wyb inn beredt, das er
1360 2076 1956 2170 sein mal nit hinwes zosf
1369 2122 1973 2227 sinders mit ira dan thun
1350 2174 1979 2270 e zuͦ iren frùnd₎ ganger
1349 2233 1962 2340 darnach sye er wider abher
1352 2289 1971 2378 kon und aber kein gnad
1358 2333 1961 2421 by siner muter vnd dem
1354 2395 1985 2492 Stieffvatter funden, deßhal
1345 2447 1976 2538 er gwandlet und a Eo
1346 2500 1964 2602 sten zog dienst zustchn
1356 2556 1960 2645 vff sine Handtwirck, vnd
1347 2611 1958 2707 habe allenthalben all wirt
1358 2664 1917 2781 vn die zerung zalt
2028 372 2720 512 keinen mnönsche mit ein halber
2046 438 2641 550 entragen noch entfrombdet
2036 458 2728 607 Item sin muter vnd Stieffbat
2046 547 2749 649 ter synt Im nun von Kiue
2085 606 2678 706 is vil mer schuldig
2041 664 2726 746 das er Ira gon habe
2110 707 2744 812 sy dörffen im kein solich
2058 781 2697 894 läben zunachen er wölt er
2058 823 2736 946 diesuch oder verfach sunst
2048 901 2406 1005 hain widergeben
2061 964 2736 1084 I nin 9 herrn söllent alle
2064 1042 2716 1127 die Im Spittal sind, dienst
2072 1106 2710 1189 und pfrundkhind frag ob er
2053 1151 2731 1245 vtzit wider se rnter vnd
2064 1194 2762 1300 Stieffvatter, den Spittelmist
2057 1264 2253 1335 handlet
2253 1261 2737 1360 finde es sich so
2059 1305 2531 1399 wölle er sein ernselt
2067 1376 2740 1478 Der verändernnghalb der
2079 1443 2717 1532 Schlusshlen, oder schlossen
2068 1498 2740 1591 spricht er also, vber die
2079 1555 2730 1641 Schlussel heig er kein gwalt
2075 1605 2695 1692 ghan, noch ane senee muter
2075 1662 2734 1737 vnd stipffvatters gunst wüssen
2083 1710 2747 1805 und will mie zuͦhandt gnod
2068 1762 2698 1850 dann allein wegen er im
2069 1818 2707 1909 die schlüssel ✳ selbs gch ✳ vnd der
2072 1879 2688 1963 mit gschickt kern uszzefen
2073 1933 2693 2018 ouch etwan zuͦr splipny uber
2073 1979 2682 2065 den win sunst frigen so
2180 2026 2727 2115 kein Schlussel mindert
2075 2039 2185 2103 Im
2080 2079 2714 2174 zu geb₎n noch er gept oder
2087 2150 2222 2219 rucht
2053 2146 2754 2273 Er heus aber gar mit verntruwen
2089 2228 2751 2316 noch einich schlüssel verändert
2082 2279 2745 2365 vnd wüsse auch nieman, der
2077 2334 2719 2425 die schlüssel verendert habe
2087 2386 2734 2490 Er zuget sich an alle sine mei¬
2079 2457 2733 2539 ster, hie, zu Rasel, vnd ander
2089 2503 2726 2585 schwo, das er sich verlich vnd
2062 2554 2589 2637 fromklich ghelte.
2066 2584 2745 2697 ußkan, der stieffvatter sol Inn
2077 2642 2731 2749 von im usz dem spittal thuͦn
