4032 3024
1526 555 2179 698 unnd im picartdi hab er einem
1512 624 2178 794 kriegman so vnnder sinem boptman
1496 703 2201 863 dienet ouch ꝫ batzen usz demsecel
1482 802 1685 914 Ostalen
1513 893 2186 1071 unnd ein welschen daselbs ✳ fosl
1495 974 2196 1152 gstolen unnd uff der pntem
1489 1057 2199 1227 schaf gnon unnd sumperß bracht
1518 1170 2184 1308 Ich im pycoerd als ein sie das
1522 1254 2186 1372 gnon ward hab er voreiner best
1526 1324 2202 1448 ein andren tagen funden unnd den¬
1535 1399 2165 1519 selben an des verlornen gnon
1505 1459 2165 1584 Os in s dammichs im ppargg
1514 1525 2189 1634 mit spylen vj kronen verlorenhat
1530 1592 2177 1704 unnd sy unentz wurdend haber
1535 1659 2195 1794 im gstuchel wyder daruf gegsen
1545 1741 2196 1857 vnnd die 6kroued wiser zustm
1517 1821 2170 1931 handen guon als aben der ander
1529 1896 2161 2021 In wolt darumsachen losen
1550 1972 2191 2131 hab ernn das gelt wyderglse
1519 2073 2188 2216 zu Bremphanten mnargow hab
1520 2170 2181 2288 er dem wyrts in daͤzen um ein urt₎
1523 2260 2177 2377 versez unnd dem wirt sin dogen
1528 2309 2180 2475 and dstat gnomen unnd enttag
1530 2393 2153 2536 Inkrientz in Kuerner biel
1530 2498 2153 2639 Piet haeb er vendemen hodlen
1498 2588 2177 2693 gmüt kernen joden mitt um
1531 2665 2146 2785 iy batzen kouff dat an
2265 562 2948 704 eim nit mer dan einkeonen bezalt
2249 654 2943 807 zu Viforswyl hab er einkalbfal
2274 752 2769 875 ssolin darus esz gloßt
2247 831 3006 953 Ich dasalbs einemmülerknecht ein vill
2264 898 3020 1045 eruembdet unnd um il Baselplag
2275 998 2897 1118 hatt verkonft zuͦ Sinst am
2278 1089 2933 1209 fürgang hab er ein hämbdli
2290 1198 3018 1319 ab einer stang₎ guen unnd bhallt₎
2306 1269 2921 1411 uff dyst de obgenanth
2288 1371 2969 1500 Hans eitymans vergicht um̄
2296 1457 3004 1583 Myschat hand minpr g herren
2294 1541 2969 1680 schulthls rat unnd burger
2282 1626 2968 1753 dyser eoblichen statbertt uf ein ed
2259 1715 2866 1832 zu recht brkend unnd
2329 1804 2940 1938 Gesprochen gsprochen namlich
2271 1908 2961 2021 das der nachrichter Inn
2263 1985 2887 2077 mit ruten woden vs
2266 2045 2944 2135 Schwiten, vnd sol Im
2260 2107 2892 2226 der eyd von mine g
2263 2159 2940 2277 herrn von dein stat land
2301 2224 2936 2346 und gerint ich wrde
2294 2272 2942 2410 Also wenn be daruber
2274 2360 2940 2476 darinn efriff wirrt
2271 2424 2937 2546 das  x f wall
2243 2510 2785 2635 hand, ob Im Geri¬
2248 2565 2922 2677 Rein verdietn vnd gr
2243 2629 2761 2747 Dnende gfalle
