4032 3024
1282 463 1936 594 Vff Mittwuche den vij 1 tagmeit
1211 540 1912 642 Im bi far in gegenwürttikeitt e
1228 586 1933 702 brundichet studers des ratts e groszen
1233 633 1930 730 pastors ✳ unnd der weiblenn ist zun
1219 679 1933 767 wytter gfragtt wordenn ✳ unnd als er mt
1220 724 1921 810 annders dann vor wöllenn anred sin ist
1220 775 1932 876 im wytter e₎ ✳ so vor minen g zn̄ jngssch
1225 810 1914 924 batt grebtt ꝫ vorgleß wie volgett
1281 938 1915 1042 uff Egks wirtt rechttgrotte
1265 1012 1924 1087 rodtt die obgenante heigenn inn siner
1251 1050 1903 1131 dusz znachtt gessenn ✳ da sich der wortfe
1231 1103 1932 1177 da wir arpacher anzongtt verlouffenn
1245 1141 1922 1202 doch er sye usz unnd inngangenn das
1220 1184 1930 1262 ecko nitt alles ghortt ✳ unnd verstandenn
1241 1234 1909 1311 aber ex hab woll ghortt des cappelen
1234 1274 1956 1341 friegs denck₎ ✳ unnd das lux gredtt bider
1242 1323 1930 1399 dem selbenn hatt müsse der var am rugg
1233 1377 1948 1436 liggenn ✳ unnd stunde nit mir uffrechtt
1242 1420 1938 1484 wie vor das gsechtt man woll an der mint
1238 1457 1923 1537 das der bir am Rugg₎ ligge ✳ daruff
1235 1500 1947 1585 erbtt die wirti ✳ sy hàtte des mir grachttett
1241 1549 1941 1632 wolte es gschouwenn ✳ sy hàtte dick c unnd
1237 1591 1923 1677 andre münttc. das sy ouch than ✳ aber
1245 1628 1817 1714 den Bärenn funch wir vornacher
1265 1670 1929 1760 sne er heig ouch woll ghoͤrtt ✳ das wur
1262 1719 1953 1803 sredtt die spiess heigennt in einandren
1229 1766 1952 1847 klaffoett aber marpach heig ims alweg
1256 1813 1945 1898 vidersproch unnd abgstoubtt ✳ er ouch die
1262 1860 1782 1939 zal nitt gernn vonn im ghon
1287 1941 1900 2055 Bernnhartt gigg₎ inn der klchor
1274 2022 1917 2098 uggisperg ✳ er hab ouch mitt inden die
1241 2062 1890 2148 onachtt gessenn ✳ als er gan Fryburg
1244 2101 1920 2186 imaritt gwöllenn da hrig er die anzug
1243 2160 1918 2228 woll ghoͤrtt ✳ unnd fiengenn ad an
1241 2188 1847 2274 von dem dappeldenn frig rech
1240 2232 1913 2305 spytt lux ✳ wir sind eb da im wald
1253 2267 1913 2349 glegenn wir ein zuw inn nest lytt
1245 2309 1956 2394 der nitt darff uszhin khon ✳ unnd als
1243 2353 1933 2432 die vonn schaffhus unnd ander uff
1244 2385 1927 2481 dem bergglagenn unnd die eychnen
1249 2438 1908 2525 thon unnd sy zerstortt ✳ so hannd
1256 2477 1991 2573 wir ein ordnung gmachtt ✳ unnd stùndentt
1247 2517 1973 2618 da in derordnung unnd klafftotennt die
1991 448 2696 582 Spieß zneiandern diser zug hrig aber
1993 494 2679 623 nitt grachttett ✳ ob er gseitt vonn forchtt
1998 538 2747 666 oder wir demnach redtt er druff ✳ der fir
2001 572 2753 718 heiz dotzinal nitt wollenn eraenn ✳ dirum̄
2003 647 2671 777 hatt er die fraurte vertorn ✳ das gsech
1999 686 2750 804 man woll inn der dick c ✳ unnd in der mùnt
2010 741 2725 855 ils marpach das widersprochenn ✳ brdtt
1992 778 2736 906 aux er hatte shortt sagenn er stünde
2011 872 2361 956 itt der uffrechtt
2002 948 2739 1077 Viser gegenwürttiger Lup Dudenn vonn
2004 1005 2774 1114 Losin burttig by ufendorff wonhafftt hatt
1994 1076 2679 1164 furtz verschiiner tagenn zuͦ Rechtthaltt₎
1997 1126 2716 1216 in fryburg pirtt in dem wirttshusz in
1994 1168 2772 1262 einem nachttmal nach sag verhoͤrtter kùndtschafft
2003 1219 2771 1305 unnd siner eigner beckhanntnus also grrdtt
2003 1276 2780 1352 als min x. herrnn vonn Bernn mitt den iren
1997 1317 2734 1403 in dem Cappell brieg vor dem wald gleg
1994 1369 2754 1448 unnd die uff dem berg angriff₎ ✳ syrnnt
1996 1407 2750 1480 sy vbenn da in sein wald glegenn ✳ wir vin
1992 1461 2706 1543 huw im nest lytt der nitt darff uszhin
2006 1516 2665 1596 thon ✳ item sy habennt ouch dothmall
2007 1558 2702 1647 ein orbnung gmachtt ✳ unnd syrnnt da
1998 1601 2751 1695 inn der ordnung gstandenn unnd f vonn
1995 1657 2763 1738 rorchtt zittertt das die spiesz in einandern
2006 1705 2713 1779 klaffolet item jader bar habe dotzina₎
2006 1743 2732 1828 nitt wöllenn frawenn ✳ darum habt er
2008 1788 2773 1872 die früwell verlorenn ✳ unnd mitsse sider
2000 1833 2757 1916 demselben brieg am Ruggen lig₎ ✳ unnd
2009 1883 2749 1968 stande nit mer uffrechtt ✳ wie vor ✳ das
2009 1933 2741 2013 hab er da verschuldett ✳ das gsecheman
2016 1980 2744 2062 an den dick ze unnd andrer münt woll
2022 2041 2714 2103 unnd hatt ùber warung unnd abstönb
2017 2076 2630 2154 solche rech war sin woͤll₎ beharrenn
2068 2174 2727 2274 uff somlichs habeit min g herrnn
2022 2238 2669 2319 Schuttheis bàtt unnd burger diser
2035 2271 2712 2359 coblich₎ statt bernn nach verhor des
2030 2328 2696 2411 gemelte tùvenn verzichtt unnd der
2030 2361 2715 2464 Rundtsch₎ sag ✳ vonn diser schandtlichen
2033 2423 2714 2506 schnach rechwegenn ✳ uffgeomienn
2027 2460 2732 2545 ime usz gnach unnd barmhertzickheitt
2024 2511 2715 2590 vonn sins ellters unnd kleiner kehin
