3024 4032
478 1775 1368 1893 Alß nun disere Gcamination Mahrl. Vadt
485 1861 1326 1920 oberen referiert worden, ist sy Verena
466 1904 1334 1987 Cera, dahin verfelt worden, daß neben
500 1958 1329 2035 restitution deß entwenten 9 Brocards
494 2008 1349 2094 oder bezahlung deßelben, Auch zur woll
477 2055 1339 2154 Verdienter Straff zwo Stundt inn daß
489 2115 1339 2212 trullhüßli gethan werden solle. So buuch
502 2163 1347 2272 reequiert worden Dem 19n januarii 75
490 1125 1369 1241 Eß habe auch ir mann müchel saam sy wenig
499 1196 1355 1276 vor synem todt, dur inne zue einem Wellbeumbd
502 1251 1345 1346 roht thuch kaufft, wellches sy hernach iren
481 1306 1362 1395 vier unerzognen kinderen zur aßen ze kauffen,
493 1355 1362 1463 verkaufft, also daß söllches daß irige gsin seye.
479 1434 1351 1530 Die obigen 5 ellen verkaufft zug, betreffent
490 1497 1344 1583 hat ire schwöster versprochen, nach mitlein
505 1548 1338 1632 ze trachten, daß die darauß erlößten 4 b
499 1600 1351 1678 wider ersetzt werdindt, damit sy uß der
508 1670 1359 1743 gefangenschafft zue iren kleinen kinden wider
702 1153 740 1159 pfangen etc.
502 1703 1329 1797 komen könne. Actum. 16. Januarii 16751
474 435 1399 597 Vemnach ward sy Verena befragt, ob ni
433 528 1376 649 )ein gewüße magt, ira ein kachlen voll ancken
491 581 1394 710 geben, Vermeldete sy, daß ire Stiefftochter
491 648 1369 748 so by dem Biersieder ben Rahthauß diene
487 711 1390 802 habe ira vor etwaß zeits, als die frauw Anck¬
500 753 1398 869 gesolten, im einer kachlen anckenremnen unnd
509 820 1411 953 etwaß unken darin, so etwan by einem Vierstel
503 868 1381 988 ghin, mit der frauwen verwilligung geben.
486 930 1393 1034 sonsten habe sy von keiner magt nüzit wed
497 989 1372 1111 zeuerkauffen, noch sonsten anders nüt ein¬
492 1069 745 1153 pfangen etc.
549 2395 1113 2513 Agenomne Information.
501 2460 1291 2599 Johannes Anglicker betreffent.
409 2558 1383 2672 nach dem B. G. belieben wöllen Vber
453 2600 1374 2729 dem von syten mhhrren rachtsherren im Göoffe
471 2671 1346 2780 bescheihnen anzug, wellicher maß Johanneß
468 2712 1356 2836 Anglicker, der gewaßne Stattswüther, Sam
459 2758 1363 2886 jungstuerwichnem lucrenmaritl abends by
459 2822 1354 2936 beschechnen abzug der wacht, sich gegen der
459 2879 1343 3011 selbigen ungebührlich verhalten habe.
1144 2972 1331 3054 Dero6
1542 1721 1567 1728 Erstlich mr Johannes Küpffer, daß alß sy zum
1629 1478 2541 1588 Vber den 1. Juncten nun, so da ansicht.
1629 1550 2532 1648 Den anlaß undt ursach der durch herren Sammel
1648 1610 2526 1701 Lehrberg dem linglicker versetzter Streichn
1830 1667 2012 1728 zugeten
1562 1434 1765 1443 wie vollget. .
1490 1728 2508 1845 Erstlich mr Johannes Küpffer, daß alß sy zum
1554 1796 2526 1887 Abmarsch der bim Christoffel Thor verrichten tag
1543 1852 2542 1928 wacht fertig gewäsen, da habe er gesechen, daß
1830 1728 2011 1752 zugeten
1546 1913 2538 1987 Anglicker die gaßen herauf kommen und nach
1560 1949 2535 2045 n mehren nahtsherren im gooff fürbygangen,
1532 1997 2529 2102 und selbigem weder mit huttabziechen, noch sonsten
1561 2043 2542 2153 einigen respect erzeigt, unnd abe also dien
1547 2108 2508 2199 wacht beschaüwet, vollgens sich wider gegenn
1540 2176 2496 2249 der lauben gemacht, darüberhin habe er gehört
1546 2206 2526 2285 daß hr sammel Lehrber, inne deßwegen zredt ge-
1546 2259 2535 2334 stelt und bescholten, uß waß ursachen er der wacht
1541 2300 2505 2375 unnd sonderlich dem herren hauptman kein respect
1548 2362 2512 2424 erzeige, Worüber Angliker sich ainfangs ent-
1547 2394 2523 2464 schuldiget, er habe den herren nitkent- und synen
1541 2441 2529 2519 knaben, der imme die wacht versechen sollen gesucht
1544 2499 2534 2567 hernach aber seyen pro et Contra noch mehrere
1529 2543 2505 2622 wort gangen, so daß entlichen her lehrber immen
1547 2587 2529 2669 mit der musgueten threüwt, er söll sich vortpacken
1539 2640 2522 2717 und alß er nit wychen wollen, habe er inne bin
1536 2677 2364 2770 har erwütscht und zboden geworffen etc.
1540 2760 2507 2857 mr Franz Kätscheryn der stattzierer züget
1537 2842 2523 2885 deß Anglickers anlaßes und wie er daharkommen
1535 2874 2518 2930 unnd by mhhren rahtsherren im Hooff ohne respect
1532 2926 2490 2997 vorbygangen und er vollgens vom herren lehrber
2345 2979 2501 3076 drun.
1504 453 2577 582 Dero dienern herren Großweibel Willading beuelch
1487 520 2568 651 lich uffgetragen, die jenigen persohnen, so der sachen
1542 573 2576 695 hergangenheit, wüßenschafft tragen möchten in irem
1557 616 2581 746 bericht zeuernemmen, undt darby sich auch geflißen
1543 672 2565 780 lich zue inquirieren ob er nit geredt, waß er
1553 721 2553 854 der oberkeit nachfrage? auch sonsten ze erforsch.
1551 780 2563 885 waß syn thun undt laßen, warumb er ußgetrett
1541 831 2568 941 und wo er die mittel nemme, sich unnd sein pferde
1550 886 2553 1017 zuerhalten. vollgens deß eint- und anderen halb
1557 966 2550 1054 ur g dem yebringenden bericht zue referieren
1545 1026 2541 1123 Ist sollichem also balld gehorsammer vollg geleistet
1546 1066 2543 1161 unnd hiemit über den eintanderen. Drithen und
1543 1129 2531 1214 vierten puncken nachgemelte persohnen in iren
1549 1175 2553 1271 bericht vernommen worden, welliche dan uff beschechen
1552 1233 2541 1317 ne vermahnung, die hergangenheit der sach, im
1549 1276 2529 1383 grendt der wahrheit zue erzellen, gezüget
1561 1353 1895 1434 wie vollget. .
