3024 4032
435 552 1414 730 Ess seyn wahr, dass sy anfangs anders müt
449 650 1428 795 vermeint, dann daß kindt seye todt alß sy aber
456 709 1420 861 dasselbe in dem stall aben getragen, habe sy
460 768 1401 909 da uss noch heiter wahre gesechen, dass uss dass
454 823 1399 949 mühli uff unnd zunthan habe anders Liber
451 884 1410 1005 kini Luderwertige lebens züchen, nit erzeigt
448 935 1426 1052 da seye ira in sinn kommen das kindt wurde doch
457 980 1409 1115 dass leben nit behalten können unnd wylen sich
454 1049 1397 1171 also allen seye, so welle sy ess daselbstenn
455 1106 1395 1215 begraben unndt könne hinmit desselbenn
441 1157 1412 1269 verborgner wyss abkommen unndt wann
448 1221 1369 1311 sy darüber wes gestelt unnd befragt
451 1264 1367 1379 wurde wo sy mit irem kindt hinkommen
454 1328 1406 1433 huttr sy wellen antworten uss seyn gestorben,
440 1382 1404 1493 unnd begraben sy habe auch dass kindt, sonsten
448 1424 1410 1542 andurer gestaltenetc mit handt anlegung nit
460 1496 1416 1607 töden wöllen damit wan man hernacher dass
446 1548 1393 1663 sselbe schonn finden wurde man auch derglychen
436 1601 1431 1727 zeichen an imme nits finden könte, ess habe auch
458 1663 1415 1770 niemahlen grünen noch einiche rubers stimm
451 1721 1414 1831 bim wenigste nit vonm sich gnomn, jedoch seye
442 1767 1385 1882 sy mornderst willens gewäsen, sich nachnr
438 1839 1411 1922 heimathen zubegeben unnd im fürgang, da sy
438 1885 1400 1974 neben disem stall durhin hette gehen müssen
429 1950 1417 2035 ine suchen wie ess umb dass kindtstanden undt
439 2002 1427 2079 wann sy es lebundt funden häbe, so hätte sy inss
448 2055 1347 2159 wider genommen vnnd mit jra tragen wöllen:
404 2250 1396 2389 Uff ein uszug uss dem Chorgricht Mannat der
445 2302 1390 2421 statt Gurii hub. 10. jui j. 16r ware sy
444 2357 1424 2480 befragt sy habe vor einem ehrsammen corgricht¬
437 2394 1402 2528 Hanssen Schartz vonn Erlenbacht angeben, dass
439 2444 1417 2580 er irer tragenden lybsfrucht vatter seye und Zu
443 2517 1407 2643 domahls vonn vorbemeltem Hanss Büschlen
452 2567 1396 2708 wellchen sy jntzundt dess kindts vatter zuosin
213 2611 1382 2785 st mit geredt angeben unndt nambsen thürn sy sölle die u
440 2670 1348 2810 warheit bekennen unndt dass nit dem Letzen K
905 2709 1389 2829 tt sy daruff geant
449 2792 730 2880 vatter geben.
449 2765 1408 2896 wortet, daß namblichen der erstbemelte
433 2808 1420 2973 schärtz allse l nit
443 2876 1402 3024 mehr dann einmahl unndt dass by zweyenn
432 2895 1436 3076 monaten vor bemeltem büschlen jnn unzücht sich
990 2959 1394 3061 er küschlin aber
446 3013 893 3132 mit ira vergriffen
428 3011 1424 3202 habe vill unnd offtermahl mit ira zethuon ge¬
421 3057 1412 3228 e habt, wellcher auch dess kindts vatter seye
446 3114 1405 3298 sonsten habe sy auch mitkeinem anderen me¬
428 3191 1159 3334 mahlen nützit zethuon gehabtt
429 3247 1111 3386 * alss einen ledigen gesellen, so sich
486 3234 1405 3440 hinweg inß Niderlandt gemacht etc. wellichem
1555 651 2556 780 Welliche jre jntz unndt vormahlen gethane
1598 713 2547 859 bek gntwüssen by schendit hiter bestüriget etc.
1596 761 2584 935 Gytte Jolaushyt den allmectigln erbarmend
1640 823 2608 963 gott unndt enn gnädige hacheberkeit unb
1632 917 2204 1030 gnad unnd umb verzychung.
1637 1007 2608 1168 Übernwöllehe spriher vorgedachter Elssbets
1628 1089 2600 1211 vnsche hieidrgemells gnthanns verbrechenn vnnd
1623 1136 2605 1251 mghre unnd oberen räht unnd burgeren jra dass
1636 1200 2606 1319 leben uss grosser gnad geschmikt, dieselbe jedoch
1617 1243 2632 1382 zur gnädiger straff kürig jnn dass schleinrnck
1622 1295 2626 1397 allhier erkennt worden, zinstags den 5. ropembr
1625 1341 2609 1465 auno 1612.  mit anlegung eines halssings,
1693 1758 2424 1915 Margreth Jchor alhier
1590 1910 2502 2025 Vrsene ist den 12. marti nno. 1633.
1627 1989 2484 2090 wegen zweyen bekantlich begangner
1612 2041 2481 2144 ehebruchen, nach der ussgestandnen thor¬
1627 2102 2530 2198 ggrichtlichen grfangenschafft gsatzmessig
1627 2160 2556 2263 von statt unndt landt mit dem eidt ver¬
1604 2226 1919 2312 wisen worden.
1768 2590 1809 2597 Piser Sbraham Lous ist auch wegen
1711 2433 2199 2540 Abraham Couss.
1731 2512 2246 2614 Von Rötschmptert
1595 2597 2437 2718 Piser Sbraham Lous ist auch wegen
1601 2674 2446 2772 zweyen bekanten begangnen ehebruchenn
1645 2729 2504 2826 nach ussgestanderer chorgrichtlichen gefangen
1633 2793 2490 2887 schafft vermög gesatzs mit dem eidt
1657 2850 2500 2929 vonn statt unndt landt verwisen worden
1643 2899 2525 2992 Wellicher den eidt den. 14. martii Anno. 1633.
1648 2938 2007 3030 pprastiert hat.).
