3024 4032
493 868 561 893 Verners von einem alten mann von Walck
465 466 1428 643 Item einer fraūwen Von Vnrhingen, bÿ: 150 Rle
515 568 1421 703 thuh abkaufft, darfür sy by 9 l sordert
501 622 1388 745 welliches sy also beantwortet, daß sy
501 668 1416 819 sollches thuch, vom Jra vmb: 72 f. erkaūfft
494 739 1405 874 darim sy. Auch sya Fürderlich bezahlen
512 787 722 873 wölle etc.
488 893 1407 1036 Verners von einem alten mann von Walck
479 971 1401 1101 eringen, auch 120 ellen wyßig thuch, kaufft
497 1030 1377 1130 und aber mit darumb bezalt, deßen er
502 1083 1365 1189 sich mechtig erklagt. Darüber ver
482 1134 1398 1256 meldet sy, sy habe sollches nit empfang,
493 1199 1393 1297 sonders ire schwöster, wöllindt aber
490 1242 1361 1369 Inne auch biß uff nechste Osteren ehrlich
495 1299 695 1381 bezahlen.
505 1413 1356 1531 Item vor ungefahr einem jahr habe
424 1476 1330 1597 Ulli Tschantz ein ahrmer Holltzschyter
462 1538 1299 1639 der ihnen gehollffen zur hauß zuchen,
483 1602 1310 1689 wellche sy beredt, daß er ihnen ein
480 1647 1327 1750 doblonen gelichen, so vonn ihnen bißhar
492 1695 1326 1782 nüt bekommen mögen. versprechendt
470 1744 1179 1852 Auch inne fürderlich ze bezahlen.
460 1842 1361 1974 Demnach so klagt auch deß jungen Bäntzis
467 1927 1363 2016 frauw, daß sy den Greyertze der muter
468 1988 1338 2066 und töchteren uff ynstendiges anhalten
474 2040 1312 2124 entlehndt, Namblich Ein vnder Getth,
455 2090 1311 2193 ein hauptlüßi ein umbschlaag uff
449 2141 1334 2241 würffellgattung mit dreyen bletteren
437 2205 1311 2270 welliches sy versetzt vnd also bißharo
461 2254 1323 2356 daß irige nit wider überkommen mögen.
459 2316 1328 2405 vermeldent auch dahin zetrachten, daß
443 2373 1344 2464 ira sollchs, auch fürderlich wider gelößt,
426 2427 1328 2513 unnd zuegestelt werde. Zun deme, son
447 2480 1319 2568 seye sy banzenen luth einer verzeichnuß seye sy banzenen luth einer verzeichnuß
443 2530 1254 2622 Auch noch ein nambhafftes schulldig.
417 2626 1315 2737 Item hat gesagte Häntzenen den Greyerti
393 2706 1288 2776 Auch ein ehrigen brahthaffen entlehnt.
410 2759 1281 2849 wellchen sy by herren gabriel Groß
411 2810 951 2904 Vmb 20 h. Versetzt.
1013 2944 1237 3047 Item e.
1566 1378 2526 1486 Item habe auch die Häntzenen der allten
1583 1444 2490 1546 Greyertzenen, eine thaler entlehnt, so gra
1592 1511 2002 1597 noch ußstendig seye.
1843 1375 2205 1378 Item habe auch die Häntzenen der allten
1563 549 2531 662 Item hat sy ihnen wybers gelicht ein ehrig
1600 591 2558 704 düpffi unnd ein ehrigen kasfen von beschlag.
1588 632 2570 742 ner löffel, ein baumenrantzen farb well,
1586 694 2532 801 ehellendt vomn natinen. Ein Nägeli Barbenn
1592 748 2523 826 rock ein braunen rock der röcken einen
1595 806 2550 907 hat sy gantzenen wider gelößt, daß überig
1598 866 2532 948 Aber seye alles vermög einer verzeichnuß
1594 907 2526 997 noch allezeit versetzt unnd ußstendig. sy
1583 959 2573 1050 versprechent auch, wann ir schwager Hanß
1597 1015 2540 1115 Carti von Braag uff Osteren alhar komene
1588 1068 2553 1153 werde, wie er versprochen, so werde ergelt
1598 1118 2549 1208 mit ime bringen (dann er habe ein kychenn
1594 1165 2556 1271 vatter unnd sollche versetzte sachen widerum
1588 1224 2534 1317 lösen. auch etlich stuck thuch, so er empfangen
1600 1289 1831 1374 bezahlenn.
1554 2112 1639 2135 Item Barbara Käser vonn zimmerwaldt
1584 1579 2505 1671 Verners hatt auch gendicht gallsiger vonn
1570 1653 2514 1743 Zimmerwalldt, jra 43 ellen flächsigsthuch
1571 1704 2517 1792 verkaufft, so sy imme innert 8 tagen ze be
1572 1753 2490 1833 zahlen versprochen: Darüber vermeldet sy
1584 1796 2495 1877 Er habe eß ira zum drittenmahl zum hauß
1583 1837 2524 1922 gebracht undt zekauffen angetragen, welh
1583 1886 2499 1958 ches thuch ir schwäger Hanß Carti vonn
1582 1950 2519 2024 Braag mit anderem noch mehr empfang,
1570 1983 2515 2089 so er uff nechstkünfftig ostere zu bezahlen
1571 2041 1830 2114 versprochen.
1552 2135 2457 2231 Item Barbara Käser vonn zimmerwaldt
1560 2193 2431 2294 hab auch diser Greyertzern 25 ellenn
1567 2237 2483 2325 Rysigs thuch verkaufft, so sy ira innert
1575 2293 2503 2387 8 tagen ze bezahlen versprochen, Darüber
1562 2343 2471 2443 vermeldet sy, daß ir schwäger Hauß
1577 2396 2486 2493 Carli sollches empfangen unnd auch darfür
1572 2452 2467 2545 2. B ze bezahlen versprochen, so er Ruch
1565 2507 2455 2592 Vffrunfftig Osteren vff sein Alharkūnfft
1575 2552 2028 2629 bezahlen werde.
1529 2598 2498 2722 Item einem lenderen mann vom zimmerwald
1493 2669 2482 2758 habe sy auch by 35 ellen, wyßig thunen abgee
1547 2714 2457 2813 ekaufft, vermeldet eß habe ders ir
1565 2768 2469 2856 schwäger Carti, empfangen, vnd darumbn
1559 2808 2445 2911 70. h. ze bezahlen Versprochn. So er Aūch
1565 2858 1948 2944 halten werdenec.
2087 3002 2350 3149 Do etc.
