3024 4032
515 526 1418 647 Müller auch seiner frauw und tochterswyl
545 616 1406 694 er seiner klein luben uneigentlichen stonmb
527 646 1424 743 unnd geschreyb wahr genommen gerüssen und
534 695 1364 798 mit sich dahin geführt unndt also dass
548 752 1436 857 begrabene kindt, enbendig gefunden undt dem
524 815 1432 903 selben alsoballdt nochwendige hillff unndt
534 858 1426 952 raht geschaffet, vollgnndt söllches der herr
535 904 1414 1009 schafft burgensten kundtgethan unndt uff
500 955 1432 1056 unuerwylte beschechene anstalt uff aller¬
518 1020 1417 1103 1handt gefundenn gebuhrts wortzeichenn
533 1064 1424 1170 der threnwlosen Mütter nachgeforschet und
538 1119 1432 1216 sy by miner der thurnen pfrundt, gehöt 11
524 1195 1433 1272 wrigen mooss matten nechst gelegnen mooss:
527 1228 1437 1333 schürli behendiget unndt den Freywin
508 1277 1426 1385 bal zur thurnen über dntworket, der
530 1336 1405 1443 dan dieselbe sampt irem amnach Lebunden
525 1389 1405 1487 kindt allhero zun mghren unndt obere
516 1445 1391 1530 handen gewahrsamblich bringen lassen, so
524 1493 1411 1587 vollgendts alhier in den oberen spithaltz der
514 1563 1406 1649 Yysenn verwähren zlassen anstalt beschechen
515 1742 1424 1846 Waruff dan mahrl pndt Oberen besagte
528 1820 1410 1908 Mateficantin dess ersten mahls, inn dem
527 1868 1422 1941 oberen spithal durch ehrennesten woll
502 1939 1413 2016 geachten hurnem fürsichtig undt wysen
520 1971 1422 2057 herren, hren. Beath Ludwig Berseth alss
520 2021 1396 2091 verordneten herren examinasoren dess
630 2075 716 2114 raht
522 2063 1431 2144 kleines s mit zuothuon junckern grosswei¬
525 2119 1398 2202 bels Johan Bernhards von Muralt
525 2167 1453 2257 ernstwörtig exxaminieren lassen, hat selbige
493 2220 1149 2318 vollgende bekantnuss gethan.
452 2330 1404 2490 dass sy Namblichen schon verwichnen
511 2409 1419 2518 heuwmonats wegen jres schwangeren sabs
523 2449 1426 2580 alhinr in die chorgrichtliche gefangenschaft
494 2520 1428 2636 gesatzt unnd dess vatters halben sinnes ndts
487 2569 1425 2681 kend gestelt worden, da ess dan denselbig alss
511 2613 1429 2751 Hanss Büschlen, huch vom gedachten Ladholtz
515 2667 1420 2819 angeben der sy droben jnn irer muotter
496 2744 1405 2860 Hauss beschlaffen der dohmals zwar noch
485 2787 1442 2895 unnnehelichet aber schonn versprochen wahre
509 2840 1432 2973 auch vollgendts umb denn bähler abgebüsst,
475 2927 1440 3048 Dithar habe sy hin unnd wider sonderlich ab er
492 2982 1443 3089 letstlich zur Bellpp somineren hellffen unndt
509 3046 1437 3168 alss zn verwichnen krytag acht tag s wäre
485 3082 1420 3225 frytag der h. destembr obvermelt vonn
1311 3141 1448 3211 dannen
323 1845 381 1933 1.
1591 519 2585 655 dannen widerum obsich inn irn heiimeth zu irer
1626 567 2596 697 muotter begeben wöllen, da seye sy wegen starken
1616 609 2583 736 Angenwätters daruon abgehalten, ira auch
1619 661 2589 781 dürgestalten wehe worden, das sy sich nechst dem
1619 697 2607 832 gewohnten nach Wattenwyl unnd Glumensten
1626 761 2620 885 gehenden susswägen gelegenns scheürlin begeben
1913 799 2575 903 unnd alss dess müllers hren sy
1631 853 1788 926 müssen.
1622 848 2622 974 daselbsten gesechen unnd hinweg gemandt, seyn sy
1621 899 2625 1038 wyters hinab jnn der ere von Burgisten Schure¬
1617 931 2637 1064 über ein laden hinauff inss heim gangen unndt
1621 990 2608 1126 daselbsten uff dem Heüw, ohnn dass by noch nit
1623 1056 2620 1181 Ann der zeit zesen vermeint kindts genäsen.
1619 1114 2601 1244 Unnd nachdem dass kindt einwyl neben ira
1616 1154 2605 1282 gelegen unnd aber kein stimb noch murckzent
1634 1206 2606 1327 deß Lebnns vonn sich geben, selbiges ab der
1629 1268 2595 1387 zuohin herab jnn den stallgetragen unnd neben
1635 1316 2627 1425 der schwellen nur ein Lucktlin gemacht, daß kindt
1623 1378 2635 1486 daryn gethan selbiges mit Strauw und heüwblind
1623 1414 2617 1529 bedacht unnd drüberhin fortgangen uff
1632 1465 2605 1608 eigentlichs befrag nin, ob sy by dem kindt gar
1619 1528 2608 1645 hein leben gespihrt, ob selbiges nit etwann
1617 1587 2616 1708 gewenet, oder sonsten sich gerichet habe, hat
1621 1646 2638 1771 sy keineswügs gestehen wöllen, dass es weder
1615 1697 2640 1807 gewinnet noch sonsten etwelliche empfintlig kind
1627 1770 2621 1865 vonn sich geben habe dann wan uss jm geringstem
1622 1804 2630 1923 etwass derglychen gespichet woll nit uff disere
1624 1866 2627 1971 wyss gehandlet hatte Befragt uss wass
1616 1926 2589 2032 ursachen unnd zuo wass endt sy dz kindt alda
1618 1984 2629 2064 vergraben unnd wylen uss irem burgeben nach
1627 2037 2628 2107 todt gsin nit etwan lüth beruffen unndt
1640 2093 2628 2180 selbiges geziügt Hat sy kein andere ursach
1627 2154 2626 2230 anzinen wöllen, alss dz sy nit besser bsindt
1636 2195 2624 2299 gsinn, ouch vor schmurtzen unnd wylen sy etlich
1629 2249 2612 2328 tag lang nichts wariis gessen unnd nur ait
1593 2296 2562 2387 wasser und brodt sich erhallten nit gewüsst
1630 2350 2607 2430 wass by gemacht, seye jra woll so leidt, dass
1619 2397 2617 2481 jr glüc nit besser gsin hat auch denn keuwen
1628 2467 2618 2536 mit wemende rugen bezüget unnd darby ver¬
1577 2491 2621 2589 eremelldet dass kindt seye jra sonst intz lobs und
1619 2554 2595 2626 welle imme siim lubtag desto bessers thun unnd
1630 2603 2608 2703 ira z'nächst ein lehr sein lassen, hat duch nit
1631 2654 2611 2760 gestechen wöllen dem kindt einen steini uffs
1630 2736 2568 2822 angesicht gelegt zuo haben unndt gesagt, dass
1618 2778 2631 2867 wann jnn einer gefunden worden, inne unwässent
1646 2831 2637 2920 mit dem ghüder unnd früwblümbd, daruff ge¬
1620 2881 2047 2963 zzogenn haben müßte.
2258 2880 2576 2965 alss sy druch
1649 2912 2586 3023 befragt worden, warumb sy hernach disere
1649 2980 2628 3062 schüren guittiert unndt jnn ein andere sich be¬
1632 3042 1755 3114 guben
2008 3036 2605 3120 hat sy geantwortet, sy
1624 3086 2623 3177 habe zueuor inn derselbigen ein rock und etwass
2426 3156 2632 3237 gwandts
