3024 4032
511 337 1433 526 Alß aber sy die fr und magt der zeit hil
529 416 1422 563 befragt worden, wan eß gsin seye, daß er m
531 462 1433 621 und er Stüßi mit einanderen, wie obgene
527 529 1408 649 die Eisch im sackt genommen, habendt sy zen
522 571 1414 710 Anfangs vermeldet, eß möchte umbwi
503 625 1430 773 machten gsen sein, Alß aber sy sich eringn
500 691 1418 817 ret, daß man damahls schann gartnet ver
503 753 1423 887 melldeten sy, eß möchte ungfahr im Mertzen
534 808 1414 934 oder umb osteren gsin sein. Da die magt
528 876 1420 999 Auch angezeigt eß seye einmahl so valt
526 926 1399 1047 ghin, daß die Fisch ubernacht im schäfft
518 985 1339 1111 gefrahren unnd gantz wyß gewäsen etc.
878 1720 982 1724 von den zihnigen Knppffen Elber, So von dem
515 1105 1409 1238 Nach dem auch die fr sampt der magt be-
512 1189 1415 1305 fragt worden, ob sy dan auch nit gehört
518 1243 1389 1358 daß am sambstag vor dem neüw jahr imme
519 1302 1377 1396 Schär und Heggi, so vill Fisch-wegkommen
528 1354 1401 1471 seyen, vnd nit wüßen, war sollches getha¬
488 1407 1407 1514 vermeldeten sy, sy habendt sollches woln
516 1476 1389 1562 vernommen und gehort sagen, war aber
542 1526 1414 1637 sollches gethan habe, mögendt sy nit wüsen
525 1582 1403 1677 Aber ir mann seye domahls nit darby
514 1644 725 1726 gsint.
498 1724 1391 1843 von den zihnigen Knppffen Elber, So von dem
502 1810 1377 1901 Schopffdächli by der Nydegg wagkommen
510 1856 1383 1960 habendt sy Allerdings mit wüßn wöllen
514 1946 1398 2059 unnd letstlich ist auch sein Stüßis Frauw
517 2019 1392 2116 Madlena Schuppach beschickt, und befragt
508 2074 1388 2172 worden, ob sy nit auch der sachen halbe
515 2133 1408 2226 etwaß wüßenschafft habe, hat sy anders
511 2184 1384 2273 mit wüßen wöllen, dan waß ir mann
506 2237 1377 2363 schon albereit der heimbgebragnen
507 2285 1381 2398 8 oder 5 Fischen halben vermeldete.
491 2344 1394 2474 zeigt darueb km alß die weibel sam
485 2406 1375 2535 rstags den 29. augusti am herren abendt
508 2448 1403 2593 den poßtert by deß gottengrebers jorl
496 2508 1402 2643 gruners hauß- gesucht, habe er inne mit
498 2561 1395 2704 harten betheüren verlaugnet, der doch in
501 2632 1084 2756 synem hauß gsin seye e.
469 2784 1387 2922 Ist hiemit Abermahls nüt anders ze¬
436 2839 1362 2971 vernemmen, noch inn erfahrung ze brin
477 2899 1330 3054 gum octer 7. septembr auno 1674
1789 465 2391 594 Rudollff Bagellstein.
1837 594 1891 606 Rudollff Bagellstein.
1575 577 2578 709 Alßnun Rudollsf Hagellstein, auch mit
1590 651 2564 765 vorgemeltem Daniel Stüßi wegen geklagter
1603 703 2553 836 Fisch dieberey in gefenckliche verhaffung gethan
1607 759 2578 888 worden, hab derselbe uff ernsthafftes ermahnen
1583 809 2583 935 Die warheit zu bekennen vollgendermaßen die
1584 857 2557 1005 hergangenheit, so ime bewußt, umbstentlichen
1611 907 2583 1056 erzelt unnd bekent, alß er vor ungefahr 14
1610 974 2571 1109 tagen den gantzen tag in herren bachman deß
1596 1025 2556 1153 jungeren hauß geschriben, seye er nach dem
1587 1076 2538 1187 nachtlßen, inn sein cosament, alß inn seinem
1595 1121 2545 1241 Stußis hauß heimbgangen unnd sich zur ruhw
1605 1181 2568 1300 begeben wollen, undt auch albereit srev sihue
1593 1243 2562 1339 unnd strumpf abzogen gehabt, da gange er noch
1587 1290 2573 1414 ungfahr- umb 10 uhren zum fenster hinauß
1608 1340 2569 1468 zesechen, da seye drunden im garten mr Hanß.
1599 1391 2567 1528 Rudollf Posterth der gerber unnd imme zuege
1598 1448 2559 1570 ruffen, er sölle herabkommen, wölle ime etwas
1601 1505 2545 1618 sagen. alß er Hägellstein herab gangen, sagte
1588 1569 2546 1678 Poßerth zue imme, er sölle mit imme, sy wollind
1598 1618 2568 1735 uber daß floßschiff, er aber habe mit darmit
1607 1673 2553 1771 söllen zueschaffen haben, da seye er Poßert mit
1613 1731 2557 1825 einem diel uber daß floßschiff gangen unndt
1592 1785 2568 1891 habe nit mehr, dan zwen Fisch alß ein bleth und
1604 1843 2559 1941 ein Tryschli, so ungefahr by 4 hz möchten währt
1588 1904 2548 1987 gsinn sein, uberkommen, habe sollche heimbgetragen.
1574 1943 2556 2048 unnd zur imme Hägelstein gesagt, wan er marn
1601 2001 2525 2098 wölle die fich hellffen eßen unnd ein maß
1594 2060 2549 2127 darzue-zahlen, so sölle erkommen, er aber habe
1607 2111 2476 2190 nit gahnen wöllen, unnd hiemit darvon mit
1597 2165 2543 2250 genoßen. Eß habe auch er Poßerth inne
1589 2210 2524 2281 Auchscham vor vier wuchen zur derglychen
1596 2267 2535 2346 hendlen anmahnen wöllen, habe aber nit yn
1577 2333 2545 2414 willigen noch mit ihmme gahn wollen. Daruff
1594 2375 2526 2468 er zue ihmme gesagt, er sache woll er förchte
1595 2423 2529 2520 sich, sonsten seye er niemahlen- dan diß eizige
1595 2482 2528 2579 mahl byderglychen sachen gsin. Waß aber
1585 2536 2538 2635 den Stüßi betrifft, seye er unnd Poßterth offt
1587 2593 2514 2673 mahlen by einanderen gsin unnd habind vill
1592 2650 2516 2746 gemeintschafft mit einandere gehabt darin
1596 2704 2535 2795 sein poßerts dre dersachen halben mehreren
1594 2762 2171 2848 bericht, werde geben könne
1567 2804 2537 2902 er habe auch von gwüßen persohnen, so vor der
1590 2867 2517 2958 Reti ußen gestanden gehört sagen der Poßert
1591 2918 2511 3007 habe gesagt der Stüßi seye so woll schulldig
1601 2970 1880 3055 Alß er etc.
2366 3018 2513 3111 Vnnd etc.
