3024 4032
496 328 1416 518 Verners, ob sy nit auch vor etwaß zeits uß
501 402 1412 572 herrn gaudars hauß, ein ehrigen haffen entwent
515 458 1394 603 sollches hat sy gentzlich verlaugnet und nit
490 518 856 605 gestehen wollen.
463 604 1368 794 Alß auch fra fürgehalten worden, daß sy uß
483 705 1365 845 herren Bogdans hauß uß der underen stube
482 771 1383 900 vor etwaß zeits ein dackbeth entwend
488 819 1401 970 sagt sy, daß sy eß selbsten nit genommen san
478 879 1394 1006 der ein gewüße fr deren name ebeten
490 931 1395 1070 seye an der matthen gewohnt und alß man
479 976 1394 1110 die hindersäßen vertriben, seye sy auch uß der
485 1044 1379 1166 statt vertriben worden, habe sollches dackbeth
478 1094 1373 1232 jra zeuerkauffen geben, wellches sy Auch
469 1158 1367 1272 einen schumacher obenthalb der Crynen
470 1216 852 1293 Verkaafft habe.
467 1340 1376 1475 Waß Auch verners fur Zedel-vonn Vnder¬
461 1418 1376 1516 gschidenlichen örthen vonn verlahrnen häffen,
479 1474 1385 1583 Juhnigen geschir, vnd anderer sachen halben
461 1527 1399 1637 yngeben, unnd sy darüber befragt worden,
473 1585 1390 1697 hat sy Lubern alles verlaugnet vnndt
476 1636 1354 1738 nützik gestehen wöllen, mit vermeld, daß
470 1699 1372 1795 ire widerwertigen und sindt-alles waß
470 1771 1381 1846 hin- und wider gestohlen worden, jetzundt uß
473 1813 955 1908 sy welbn wollen. etc.
465 1902 1407 2009 Bund, wiewoll sy theils bekanter undthels
464 1989 1370 2070 nur ußt zue vilen urgwohn begangner
461 2041 1365 2125 diebstählen uff mahrl genelch, ann die
459 2087 1388 2180 Marter geschlagen. Auch ungeacht, daß jra
455 2143 1383 2229 gantz ernsthafft zuegesprochen wordn, die ware
454 2185 1377 2290 heit zu bekennen, ist sy jedoch genzlichen
464 2253 1374 2351 by Irem vorigen furgeben verharret, vnnd
451 2292 1364 2377 Also anders nützit bekenne wöllen. Actum
448 2339 1330 2446 Den 16. und 20 januarii anno 1675
448 2439 1343 2559 Den 21. januarii 1675 ist vorbemelte
446 2490 1377 2622 Huberin, uf oberkeitliche gnad zue wolle
418 2548 1379 2663 Verdienter Straff, anderen zum eeempet,
438 2618 1375 2733 Inß Schallenwerck-mit einem halßring
445 2691 861 2793 erkent worden.
450 2446 501 2452 Den 16. und 20 januarii anno 1675
1672 441 2518 567 Beppna dera von zolligkhosfen
1524 567 2578 731 Alß dan durch Borbemellten Mehrl. Beim,
1552 632 2574 771 licher Bernhart Mey jetzgemelte auchgfencklich
1543 691 2568 800 verhaffte Verena Dera gantz ernsthafft vermaat
1556 745 2560 872 worden, die wahrheit ze bekennen, wie eß mit
1562 794 2568 908 den entwenten 9 ellen Brocard, so herren Bonr
1563 854 2548 968 geois genommen worden, hergange seye. Hat sy
1554 923 2550 1016 darüber angezeigt, wie daß ain verschinnem
1563 960 2539 1071 sugien-mährit sy unnd ire schwoster Cathry
1545 999 2529 1117 Cera mit einandere alhier inn der stats zum
1560 1053 2547 1174 schifflüthen ubernacht gsinn, da habe ein frömde
1557 1105 2553 1214 frauw mit einem großen niderländerhutt, dise
1575 1159 2548 1272 1. Ellen zug, ira geben zeuerkauffen, welliches
1551 1205 2546 1301 sy zura von ira empfang unnd vollgens morn
1548 1249 2521 1355 derst herren danid Sturlers frauwen umb 4 l
1544 1303 2515 1408 verkaufft, Unnd wylen die fr Stürleren
1548 1354 2544 1472 Ira Anfangs nit mehr. Alß drey thaler darinn
1551 1407 2531 1522 geben wöllen, hab sy ira gesagt, sy könne eß
1557 1438 2559 1566 darumb nit laßen, daß zug seye nit ires sonder
1558 1519 2515 1616 einer gewüßen fr also daß sy ira nach
1560 1565 2541 1673 10 h uff die dreythaler geben, unnd etwaß
1536 1622 2527 1729 undenfür dem leügen uff einem kasten gezelt,
1558 1670 2535 1762 Da jra ire schwöster-by dem metzgeren ge
1542 1740 2510 1820 ewartet unnd villicht woll gesechen, wie ira
1552 1779 2544 1869 daß gelt geben worden. Alß nun sy der frömd
1560 1835 2539 1902 frauwen dise erlößten 4l gebracht, habe
1556 1877 2535 1959 sy ira daruon 5 h zer lotz geben unnd wan
1552 1923 2491 2001 sy uffkünfftigen mey-mährich Alhar komme
1558 1959 2541 2036 wölle sy dieselbevoll bekant machen, damit
1541 2018 2544 2095 wra auch daß irige waß sy jetz deßorts eyden
1546 2068 2547 2155 unnd ersezen müße widerumb zuegestelt werde,
1687 2135 2203 2245 Vffgenomner Bericht.
1531 2252 2524 2379 Alß eun Cathrs Cehra ire scwöster, deßorts
1517 2349 2524 2413 umb beraht vernommen worden, sagte sy, daß in am
1556 2386 2524 2474 bemeltem lucien Mährith, sy unnd ire schwoster
1538 2441 2512 2510 zum schifflüthen by einanderen ubernacht gsin wär
1535 2491 2524 2553 Aber sollches züg ira zeuerkauffen geben oder wann
1542 2525 2518 2606 sy eß verkaufft, könne sy nit sagen, mornderst
1540 2593 2483 2667 aber alß ire schwöster, undenfür dem Leügeen
1550 2622 2540 2721 mit irer einer fürnemmen frauwen geredt, waß aber
1549 2670 2501 2775 oder worumb seye ira unbewußt, sy aber habe
1526 2723 2528 2823 irer schwöster Verena by den Mezgeren gewar¬
1542 2775 2423 2875 tet, anders könne sy keinen bericht geben. etc.
2270 2909 2529 3034 Demnachetc.
