3024 4032
733 398 1411 581 Sarthlome Burckis vor
722 508 1389 648 ghemels, ist synenthalben
737 572 1442 724 Auch deß Tags Bor Myhr 1h
710 635 1420 767 unnd Burger vollgende Vrtheilt
751 694 1076 774 ergangen etc.
454 777 1409 950 Wylger diser arme einfallige und noh
425 866 1417 1024 Under synen Jahren Verhaffte Junge Gesell von
503 930 1417 1083 obnermeltem synem elteren bruder glychsen
482 997 1406 1124 ubermeisteret; undt zun der that, mit wider
491 1068 1395 1184 willen, uß forcht er möchte sonst-von synen
500 1123 1424 1253 bruder geschlagen werden, So er auch ußbracht
478 1183 1415 1317 vndt bekent, Ist synethalben von Mahrl Räst
491 1251 1420 1384 und burger erkent worden, daß er droben
484 1316 1402 1429 In der gefangenschafft, durch die Bättell,
460 1367 1411 1483 vögt biß uff daß bluth zne gar gnädiger
488 1435 1406 1538 Straff geschmeizt werden sölle. Im Vber¬
481 1499 1396 1607 wirt mahren den räthen uberlaßen, wohin
497 1565 1420 1676 diser Arme gesell- gethan erdn könne, dar,
470 1634 1411 1739 mit deßorts allerley ergernuß verhütet
508 1684 835 1803 werde.
625 2097 1275 2222 Deichaus Big Bor
693 2183 1091 2286 Oiggißwyn.
468 2312 1380 2438 Diewylen Nichauß Willdi von
319 2381 1411 2499 Weggswyl sich mit zweyfachem ehebruch
493 2451 1410 2571 beflecht Luth yngelangten Chorgrichtlich
470 2494 1402 2634 vortrags. Alß ist derselbige vermöge
476 2567 1401 2699 gsatzes nach ußgestandner chorgrichtlich
482 2617 1368 2757 gefangenschafft von Mahl der statt
486 2690 1382 2808 Bern Landt- vndt gebiett mit dem
483 2717 1418 2878 Eidt verwisen worden. E. Actum 3. Maii.
1183 2785 1413 2890 Ao 16747.
1702 497 2327 664 Miche vnd Bendicht
1757 615 2288 728 Rigonal gebrüder..
1599 1625 2556 1730 Waß dan den anderen auch enthaltenen
1598 1710 2547 1792 Bartzer vom Frienisperg gendicht Rigonal, syne
1602 1766 2531 1824 bruder betrifft, ist zwar derselbe nicht so sehr
1606 1802 2553 1884 alß der andere, jedoch deßen beschulldiget, daß
1600 1860 2548 1949 nicht nur für sich selbsten nachts, sonderen auch
1610 1918 2532 2008 yne kinder gehartzet, darneben auch der
1596 1972 2551 2037 bericht geben worden, daß sy Rigonal landts
1588 2015 2516 2100 frände seyen und uß mangel anderer mitle
1594 2088 2528 2147 daß hartzen continuieren, vnd darmit sein Nah¬
1572 2118 2518 2212 rung suchen werde. Alß habendt Ir G.
1585 2167 2535 2270 gutfunden, daß auch er mit eidtlicher ver¬
1577 2221 2524 2308 wysung uß dem landt geschaffet, neben obigem
1584 2289 2523 2371 synem bruder zur statt auß geführt, aber
1588 2334 2472 2413 mit schmeitzen imme verschonet werden sölle.
1582 2381 2551 2474 diser jenelch ist exequiert worden den 21. maii
1581 2435 1807 2510 Ao 1674.
1570 692 2533 848 Diewylen Michel Regonal, der einte¬
1585 771 2520 885 droben enthaltene hartzer, von Bümplitz, die
1593 821 2559 942 hievor an imme-vonn verpottnen hartzenswegen
1612 885 2539 995 gewente Straff der LandtsVerwysung, nach
1609 947 2538 1049 der underem 20 aprilis 1659 erhaltner
1591 1003 2533 1115 widerbegnädigung, an imme anders nichts
1590 1058 2540 1169 fruchten laßen, dann daß er an verpotnenn
1593 1117 2527 1219 örthen mit hartzen widerumb großen schaden
1609 1173 2541 1281 gethan, wie ir g uß deß junckern Groß
1579 1232 2532 1315 weibels vom muralt relation in mehreren
1588 1289 2548 1391 verstanden. Alß habend ir g deßelbenhalb
1593 1342 2553 1450 hiemit erkent, daß er ußgeschmeitzet unnd
1587 1404 2548 1517 uff eirighin mit dem eidt von statts vnndt
1591 1459 2187 1566 landt verwisen werden sölle.
