3024 4032
334 898 410 962 der
474 568 1412 754 Item eß seye zwar jr mann ein zeit lang
1394 568 1403 574 habindt in kösticher sahrung, Spyß unndt
1206 568 1214 571 tranck kein Vberfluß getriben;
464 652 1415 814 kranckmütig gsin, habendt jedoch cilzeit
486 719 1442 862 Vndt noch ein gsellen gehabt vndt gearbeitet
485 766 1415 915 und also ire haußhaltung, wie handtwerk
479 832 1408 983 büthen gebührt, durchgebracht, unnd des
490 895 1395 1035 sy magt einiche wegs gesagt habe, daß sy
487 951 1399 1086 nit bekennen sölle sy wölle fra dan, Ir
489 1006 1423 1151 leben lang guts thun, vernemet sy sollches
474 1067 812 1164 gentzlichen.
458 1147 1408 1313 hat also mhhr examinator diser persohne
476 1210 1391 1333 bekantnußen, undt waß mit denselbenn
479 1270 1364 1376 fürgenommen worden, ir da abermahlen
478 1332 1389 1438 referiert, vndt deroselb Verneren Beuelchs
478 1383 1347 1484 erwartet. Actum 7. Febr: Anno. 1674.
371 1446 1376 1558 N. By der examination wahren auch juncker
473 1517 1369 1622 Andreß- undt Wollffgang vom donstetten
473 1566 1058 1667 und hr. Ullrich Sscher etc.
449 1742 1368 1857 Nach dem uff ir d Beuelch, die magt
449 1836 1388 1905 Barbel Meyer zum anderen mahl, daß eint
463 1883 1371 1974 mahl Lähr, unnd zum andere mit einem
457 1936 1398 2027 angehenckten stein, vnndt deß frölichs
455 1984 1381 2092 frauw, auch ein mahl lähr uffgezog worden.
442 2043 1380 2116 habendt sy beiderseits nützit Wyters be¬
431 2090 1395 2172 ekennen wöllen, dan daß jänige, waß sy schon
458 2139 1389 2219 hieuor bekent, da dan die magt Auch ver
417 2193 1363 2272 meldet sy wölle daruff tärben, unndt
440 2237 1375 2327 genäten, vnndt hiemit sollches ann der
433 2286 1347 2394 Marter erhalten Den 12. dembris 1674
490 313 1423 512 daruon bim wenigsten mit gewüßt, sagt al
491 381 1410 568 habindt in kösticher sahrung, Spyß unndt
499 447 1217 568 tranck kein Vberfluß getriben;
395 2422 1375 2533 Bber mehren examinatoren Stürlers hüt,
405 2489 1378 2590 etige Relation, waß durch die anbefollchner
400 2529 1356 2630 maßen angewente Marter Wybers uß
406 2595 1362 2682 den verhafften diebenen zebring gewäsen
410 2635 1372 2739 habendt ir zu erkent, waß die tochter
392 2678 1389 2793 und magt betrifft, daß dieselbe ußgeschmeider
407 2726 1394 2845 unnd Vollgens mit der Mutter, Eidtlich deß
393 2793 1362 2902 Landts verwisen: Der Vatter dann synem
384 2851 1328 2967 wyb unnd kinden nachgeschickt werden
1215 2917 1358 3012 doch .
1620 317 2643 546 hoch ihme zue richtig machung syner sachen 14 tag
1617 390 2637 591 termie vergonthyn, vnnd er darzue Allenn
1627 426 2617 643 mit ihmme synem wyb-undt kindn uffgeloffne
1616 496 2576 711 costen abtrag solle, Deßen jr juncker
1600 549 2608 762 Großweibel unnd hr grichtschryber dahim
1611 602 2545 796 verstendiget werdent, daß ir noch hut
1627 658 2644 848 disere urtheil, ann den verhafften exequie
1617 722 2618 898 eren unndt volltrecken ze laßen wüßnnttc.
1616 811 2270 965 Actum 17. febr anno 1674.
1739 1314 2421 1481 Cristen Wenher Bon
1845 1405 2286 1529 Btendorff.
1532 1529 2546 1673 Diser Christen Wenger hat Luth Ghor
1853 1529 1883 1532 Btendorff.
1502 1608 2528 1729 degrichtlichen vortrags zweyen wybs persohnen
1506 1673 2518 1786 die ehe versprochen, vnnd sich von der einten
1581 1731 2538 1845 verrüffen laßen, wr übersuun derselbe
1576 1797 2553 1923 nach ußgedienter gefangschafft, nach zyner
1567 1872 2537 1975 Wollverdienter Straff, Eidtlich von Statt
1554 1934 2589 2049 und landt vtlrschen worden de hmartii 1674
1693 2276 2506 2397 Abraham Schmidt, der Schw¬
1700 2352 2300 2437 macher Burger alsier.
1579 2437 2527 2560 Diser Abraham Schmidt hat in höchster
1503 2457 2527 2630 nennigkeit mit seiner haußfrl geläbt und sich so
1561 2557 2534 2676 off mit duchen und schweren vergeßen, daß ein
1547 2604 2545 2716 ehrsamb chorgricht synethalben beduhrlich zue
1551 2656 2575 2775 villoffmahlen beanrühwigkt worden. Und wyle
1549 2720 2601 2850 An imme ungeacht villfaltige ersthafften vermahnens,
1564 2749 2559 2887 keine beßerung sich erzeig wöllen. Ist vollgens
1536 2792 2593 2949 Vber beschechen Anzug, zu merivierter Straff,
1553 2861 2590 2999 uff oberkeitlichen beüklich, mit dem eidt von
1548 2909 2579 3071 jr h statt undt landt verwisen worden. Den
1570 2973 2077 3097 21. febr Anno 1674.
