3024 4032
610 503 1294 647 Elsbeth Gheseh
732 616 1295 713 Eiminal Froces.
435 731 1389 870 Ssbal Gott Beresereht Ssbal Gott Beresereht
555 814 1354 919 synem heyligen göttlichen wort
555 868 1372 967 sin wudt Wider, die hurerey Und
537 927 1394 1022 ehebruch alss ein söllche unrenngkeit undt
542 972 1396 1077 unzucht, so ein treuwel vor synen heiligen
539 1029 1441 1126 seinen augen ist, darum er auch sollche schwäre
552 1079 1420 1194 sündt sehr urnsthafft verpolten undt duch
539 1130 1419 1221 zur aillen zeiten hoch gestraffet, wie die
550 1177 1419 1298 schrifft wysst ess werde kein huorne noch
539 1232 1403 1328 ehebrucher dass rych Gottes erehrbeii, die
541 1279 1395 1372 laster der Hurey undt ehebrunh werden
526 1326 1406 1433 under die gezellet, deren Shäter inn dass
540 1375 1400 1470 rych Gottes nicht kommen werden wass
542 1430 1423 1526 vam auch abschnuchlicher synn dann wan der
527 1469 1422 1581 meüschen synen lyb alss ein gefess, so Ggott
528 1536 1418 1634 der herr zur synen hrn. ehren nach synem
527 1580 1448 1693 kbenbilldt erschaffen zur einem tempel undt
529 1619 1448 1740 hufess allür bösen gelüssen zur wohnung der
526 1673 1428 1784 greüwlin sünden undt lasteren machet
519 1724 1420 1834 wellches dan eben dem lendigen Satan stath
518 1777 1432 1874 undt blatz gibet, den meüschen von einer
524 1825 1445 1921 sündt zur anderen ja Auch zur mordthaten
513 1874 1429 1973 zereitzen vnndt als desselbi lertz leider
521 1925 1423 2010 by disen lebsten betrübten zinten dirmassenn
521 1974 1408 2054 verherbet, dass der in sünden verstocrten
521 2028 1406 2114 meüschen gefunden werden, die sich an iren
515 2074 1437 2162 eignen bleischen vndt bluoth vergessendt, unge¬
522 2127 1418 2212 acht Gott der herr vonn Anfang alss einmi
506 2180 1443 2276 schöpffer aller dingen nach syner unerforschlichen
509 2231 1418 2329 wyssheit den elferen die liebe gegen ihren
497 2285 1436 2388 kinderen dergestalten yngepflantzet undt be¬
511 2340 1449 2438 follchen dieselben zun den hn. ehren ires schöpssug
502 2393 1421 2493 uff zuerziechen sy zur Lieben zuerhalten unndt
505 2444 1435 2545 vor aillen widrigen unndt verderblichen bugegnussen
508 2498 1443 2611 zurbeschirmen, win dan ruch sölliches an dem
477 2534 1445 2661 unuermüssigen und willden thrren uss der nathur
495 2594 1439 2714 gägen jhren jungen selbsten für dieselben sorg zuo¬
490 2640 1420 2783 tragen, zusechenn, undt angelagen ist, geschicht
503 2705 1413 2846 nun sollches ann den vernunstlosen unnd willde
505 2756 1430 2876 ccaturen wie villmehr wirt dasselbige vom
488 2825 1427 2944 den nathürlichen meüschen unndt gethrauwenn
488 2848 1449 2989 Ellteren erforderet, denen sonderlich die hinder
492 2900 1440 3030 alss ein theinere unndt warte sylag von dem
485 2956 1430 3113 aller höchsten glychsamb zun threüwen handen
1065 3005 1435 3097 under den ellteren
492 3050 1063 3148 annerthräuwet werd
487 3051 1416 3213 Aber ist sölliche liebe sonderlich den mütteren
1305 3119 1417 3191 zue
352 1148 452 1249 O2 6.
295 1173 347 1241 9.
309 1354 451 1433 gal. 5
245 3100 430 3181 Epues 6.
263 3177 343 3244 14.
1499 729 1713 836 Cha 49115
1734 519 2625 669 zur dem eidt yngepflentzet, dass sy ungnacht
1702 576 2622 696 Willfaltiger sorg müy undt ahrkeit irer
1739 614 2640 746 kindnnem pflegen unndt theeüwlich wartenn
1747 663 2643 784 sölle. wie dan Gott dir hurr selbsten solchen
1735 704 2652 836 muotterliebe, dortur by dem prophet Thria
1725 768 2637 894 geduuckent, da er Grägswys durch den mundt
1725 808 2653 946 dess prophet also spricht, kan tuchein mutt¬
1719 874 2650 1008 jres kindts vergessen dass sy sich nit erbar¬
1704 925 2649 1043 ome über den sohnn jhres lybs, ungeacht
1736 984 2661 1095 dessen aber wurden linder by disen letsten
1716 1036 2640 1146 verkürten vnnd bösen zenten söllche unbarm¬
1718 1082 2647 1219 hertzige ellferen unndt muteren auch under
1724 1141 2641 1262 denn christen selbsten angetroffen, welliche
1713 1204 2631 1329 iren nathürlichen kinderen unnd ursgebahrne
1719 1254 2637 1368 lybsfrucht unmuterliche vürgessendt unndt
1725 1310 2637 1414 derselben wann sy im finssuren oder allem
1714 1360 2617 1474 iesem vermeinendt, uss anstifftung dess
1714 1397 2652 1514 leidigen schnüffels ab zekommen underfangind
1686 1462 2662 1566 wie dan die besruffznags wurdige erfahrung
1725 1516 2657 1646 unnd dissmahlige thraurige eeemeret, der
1705 1585 2654 1697 vor rügen stehenden wybs frsohn unndt
1711 1646 2657 1758 Malefucantin Elssbeth Meschi guugsamb
1733 1721 1961 1807 bezüget etc.
1688 2062 2637 2161 Nach dem Leun befägte Elssbeth useschi
1725 2117 2649 2214 uss dem Ladholltz der killchöri Frutigen den
1739 2173 2628 2265 13. Septembrs diss156 2n. Jahrss gegen dem
1738 2228 2644 2318 abundt, in der wollldlen enc. hre von Burger
1742 2271 2642 2370 stein kleineren morss schürlin by der Gougk¬
1741 2323 2653 2435 heren gnd. vonn dess Müllers gren und töchter
1734 2375 2641 2477 daselbsten inn thieffem heüw steckendt er¬
1742 2441 2626 2530 sächen unnd wyl jra so übel und wehri
1733 2490 2648 2600 wegen ires gross schwangeren lybs, da dann
1732 2545 2631 2645 nachnr den hrüseren zurgehen vermandt
1748 2606 2628 2696 worden, die sich drüberhuos wyters hinab
1723 2648 2640 2755 inn gemelter hren vom Gurgisten grossen
1730 2708 2639 2806 mogss schüren gemacht unnd darinnen selbig
1748 2757 2628 2869 tags undt Abendts ungefahr umb 4 ehren
1740 2803 2605 2903 kindts genäsen unndt daselbsten in dem stall
1742 2858 2629 2956 darinnen der müller sein vych habe, inn ein
1739 2913 2642 3003 gemachtes grüblin zwüschen der thuren undt
1734 2946 2637 3052 der schwellen vergraben unnd mit heüwblind
1741 3001 2650 3114 verdücet und einbugefahr 2 oder 3 pfundigen
1740 3039 2642 3159 stein uff seinen köpffli ligendt noch morgens
1742 3084 2641 3205 Alss sambstags den 24. Septembr obstaht vom
2427 3183 2559 3258 den
