3024 4032
553 462 1351 625 Sxamination, Mr Johannes Anglicker
596 534 1324 674 vnd sein Ehefrauw, betreffendt,
383 585 1332 723 Cads dem B. G. durch anbenollchne
1313 625 1345 636 Sxamination, Mr Johannes Anglicker
425 668 1343 798 Information, deß gewäßnen Stattwuters, Jo¬
445 719 1334 831 hannes Anglickers, Lebwäsens, und anderer
454 777 1363 917 yner verübter ungebühren halben, ybleüffi
458 838 1358 964 verstendiget worden, habends vollgens dieselb
428 881 1368 1017 ur g mhhre rahts herren im Gooff, deßer
441 955 1370 1082 zur einem herren excaminatoren verordnet, und
432 1013 1373 1127 mog oberkeitlichen Benelchs- sub 31. Decembr.
422 1078 1346 1193 Jungsthin, inne anglicker, undt sein Frauw
430 1141 1372 1272 wegen großen verdachts begangner ungebühren
443 1211 1329 1319 ernsthafft zu examinieren, vndt grundtliche
449 1266 1341 1396 beschafftheit zuerforschen, Vollgens sollches
440 1327 1354 1439 ur g zue referieren. Dne vollg nun
455 1394 1379 1487 sollches gnädigen demelchs hat in hr gcaminator
432 1453 1366 1572 Nach den alle hinder imme Anglicker in synen
446 1504 1354 1602 hauß befundene schrifften, brieffen Hanß
449 1580 1361 1675 bücher undt rödel flyßig durchsucht worden
435 1638 1357 1732 gedachtem Anglicker, inn die gewohnete
450 1691 1333 1798 ecamination-Stuben beschickt, denselbenn
446 1755 1316 1846 ernsthafft ermant, Gott dem Herren die
453 1820 1353 1901 ehr ze geben unnd die warheit seiner begangen
429 1883 1345 1978 inen Mißhandlungen vnnd ungebühren ze be¬
427 1924 1319 2016 kennen, damit er uff erzeigende Reüw
443 1991 1299 2083 auch desto mehr gnad erlange möge.
353 2123 1364 2231 Alß ist erstlichen imme vorgehalten worden warum
434 2192 1360 2276 er, Nachden ihmme sein erzeigte ungebühr durch
424 2241 1336 2347 herren lehrber vorgehalten worden, seinen tägen
437 2298 1350 2378 abgehollt und uß bösem willen vermeßner
440 2349 1331 2453 Wyß der wacht nach im abzug uff dem
430 2400 1340 2500 herren lehrber zuegeyhlt unnd also großes
434 2451 1353 2547 unglück angeheben gesucht Hat er ver
411 2502 1365 2608 melldet alß er sich am Luegen Märit Abendts,
430 2560 1351 2652 by bescheihnen abzug der wacht sein gebühr
435 2614 1368 2721 derselben zu erwysen ubersecht, Er habe zwar
427 2675 1325 2780 selbigen tags auch under mhhre raltsherren
415 2722 1335 2824 Im Hooff die tagwacht gehabt selbige
419 2752 1350 2878 Aber einer bewußten persohn verdinget,
430 2807 1356 2926 wylen er mit synem schwager, wie auch mit
415 2854 1346 2986 Hanß Flühman zue rechnen gehabt, Auff
361 2913 1309 3054 dem abend, da eß schon zimblich dunckel
1162 2976 1349 3058 wahre.
1536 500 2482 627 seye er mit synem knaben dahim gangen zuesechen,
1537 577 2469 674 obsein wächter demme er den lohnen geben vere
1521 613 2475 731 handen seye oder nit, und wylen er nit seine
1539 663 2478 788 schulldigkeit, wie sen söllen, mit gebührender
1537 710 2526 837 ehrerbietung unnd huth abzüch gegen mhhre haupt-
1516 781 2519 891 man unnd der nacht erzeicht und daß er, so er
1524 822 2496 952 hachbetheüret dem herren nit gesechen habe. seye
1516 866 2503 990 Alßbaldt herr samuel Lehrber mit hart worten
1525 917 2485 1041 Ann inne gewachsen, angriffen und herdtfellig
1534 978 2515 1097 gemacht darüber er heimbgangen seinen tägenn
1525 1022 2506 1160 gereicht unnd sich widerum fürhin. In die lautzen
1517 1092 2520 1229 etwaß obenthalb dem bähren begeben, umb inne
1522 1176 2492 1286 herren lehrber zu befragen, warumb er innen
1522 1207 2495 1337 Also andastet habe, seye jedoch inn keiner bösen
1528 1273 2500 1394 meynung beschechen, wiewohl er zwar synen tägen
1524 1333 2516 1456 ußzorn und widerwillen gereicht, dannoch nit
1530 1386 2504 1502 vorhabens gewäsen, weder imme herren lehrber
1531 1431 2505 1564 noch jemandts anderen, Vnheil- oderschaden Zue¬
1518 1491 2526 1621 ze führgen müße aber bekennen, daß er deßorts
1549 1557 2511 1674 verfählt bätte derowegen umb gnad vnndt
1549 1631 1823 1729 verzychung
1495 1784 2486 1896 Demnach alß er umb seinen vtritt, vnd verlaßnung
1534 1860 2476 1949 seines diensts der Martenen anzehangen
1514 1911 2496 2007 der ursachen befragt. vermeldete er, daß
1533 1960 2493 2055 er auf einzeit alß er gahn oberwangen
1532 2011 2490 2110 geritten unnd inn der wihrtshauß einem
1541 2064 2495 2166 trunck gethan, habe er domahls die Martene
1529 2117 2501 2200 Auch daselbsten alß zum ersten mahl angetroffen
1512 2176 2511 2258 wellche inn mang Kreüseli rohtstranck gehabt,
1515 2225 2496 2316 ime daruon yngeschenckt, vnnd zetrinckenn
1546 2276 2512 2365 geben, so er auch alß ein angenemb- vnndt
1525 2326 2458 2399 lieblich tranck genommen, daruan er aber so
1529 2371 2496 2452 thollunndt trummelhafft worden, daß wan er
1529 2433 2495 2518 uff sein roß gestigen, vermeint sich wider nacher
1538 2478 2498 2544 nacher hauß ze begeben, seye er an der andere
1532 2532 2501 2629 syten wider abgefallen, vnd Also nit fortkommen
1521 2591 2485 2671 können, sonders drußen zur wangen ubernacht sein
1524 2650 1701 2738 müßen.
1549 2760 2477 2863 um anderen mahl, habe er sy abermahl vnr
1517 2825 2510 2917 gfehrt zur Sensen angetroffen, jedoch weder
1534 2882 2492 2981 deß ersten nach anderen mahls nützit mit jra
2320 2968 2509 3070 zethune.
