3024 4032
489 441 1358 588 Verners ward erbefragt, uß waß ursachen er
505 516 1365 638 synen zunamen veranderet Anßat Anglicker
514 567 1377 695 Annker gesetzt, unnd zur seinem thauslahn
490 646 1390 761 Johannes nach Joseph hinzue gethan beantwren
476 691 1356 795 tete er sollches also sein einter götti habe
496 743 1363 847 Auch also geheißen, Deß zur nammens aber
491 799 1376 919 habe er sich niemahlen anders Alß anglicker
494 859 1374 985 genambset, eß seye in der Sruckerey, Im
499 931 1362 1047 synen recepten der dahler geschoßen worden.
444 1049 1369 1199 Alß er Anglicker auch vber gewüße duh
486 1126 1352 1251 brieffen, so die fr Freyherrin von Barrang
491 1193 1347 1292 Alß eine wittib, imme Alhar gahn Bernn
498 1240 1338 1354 zungeschriben, wie die überschrifft ußwyße
494 1304 1350 1412 darinnen auch underschidenliche brieffen, und
485 1362 1350 1478 Zedeli eingeschloßen sindt, befragt worden,
497 1430 1346 1531 wie els darmit eine beschaffenheit habe
501 1492 1357 1591 und ob er nichts mit ira oder irer magt
495 1554 1344 1647 ze thun gehabt, wylen sy sich und ire
499 1616 1354 1699 magt, darinnen jahr mächtig erklagendt
504 1665 1356 1766 daß sy also verlaßen werdindt, wie ihmme
485 1721 1356 1809 bewußt, daß sy sich kümerlich bereden
488 1772 1336 1886 laßen wöllen. Hat er daruff angezeigt
501 1836 1341 1932 und vermeldet, daß dieselben brieffen
497 1889 1342 1976 wiewoll sy imme zurgeschickt worden.
481 1948 1357 2041 inne nicht angangen, sonders er habe solche
482 2002 1324 2094 einem steinmetz ant Hanß von Sucern
492 2047 1344 2150 so sich byseiner alharkunfft zur Fryburg
485 2106 1333 2196 wie er vernommen, aufgehalten zuschicken
504 2153 1327 2246 sölle, wylen die frauw nit gewüßt
467 2206 1324 2298 Wo gesagter Steimnetz, anzutreffen seinen
483 2276 1349 2348 möchte, dan er habe mit gesagter dramw
473 2314 1335 2404 Freyherrn, noch mit irer magt mit unr
448 2364 1334 2451 bührliches ze thun gehabt, trage deßhalb
469 2436 953 2520 ein guth gewüßen.
421 2547 1279 2658 gefragt, ob er nit auch geredt er seye.
442 2615 1341 2709 hievor ein diener der oberkeit gsin, diß
455 2676 1328 2759 mahlen habe er keine Oberkeit mehr,
449 2728 1320 2821 er habe auch hievor vor persohnen dem
465 2776 1327 2866 hütt abziechen müßen, die jezuudt vor
455 2821 1318 2919 imme den hutt libzmhindt. hat er sich
468 2873 1332 2954 darauf weinendt bestürtzt, sollches jemahe
458 2918 1323 3024 geredt ze haben, gentzlichen verneinet,
1119 2992 1293 3093 vnnd etc.
1489 482 2505 617 unnd gesagt, daß sollches von synen binden har-
1548 544 2496 658 kommen müße unnd sonderlich seye der weibel
1548 593 2496 712 höres ime alzeit grammen, wyl er auch daß
1558 638 2505 769 hauß, so er anglicker kaufft, kauffen wöllen
1537 724 2490 864 letstlichen vermeldete er, ime hertzlich Leid
1552 804 2499 902 seye, daß er sich mit der martenen, die imme
1563 854 2498 951 sollches angethan, so sehr mit unwenschheit
1560 926 2501 1012 befleckt, dan er sonsten mit keiner anderen
1564 962 2523 1068 sich jemahle vertrabt, seiner so groß begangnen
1558 1015 2522 1106 Sundt, in deren er sich hochst vergeßen bätte
1558 1064 2514 1157 er gott den allmechtigen unnd ein gnädige
1549 1117 2436 1223 oberkeit umb gnad- und verzychung
1718 1384 2496 1478 Barbel Bergerin syn Anglickers
1716 1447 2454 1552 Frauwen, Examination, vnd Ge¬
1784 1516 2027 1579 kantnuß.
1542 1603 2517 1702 Bollgens ward Auch Barbel Berger von
1544 1663 2478 1766 Merzligen deß ampts Rydauw vorgemelts
1542 1715 2510 1811 mr Johannes Anglickers ehefrl befragt umb
1546 1768 2495 1865 die hergangenheit- und beschaffenheit der
1557 1833 2498 1916 sachen unnd ob ir mann anglicker nach
1552 1877 2467 1965 syner abbüßung mit der Martenen nicht
1546 1929 2494 2022 widerumb wie zueuor gemeintschafft gehabt.
1540 1983 2490 2075 aber sy vollgens darüber angezeigt, daß sy
1532 2038 2499 2125 irem schwäger zue Straßburg, etliche mahl
1553 2094 2482 2173 zuegeschriben, nachzeforschen, ob ir man sich
1541 2146 2491 2227 wyters by der martenen uffhalte oder wo
1541 2190 2501 2271 er seye, daß er sy sampt iren kind also im
1553 2234 2497 2333 dem mangel sitzen laße, sy seye vorhabens
1535 2287 2495 2361 inne verrüsten ze laßen. Da habe ir schwager
1553 2341 2490 2427 vermog verhandener Brieffen, Ira zurgeschriben
1553 2397 2497 2491 daß die martenen nit mehr verhanden, man auch
1544 2439 2496 2551 nicht wüße, wo sy seye. Der schwager Ange
1526 2496 2479 2600 licker aber, halte sich by bewüßten companegen
1538 2550 2479 2640 Auf unnd züche seiner knuft nach. Also könne
1541 2602 2496 2691 sy deßorts keinen anderen bericht geben, Vnnd
1531 2655 2477 2741 Alß er letstlich widerumb alharkommen, habe
1534 2713 2492 2765 er nit mehr, dan ein thaler unnd ein pferdt mit
1535 2752 2482 2827 sich gebracht habe auch niemahlen kein gellt
1517 2808 2505 2883 Also daß er die haußhaltung zeuersech überlaßen
1538 2866 2439 2925 unnd müße einenthalben, wyl er hier mit
1535 2914 2491 2978 seiner knust mit überkomme, in schullden gerahten
2353 3004 2490 3090 biß etc.
