3024 4032
474 899 512 909 Alß sy befragt worden, ob dan sy selbs nit
485 416 1387 551 daß sy eß in der frauw Sombachin hauß
503 488 1394 629 genommen. by wellchem sy eß gelten laßen
478 546 1418 678 sy bekent auch, daß sy in der tochter
502 605 1388 726 wog, dreü gulldene KetsiRingli, bin¬
502 661 1411 773 gelt gesechen, ire tochter habe vf be¬
490 726 1393 844 fragen, wo sy darmit harkomme, gesagt.
508 786 1004 884 habe sy gefunden etc.
473 909 1405 1021 Alß sy befragt worden, ob dan sy selbs nit
502 986 1387 1078 Auch gelt- und andere sache uß der frauw
500 1032 1381 1128 Combachin hauß getragen. vermeldet
504 1091 1405 1189 sy, daß sy mit anders, dan uff ein mahl
492 1148 1398 1242 zwey mäß mähl so die Barbel Meyer
504 1183 1426 1320 In ein seckli gethan, vndt Ira geben sg
490 1259 909 1361 getragen habe etc.
485 1394 1381 1502 Waß aber für synwaht uß der frauw
506 1470 1395 1556 Combachen hauß, in ires manßhauß
494 1522 1404 1615 gefragen worden, habendt sy beide Barbli
511 1574 1394 1672 eß fra gesagt, seye aber der frauwen
498 1628 1391 1731 auch widerumb zuegestelt worden, sampt
487 1691 1321 1794 den zweyen silbernen gächeren etc.
484 1815 1413 1932 Im überigen habendt sy all drey persohn
436 1883 1416 1976 enen, heiter vermelldet vndt Angezeigt
481 1947 1377 2027 daß der man alß mr Johannes Frolih
475 1991 1407 2095 vonn disen handlungen, so ihnen leidt seyen,
488 2046 1409 2142 ben wenigsten niemahlen nützit gewüßt,
479 2107 1392 2199 habe unnd sy eß imme auch nit sagenn
484 2162 698 2249 dörffen.
471 2224 1370 2334 Ist also diß eramen den 6. febr amno
495 2294 1284 2383 1674 mahl deferiert worden.
473 2453 1323 2579 Dramination Wegen Bor¬
548 2533 1339 2641 gender persohnen verbrechen.
419 2615 1387 2751 Aach dem mahr undt Oberen
435 2696 1413 2799 uß der so woll schrifft-alß auch mundt,
453 2756 1419 2872 elichen excamination von mhhren lugherren
454 2812 1389 2893 Stürleren wegen der in der oberen gee
446 2864 1393 2980 fangenschafft, verhafften wybspersohnen,
1243 2946 1400 3030 Der
1589 437 2580 557 der frauw lombachenen entwenten golldt und gelts
1581 501 2599 610 undt anderer sachen halben uff mhhren examina-
1587 545 2579 656 itoren gantz ernstliches zuesprechen, deroselb gethane
1593 599 2585 713 gekantnußen den 7. fecbr angehört undt verstand
1593 650 2585 760 und also ann ire versprechungen undt ungnugsamme
1608 730 2586 809 bekantnußen nit kommen können, wylen die frauw
1605 776 2575 886 Lombachenen vill mehr verlohren ze haben, klagt etc.
1581 812 2539 929 Derowegen ir g vermög schrifftlichen benelchs
1598 858 2580 985 anbefollchen, dieselbigen mit der marter (doch lähr
1608 916 2575 1022 usfzrechen undt becken ze laßen, ir herzzeruhmen
1602 979 2588 1075 die warheit ze bekennen undt ire gethane diebstahl
1593 1018 2575 1146 Anzegeben vndt zeuermelden, vndt Also sich deß
1594 1073 2574 1186 einten undt anderen ires Läbwäsens vndt wandels
1589 1155 1906 1243 zu erforschen.
1539 1278 2546 1409 zu Bollg nun ir B. Beuelchs ist der auds Ber
1541 1342 2556 1468 haffte mr Johannes frölich der tischmacher befragt
1594 1407 2540 1520 worden, wyl er sampt synem gesindt inn dem auff
1613 1447 2562 1554 seyen, daß sy mit spyß- undt tranck- und täglichen
1565 1502 2568 1594 woll läben nun einkeit dahar sich sehr ergabenn
1582 1554 2557 1646 undt wohar die mittel kommmidt, wyl nun ein zeit
1588 1599 2490 1685 dahar wegen syner lybsincommoditet, wol by
1575 1651 2571 1738 zweyen jahren lang, er nit vill ahrbeiten können
1600 1698 2546 1779 undt ob er nit auch von den diebstählen, so sein fr
1595 1755 2505 1833 und tochter begangen und inn synen haußgebracht
1583 1800 2564 1873 worden seyendt gewüßt, derselben genoßen oder im
1582 1847 2555 1935 syne haußhaltung verwent worden seyen. vnndt
1583 1895 2567 1977 ob nit auch die zwey hinder imme gehabten golldt
1571 1959 2558 2025 estuck, alß ind doblonen undt j zwifache ducatenn
1561 1988 2570 2082 von den der her lohmbachene entwenten golldt
1583 2040 1875 2098 harkome etc.
1687 2112 2542 2221 mr Johannes frölichs verantwortung
1562 2221 2550 2304 Vermeldite Er daruff, daß Ime hertzlich leidt
1579 2287 2538 2374 seye, daß die synigen sich also schlechtlich verhalten,
1555 2331 2536 2425 dann er inn der warheit daruon im geringsten
1571 2378 2563 2472 nütit gewüßt. Die erhaltung dan syner hauß
1569 2425 2569 2508 haltung beträffent, habe er dieselbe nach synem ver
1552 2479 2550 2547 1mögen versächen, undt mit synem handtwerk vom
1572 2525 2532 2599 zeit zu Zeit gute lidlöhn verdienet, neben den
1568 2574 2562 2656 daß er auch uß synem heimeth ußen Zürich gebiethn,
1551 2619 2558 2695 von den synigen etwaß mittel erehrbt. So habe er
1559 2670 2547 2761 Auch von junckern vom Kunitz sel deme erlebstlich
1565 2723 2541 2804 daselbsten by vierthalb jahren lang sampt zweyen
1571 2769 2556 2848 gesellen geehrbeitet, neben Spÿß, vndt tranck, nach
1571 2822 2547 2912 beschächner rechnung by 150 l empfangen et.
2301 2912 2475 3015 ame.
