3024 4032
367 619 412 714 8
346 993 408 1053 3.
307 1352 383 1418 10.
322 1574 389 1690 11.
296 2022 391 2122 12.
323 2435 396 2492 13
318 2852 398 2920 14
475 616 1345 727 Item habe sy sich auch mit einem eheman
475 684 1417 772 namens Jacob Kauffman, wihrt zur Schuman
472 729 1402 817 heren jun thun zweymahl, zum ersten im
473 780 1380 880 Schangnauw vndt zum Anderen mahl, im
477 827 1398 931 hochen-Maad, inn deß Zieglers hauß, inn
471 883 1043 992 Vntmuschheit verthrabt etc.
466 955 1350 1082 Item abermahlen mit einem eheman gennt
473 1032 1374 1142 Hanß Risen dem wäber in der statt thun, sich
455 1089 1400 1186 in seinem hauß mit bleischlicher uezucht-dreü
467 1137 1367 1252 mahl vergangen, by wellichem sy sich drey
455 1193 1398 1299 wuchen lang dienstswys ufgehalten. Diser
470 1250 1416 1372 hab auch- nach erstem bericht vom thim abbüset.
436 1320 1393 1463 So habe sy lediger wyb, sich in der Madle losen¬
471 1410 1415 1506 eggern hauß, auch mit einem eheman gnnt Hanß
448 1481 1420 1579 lahner zu Thun mit hurey befleckt, wellcher
474 1529 931 1603 iderhar gestorben.
443 1596 1374 1715 So hat auch dise tirnen bekent, mit einem
470 1681 1403 1778 zeman Hanß Linder ziegler zu thun, inn
453 1732 1373 1841 deßen matten, sy eine zytlang haußheblich
447 1790 1393 1900 gewohnet, zuu drey Vnderschidenlich mahlen
473 1861 1382 1949 sich in seinem hauß-vor einem jahr, mit
445 1915 1390 2018 hurey vndt Ehebruch befleckt zehabenn
446 1999 1399 2116 Item mit Hanß Stucki von Opligen einem
457 2073 1407 2177 eheman, so nach in läben zun zweyen mahlen
451 2131 1383 2231 Im steinoß zwüschen Röthenbach unndt
443 2185 1356 2282 Schangnauw, vor Vngefahr- Vier- oder
453 2242 1401 2342 Bünff jahren, mit hurey unnd ehebruch sich
445 2334 815 2431 vergangen.
449 2397 1381 2515 Item vor Vngefahr Sechzeichen Jahren, mit
452 2472 1398 2571 einem eheman gntt Conrad Singring vonn
452 2547 1400 2621 Willden nethi, alß sy by ime zur hauß
450 2583 1405 2704 gum, habe sy sich offtmahlen mit imme in
462 2651 1405 2749 urkünschheit vertrabt, wyl er ihra für-
444 2693 1420 2834 geben, er könne syner fr nit genoß werden.
483 2786 1398 2926 So habe sy sich auch mit dem statthalter
447 2862 1416 2971 frutiger alß einen eheman zu Gillterfün
447 2913 1405 3030 zue der zeit da der erste Baurenkrieg ge
453 2969 1396 3088 wäsen, in deßelben keller sich mit uezucht
435 3029 1420 3137 vergangen diser frutiger hat sich luth bricht,
449 3095 1398 3204 schrybens von oberhoffen vorzehen tagen hin-
446 3185 873 3266 weg gemacht.
1519 1221 1588 1298 16.
1518 1754 1583 1815 18.
1540 2199 1616 2275 15
1551 628 2559 728 15. So habe sy mit landers sohn Michel Ryser
1652 686 2586 805 Im Adelboden ampts Trachsellwaldt hurer
1646 728 2597 863 getriben unnd by imme im unehelich kindt
1646 778 2571 908 Im zoll- gezüget, so zur worb gestorbenn
1613 831 2630 968 unnd begraben worden seye. Wie bericht geben
1649 898 2554 1031 worden. ist diser michel Ryser vor sechst
1640 945 2628 1074 jahren unuerheürahtet ußem landt gezogen
1645 1008 2632 1123 sy seye auch noch ledig gewäsen und habe vo
1640 1059 2501 1180 den tähler zur thum abgebüßt.
1628 1163 2623 1300 So seye sy Auch by Peter Böschmalter, vom
1632 1241 2643 1348 ollternen unnd syner tochter in einem betth
1646 1298 2646 1414 gelegen, da habe die thochter, die vorhabende
1646 1364 2628 1487 that, mit irem vatter ze thun verhinderet
1521 1460 2641 1577 17. Item mit dauid Schaller, so unuerehelichet vor
1626 1519 2626 1625 ungefahr dunff jahren in deß Hanß Risenn
1626 1582 2642 1692 hauß zur Thum-zwey mahl- sich mit hurey
1629 1659 1918 1743 vertrabtc.
1632 1719 2643 1831 So hat auch Johnas Rütthlinger ein witt
1645 1782 2619 1892 ling, selbs fregwillig bekent, dzs er Inn
1627 1852 2611 1945 zynem witttligstandt vor ungefahr einem
1628 1898 2631 1999 jahr inn synem hauß, alß sy imme wäber
1624 1957 2583 2062 g gebssacht sich mit ira verthrabt ihr
1637 2011 2634 2106 habe st sy abby ih dyßer nit gestendig
1636 2066 2603 2159 mit vermelden, sy habe mit imme nit
1631 2121 2041 2223 zethun gehabt. etc.
1637 2175 2590 2301 Vereiges vermeldet dise Maleficein
1637 2251 2576 2355 deß   h ein eßes
1631 2315 2597 2404 Mensch, deßen namen gra unbekant seye,
1631 2369 2620 2468 etwaß gelts entfröndet vnndt ira ge¬
1613 2420 2567 2531 egeben nacher Häßli ze tragen, da seye
1640 2486 2617 2586 sy zue Burgdorff gefencklich angenomen.
1619 2545 2593 2647 Vnnd da sy doch den diebstahl selbsten nit
1631 2609 2602 2704 gethan, von daselbst mit dem Eidt Ver¬
1616 2678 2626 2786 gwisen worden, Eß seye auch daß enbfröm
1619 2753 2599 2848 edete gelt denen so eß genomen wordenn,
1615 2802 2261 2892 wider zuegestelt worden.
1646 2881 2539 2968 unnd obwoll sy gewüßer diebstahlen
1648 2940 2538 3027 beschulldiget worden, So hat sy jedoch
1641 2990 2397 3094 daßelbe gentzlich verneinet. etc.
2296 3146 2507 3231 Alß
