3024 4032
481 623 1422 766 halb uss der wiegen gezogen, demselben mit
478 689 1440 825 der scherpffe dess Biels vier streichen gegeben
488 752 1409 877 den 4. über die btern durchs gehüen den 2
478 810 1412 925 uff den rechten Backen den 3. uff denn
489 867 1424 997 Lincken underen Kinbacken undt den vierten
477 927 1381 1049 inss genck also dass dz heuptlin vonn
479 991 1405 1106 Ann dem hallss hangen mögen wie dann
482 1049 1426 1163 die hurgangenheit allur circnmstantien¬
485 1134 1412 1221 nach sich leider schröckenlich also befunden.
476 1182 1441 1287 nach diser grausammen that, hat sich diselindts
466 1242 1390 1333 1mördnem also balldt Fürs Hans hinauss
482 1314 1388 1418 begeben, eine gäblin daselbsten genommen
469 1373 1427 1482 unndt sich darmit biss Ann den Schallenberg
472 1433 1413 1543 inn die dlucht begeben, alss sy vonn ge¬
454 1504 1391 1587 wwüssen persohnen ersechen worden der
475 1562 1395 1666 meiung daß sy wahnfrung undt nit
484 1622 1394 1732 by richten verstandt seye, entrunen *
463 1703 1403 1784 habindt sy selbige zun ruck geführt und
481 1747 1399 1843 söllche grausame that, die sy selbstennd
463 1799 1378 1902 bekens Ann disem antlybten irer
472 1867 1416 1965 lyblichen dochter Kindlin begangen zuehaben
459 1925 1408 2042 gefunden wie dan die blutigen zeichenn
462 1983 1386 2117 ann jren henden undt Bürthuch sollches
459 2064 1444 2158 bezüget, sy vollgens nacher Frienisporg¬
453 2111 1383 2236 geführt unndt jnn verhafftung genommen
454 2167 1404 2292 worden, waruber der herr vogkli
461 2207 1431 2344 daselbsten, m ghre unndt oberen berichtet
467 2295 1420 2413 unnd vollgens uff dero gnädigen beurlch hin:
454 2348 1410 2490 sy alhar inn die obere jefächenschafft
446 2421 1164 2558 gewahrsamblich geliferet. etc.
408 2560 1381 2700 Garuff dan myn gnädig herren
447 2624 1391 2743 unnd oberen brafft daro hub. 17 und 18.
461 2673 1410 2818 Uprilis Marit dise Malefuantii über diss
449 2747 1393 2896 jr unmenschlich verbrechen durch die wöll
458 2806 1370 2975 edlen, ehrenunsten, wollgeachten, frommen
458 2868 1410 3033 fürnemen, fürsichtigen unndt wysen herren,
442 2918 1395 3083 herren Geörg Sunger, deß täglichen nahts,
432 3000 1366 3150 vnndt verordunten herren examinatoren
449 2558 467 2565 gewahrsamblich geliferet. etc.
1622 621 2606 786 eherrn Boltor Bogdan, hren poctor kung junckenn
1457 695 2582 868 * grosswirtshan Burnhart vonn Muoralth unnd junienrn bell bell
1641 758 2594 873 Almpander vom Wattenwyl beid dess grossen
1634 812 2612 954 mochts undt anditur ir gn. gemellichen gemass
1656 873 2572 984 ernstwörtig inn der Rudient stuben im
1639 926 2575 1049 Keffithurn examinierenassen, die dann
1640 976 2608 1102 uff ernstliches zuespruchen Gots dem hurre
1637 1043 2602 1179 die ehr zugeben unndt die wahrheit jrer
1644 1099 2577 1238 begangnen gruüwlen vnndt mißhandlung
1643 1164 2575 1290 zebekennen, dardurch desto mehr gnad, jnn
1611 1210 2583 1361 verzychung irer sünden vonn Gott unndt
1644 1267 2599 1404 einer hochen oberkeit zuerlangen, vollgend¬
1640 1337 2587 1465 mässen ire versicht unndt bekantnussenn
1635 1442 1884 1533 gethan. etc.
1950 2783 1994 2786 So Bermelldet sy auch, daß ungenaht
1611 1539 2590 1662 Eestlichen alss sy befragt worden wa¬
1641 1618 2577 1695 wumb sy ein sollche grausamme mortthat Ben
1626 1677 2574 1763 disem irer tochter kindlin gethan unndt
1635 1733 2579 1837 wer sy darzun angereitzt ob villichter
1642 1779 2577 1874 ire tochter, oder tochterman sy zum zorn
1644 1844 2577 1944 gereitzt, oder etwass leidts gethan habind,
1634 1906 2591 2003 hat sy darüber vermeldet, dass sy ira nüt
1633 1964 2597 2054 anders dann Elluss Liebs unnd guots gethann
1634 2036 2582 2126 ess seye ruoch sonsten daß lindlin ira lieb
1645 2081 2553 2168 gsin, aber der leidige Sathan habe sy
1639 2139 2562 2236 darzun angereitzt söllches zebegihenn seye
1631 2214 2557 2293 ira leidt sy aber könne nit mehr gutss
1648 2254 2581 2345 thuon unnd gethrauwe der böse ieiss seyn
1618 2311 2542 2394 jnn ira man sölle jra dass haupt nemmen
1642 2351 2553 2443 seye nit währt mehr uff erden zeläben
1625 2415 2552 2500 mit vermellden, alss sy dise grausamme that
1642 2460 2541 2563 begangen gehabt seye sy mit der gäblen
1642 2525 2563 2600 dem Schallenberg zuegangen der meinung
1642 2592 2552 2679 sich nacher Frienispurg zebegeben unndt
1637 2637 2591 2741 dem herren vogt daselbsten die that selbs an¬
1639 2693 1939 2786 zegebenn. e.
1606 2786 2585 2887 So Bermelldet sy auch, daß ungenaht
1643 2865 2590 2956 vor zwäntzig jahren jress manss ser unehlich
1640 2914 2572 2998 kindt ungefahr von 6 jahren alt so : 2e7
1639 2967 2599 3062 daß wäßer allziit inn sein bettlin habe gehen
2458 3047 2597 3133 lassen.
1639 2786 1651 2791 zegebenn. e.
1495 1578 1600 1672 4.
1509 2813 1559 2884 2.
