3024 4032
1481 615 1574 663 Elssbeth ab Egglen von Hassli.
1574 517 2384 675 Elssbeth ab Egglen von Hassli.
1765 591 2433 736 Examination und vergicht.
1480 695 2554 863 Nach dem ür. gn. dero amptsman zu In¬
2353 696 2435 705 Examination und vergicht.
1525 778 2523 887 terlacken anbefollchen den verstossnen landt¬
1523 823 2557 943 amman Melcher ann der Egg so droben zu Hassle
1523 876 2562 1002 verhafft wegen bekanter veruebter schandtthaten
1536 932 2575 1052 unnd seine basen Elssbeth ab Egglen, Heini Stydlers
1530 977 2577 1115 zue Oberhoffenhassli ehefren. alhar in die gefenck¬
1530 1047 2536 1153 liche verhafftung zeuerschaffen, so auch zue vollg
1521 1090 2517 1208 ür. gn. beuelchs beschechen, darauf ür. gn.
1503 1157 2390 1264 belieben wöllen, sub.18 diss mhhren. rahtsherren
1524 1217 2522 1319 Berseth zue einem examinatoren zeuerordnen,
1515 1269 2534 1374 gedachte beide alhier gefencklich verhaffte per¬
1522 1321 2546 1432 sohnen zue examinieren unnd vollgens dero be¬
1504 1376 2553 1487 kantnussen unnd vergicht ir gn. zue referieren,
1492 1432 2544 1527 hat also zue vollgleistung ür. gn. beuelchs den¬
1503 1484 2547 1589 selben beiderseits gantz ernsthafft zuegesprochen
1516 1533 2535 1634 Gott dem Herren die ehr zegeben und die war¬
1513 1589 2513 1693 heit gethreüwlich anzezeigen, damit sy irer
1526 1645 2523 1744 begangnen sünden unnd fähleren halben desto mehr
1501 1697 2517 1792 gnad vonn Gott dem Allmechtigen und einer
1510 1756 2530 1849 gnädigen hochen oberkeit erlangen mögindt etc.
1470 1915 2530 2027 Uff wellches nun beuorderst Elssbeth ab Egglen,
1511 1979 2506 2065 jetzundt ires alters by 22 oder 23 jahren,
1512 2039 2503 2111 Heini Stydlers ehefrauw vonn Oberhassli
1504 2083 2509 2155 alss dess entsetzten landtammans Melcher ann
1511 2122 2500 2222 der Eggs, daselbsten frauwen sel. lyblichenn
1511 2178 2487 2249 schwöster tochter, vernommen worden, wie ess
1508 2223 2500 2311 diser leidigen that zwüschen ihnen hergangen
1503 2270 2469 2360 unnd wie der anfang sich zuegetragen habe?
1499 2313 2486 2397 vermeldete sy, dass nach irer elteren todt sy
1517 2365 2483 2461 alss ein weisslin, ungfahr von 6 oder 7 jahren
1510 2422 2459 2499 alters, zue irem vetteren an der Egg gethan
1498 2462 2491 2552 worden, der meynung dass er sy an vatters stath
1477 2505 2479 2590 unnd alss ein thauffgötti in gebühr undt zue
1510 2555 2476 2627 allem gutten zue denn ehren Gottes uffer¬
1499 2602 2483 2691 ziechen werde, wie dan sy ungefahr by 8 oder
1505 2654 2485 2745 9 jahren lang by imme gsin seye, da habe sichs
1493 2703 2479 2782 by einem jahr vor der schwinten oder pest
1491 2759 2485 2848 leider zuegetragen, alss sein an der Eggs fren.
1498 2808 2483 2894 alss irer muter se. schwöster zue Walliss inn
1502 2846 2494 2950 einer baden cur gsin, habe diser ir vetter solche
1484 2889 2494 2995 unküesche that selbiger zeit ira zue underschiden¬
1444 2933 2452 3036 lichen mahlen angemutet, sy aber imme nit zue
2315 3010 2480 3118 willen etc.
