3024 4032
725 330 1126 452 Conrad Ingollt
469 506 1439 690 Brenschen der im Schallenwerck byde
530 578 822 631 ein mit lang.
522 591 1401 724 hatb jahren enthaltene Conrad ingolt zu
539 651 1404 779 syner boßheit hartnechig verharret, daß e
538 707 1394 836 sith deme, waß er mit dem verübten
544 763 1365 867 Tractament, ann dem Schallen Pronosein
545 822 1430 949 begangen sitzer Vnauffhörlich schendt vnd
545 876 1418 994 schmächt darzu aber nit ahroecte wie
550 926 1436 1083 halß uff oberkeitlichen beuelch, derselbigen
545 992 1411 1114 mit dem eidt von statt unnd landt, ver
533 1052 1423 1182 wisen worden. Actum vndt exequiert den
556 1106 1149 1204 15. Septembrs. Anno 1674.
1144 1167 1227 1260 1
616 1555 1247 1773 Rugt Schumacher.
476 1765 1407 1880 Diewyl diser Rudollf Schumacher von
520 1847 1423 1937 treitten, ungeacht der bißherigen, in dritthalb
513 1891 1382 1987 jähriger Schallenwürckstraff, von synem
527 1950 1384 2047 schänden undt schmachen wider herren vogt
502 2003 1396 2104 Grunnern synen gewaßnen amptsman nit ab
397 2059 1362 2150 Bor laßen wil sonder zur deßen höchster
515 2113 1403 2206 empfintnuß darmit behärlich Continuiert:
517 2166 1413 2270 Alß habend mahrein guth funde, imme herr runer
519 2231 1395 2320 vor desem lesterer aul ze schaffen und denselben
523 2282 1405 2379 abzenemmen, erkent, daß er schumacher
517 2335 1401 2428 znn woll-verdienter straff ußgeschmeitze
520 2397 1377 2482 undt deßlandts mit dem eidt verwisen
532 2445 1380 2539 werden sölle. Actum den 22. octobris 1678
519 2499 1365 2608 So auch vollgens ain imme exequiert worden
1728 494 2242 612 apuel Stuß etc.
1559 585 2538 730 Du volle oberkeitlichem Benelch ist der
1582 656 2566 796 Ine verhafft genomne Damiel Stüß, wegen Ir G¬
1605 710 2572 841 bedührlich derkomnen Fisch dieberkg undt Nacht-
1581 777 2563 887 fräfflen, die er und schne mithafften, nun zur
1486 835 2562 961 underschidenlichen zeiten dahero begangen haben
1599 892 2562 1004 müßidt, wylen derglychen villfaltige klegten
1600 931 2565 1060 entstanden, durch ir gs diener herren großweibel
1604 997 2574 1119 undt grichtschryber mit gantz ernsthafften zue¬
1609 1051 2568 1170 sprechen examiniert worden. Der dan vollgender
1581 1109 2562 1223 maßen, waß imme bewußt angeben und bekent.
1577 1227 2557 1347 Erstlichen daß an einem frytagjüngst
1573 1298 2571 1395 verscheinen mertzens mr Hanß Rudolff Boßerten
1605 1342 2568 1442 der gerber an der matten, abendts zu ihmme
1591 1400 2569 1503 kommen, inne angeredt, er sölle mit imme kommen,
1592 1457 2555 1555 sy wollind uber die Floßschiff gahn disch reichen
1577 1538 2566 1608 unnd inne befragt ob er nit etwas en schlüßel
1607 1564 2562 1650 habe, so daß Maletschloß-Ann deß mr Aulans
1571 1612 2532 1717 wagners deß gerbers Floßschiff- uffthüye, zue
1585 1676 2553 1752 wellichen aber er keinßwegs nit ywilligen
1590 1722 2544 1820 und also darmit mit zethen haben wöllen.
1566 1769 2546 1863 Da seye er boßert vollgens mit einem nagel
1582 1223 1838 1227 maßen, waß imme bewußt angeben und bekent.
1579 1819 2526 1917 Uber daß Floßschiff, so dem mr Dauid Schär
1579 1881 2548 1967 unnd mr Sammel Heggi zuestendig seye, gangen
1591 1926 2532 2023 darmit uffgethan unnd vollgens die Eisch mit
1599 1982 2548 2071 einem Bärli darauß genommen. Er Steüßi aber
1594 2031 2524 2119 seye im garten uff Poßerts muhren gestanden
1591 2079 2548 2163 ime zuegelugt undt aber nüzi darzu gehollffen
1564 2129 2536 2209 vollgens habe er Goßerth die kisch heibgetragen
1576 2170 2548 2266 welche sein poßerten frauw selbs in der stuben
1594 2217 2548 2320 getödt von wellchen fischen, er Poßert imme
1583 2277 2549 2362 Stüßi mornderst 8 oder 9 fisch gegeben, welche
1592 2330 2527 2427 albereit so starck geschmeckt, daß er dieselben
1582 2380 2533 2463 hinweg inn die ahren geworffen. Eß habe amh
1585 2443 2542 2517 er Poßerth den nagel, damit er daß floßschiff
1596 2474 2544 2578 geöffnet, uff denselben vergeßen vnnd ligen laßen,
1594 2541 2524 2619 Also daß noch in der nacht umb 11 uhren er
1589 2582 2515 2665 denselben gereicht, wyl er in sorgen gestanden,
1595 2640 2530 2718 man möchte sunst den nagelkeinen, er stüßi
1573 2675 2523 2761 Aber seye sonsten mit sollchen sachenn niemahlen
1574 2719 2532 2819 umbgangen unnd mit imme Poßerten in derglychen
1578 2770 2314 2859 hendlen keine gemeintschafft gehabt.
1535 2831 2514 2931 vermeldet auch, alß nach dem neüw jahr lebst-
1542 2909 2530 2977 verschinnen, auch fisch söllen genommen worden sein,
2357 2966 2488 3051 habe etc.
