3024 4032
453 480 1419 659 So habe sy auch vom dem alten Hanß Schurer
490 559 1403 701 40 Ellenwystig thuch abkaufft, so sy daß
480 617 1340 723 bald umb 40 lz versetzt, da habe er
496 674 1383 791 Schurer sein thuch, selbs wider gelößt. Dise
490 745 1382 851 40 h. aber seyen imme noch ußstendig
476 795 1370 899 wellichen puncken sy auch bekent, mit
475 837 1370 957 vermelden, daß sy imme sollche nach- vnndt
490 889 965 969 nach bezahlen wölle.
496 951 1383 1088 Vnnd entlichen ward sy auch befragt, wie
491 1027 1367 1153 eß ein beschaffenheit mit dem 1000 lbige
478 1092 1382 1216 Gultbrieff habe, wo sy verkauffen wöllen
470 1142 1384 1252 Vnd wohar sy darmit kommen seÿe.  Ver¬
476 1194 1354 1306 gemeldete sy, daß die frauw vom kömer
464 1263 1342 1353 stahl, die Alte Predicantin vonn Thurnen
464 1305 1343 1401 Ira sollchem grieff geben habe etwaß
661 969 757 973 nach bezahlen wölle.
482 1354 1364 1479 darauff zuentlehnen, wellchen sy auch
479 1407 1360 1521 Abraham Dunckis- deß metgers frauwen
464 1459 1346 1572 Vmb 5 f versetzt. Ob aber derselbige
467 1519 1333 1623 wahrschafft- oder unwahrschafft seye
473 1566 979 1648 seye Ira nit bekant.
859 2470 1073 2475 Disere Maria von Greyertz ist vom Myhl
451 1651 1365 1751 hiemit sindt alle vorbeschribne Puncten bekant
467 1708 1365 1805 und daß disere Anna Maria Vom Greyertz
470 1765 1350 1857 disen gwarb unnd Grämplerey geführt
472 1818 1340 1909 und ehrliche lübl dargesetzt, Da sy
470 1865 1343 1952 Aber ur g deßorts umb gnad- unndt
467 1916 1321 1997 verzyhung bittet, mit versprechenn
462 1964 1318 2058 daß sy ira dises zue einer wahrung
455 2014 1333 2109 ir läbtag wolle gereichen laßen, undt
459 2074 1352 2164 beharret Allewyhl darūff, daß Ir Schwag
445 2119 1330 2203 vomn braag uff nechste osteren unfälbar
443 2166 1348 2252 Alharkommen und disere schullden bezahlen
412 2219 1308 2299 und guth machen werde, wann ira
455 2266 1351 2355 nur biß dahin daß zehl- und tormin ver
437 2310 1319 2407 egönt werden möge actum i1. febris
1000 2373 1300 2468 Anno 1675
419 2475 1312 2584 Disere Maria von Greyertz ist vom Myhl
420 2548 1313 2627 und oberen zue wollnerdienter, irer bey
422 2612 1348 2681 gangnen lychtfertigkeiten halben zwo stundt
425 2651 1340 2740 lang ins trüllheüßli erkent. undt das sy
443 2702 1352 2780 auch von stats uund landt verwisen werden.
425 2747 1226 2837 sölle. Actum 13. febr anno 1675
1678 493 2238 594 Catharina Schillplin.
1667 550 2307 663 Bergecht, Vndt Bekantnns.
1572 663 2587 787 Du Boll Br g Beuelczs sub 9 diß
1595 726 2574 857 Ist auch Catharina Schillgli sonst gent Müßlene
1552 784 2572 905 Vom Brugg der alten fr Predicantin Müßlinen
1594 839 2541 938 Alhier tochter sd tochter by 18 jahre alters
1585 905 2541 1008 wegen erdeckten begangnen diebstahlählenn
1603 956 2535 1055 In verhafftung genommen unnd vollgens mit
1603 1009 2553 1093 ernstlichem zuesprächen by bethreüwung an
1594 1054 2553 1153 derer mitlen anzewenden, die wahrheit zebe,
1590 1105 2541 1221 ekennen, wie eß mit begangnen diebstählen her
1577 1163 2522 1288 gangen unnd wohnn eß darmit hinkommen seye.
1597 1228 2553 1326 Auch mit waß consensu-eß sich ußem weysen
1599 1272 2545 1381 hauß gemacht, Waß eß auch zur Fryburg
1569 1331 2556 1419 unnd sollothurn zethun gehabt, unnd wohar
1597 1386 2559 1486 uß auch mit dem by ime gefundnen pater,
1593 1438 2560 1532 noster komme. noster komme. aber eß harauf weinend
1595 1492 2558 1579 Angezeigt vnnd vermeldet, wie daß syn groß
1589 1561 2543 1641 muter obuermeht, vor etwaß zybs inß
1583 1620 2547 1700 ußgestoßen, da habe eß leider, alß ein Vatter
1584 1662 2524 1750 loses Weyßli nit gewüßt, wohin eß sölle
1581 1722 2532 1806 unnd wie eß sich erhalten könne, da habe man
1589 1770 2533 1840 imme angezeigt Eß seyendt zue Fryburg undt
1587 1817 2505 1884 Sollothurn vill Wullwäber unnd eßkönne
1590 1868 2482 1933 woll wüllen spinnen, werde ann denen
1595 1911 2490 1998 orthen woll ze arbeiben unnd zegewunne
1594 1948 2492 2049 haben, sich durchze bringen. Warüberhin
1591 2041 2530 2141 gahnen kryburg begeben, am gewüßen orthen
1591 1998 2519 2098 eß sich nacher Bahel-sollothuren unnd auch
1584 2096 2494 2190 mit Spinnen etwaß verdienet, sich aber
1592 2153 2486 2224 nit lang der orte ufgehalten. Da habe
1583 2187 2491 2287 uß auch zu Feyburg uff der langen stägen
1575 2245 2523 2342 daß Pater noster, so eß eß im sack gehabt
1583 2293 2505 2396 gefunden darmit Aber anders mit ge¬
1583 2342 2281 2444 macht alß für krallen behalten.
1577 2407 2500 2524 unnd alß vollgens eß sich widerumb Alhar
1595 2466 2477 2555 begeben, seye eß inn daß Weysenhauß
1579 2532 2509 2616 gethann worden unnd daselbst biß uffs neüw
1555 2580 2497 2660 jahr gsin, habe eß sich widerumb für sich selbs
1577 2635 2499 2698 hinaußgemacht unnd also drußen verbliben.
1568 2658 2486 2753 unnd Alß eß vollgens zu der Vrsell, So bÿ
1583 2721 2480 2810 demVageli an der schauwbletsgaßen
1581 2769 2482 2861 im hinders stübli wohnet kommen, haben
1589 2806 2497 2905 sy zur ime gesagt, wan sy so ein groß mutr
1572 2845 2484 2929 hättte, unnd sy verließe, sy wöllte etwaß
1575 2900 2472 2996 thun, daß sy gott nit geheißen hätte, habe
2304 2982 2463 3055 imme etc.
