3024 4032
480 404 1359 545 die gmach undt trög geöffnet und us einen
470 474 1361 602 großen trog inn der stuben darin schubladen
481 550 1389 645 seyen, dieselben ußgezogen, darin golldt gewäsen
464 592 1381 709 habe gesagts Barbli Frölich mit der handt
463 642 1414 758 darin grisfen, vndt underschidenliche Golldtstuck
485 690 1392 812 darauß genommen, wüße aber nit, wie voll eß
470 781 714 871 gsin seye.
459 835 1355 954 Item habe sy Barbli Frölich, auch in irem
475 889 1392 1002 bysen uß einem großen rohten seckel, darin
467 956 1379 1056 Thaler, vnndt andere alte fräg wahre
470 1012 1341 1116 Auch genomen, Vndt tra Meyern daruon
461 1059 1361 1160 ein doblonen, zwo sonnen f daruon sy
459 1126 1383 1228 hernach der frölichenen widerum eine umbe
473 1178 1377 1281 geben, Item ein thaler ein halb thaler
458 1244 1379 1334 vnd 10 h. gegeben, welliches sy nach- vndt
482 1297 1300 1398 nach, vmb Spyß. vndt tranck vndt Andt¬
467 1347 1378 1439 anders Vßgeben, vndt verbraucht haben
456 1410 1359 1502 vndt also selbs etwaß thätliches begangen
461 1460 1357 1552 ze haben mechtig verlaugnet, Nach ge¬
471 1516 1381 1592 haltner confrontation aber, hat sy Meyerin
467 1567 1352 1659 gestehen vndt bekennen müßen, daß sy beiden
467 1626 1307 1708 zwey-oder drey mahl, die gnach vndt
467 1672 1371 1761 kalltgeöffnet, undt mit einanderen zue¬
460 1724 1383 1829 egriffen haben undt bekent, daß sy Meyerin
464 1779 1365 1880 inn zweyen Papyrlenen golldt genommen, da
467 1842 1352 1929 In dem noten, 1 doblonen, vndt inn dem
479 1896 1371 1991 anderen ein zwifache ducatem gsin seye.
452 1972 1347 2090 Item gestehet sy Meyerin von der mater
472 2042 1379 2134 gulldenen ketti, darby ein kleine ghin, habe
469 2099 1386 2186 die Barbel frölich- ein stuck genommen, undt
461 2145 1352 2245 In sack gestoßen. sy Meyern aber habe
473 2212 1332 2291 von derselben nit mehr, dann 4 aiogli
476 2261 1363 2349 genommen etc. Da aber von derselben gröseren
468 2321 1356 2417 Ketti 105 ring wegkommen ze sein, geklagt
460 2380 639 2462 worden.
460 2458 1315 2572 vonn gulldenen ringen aber die geklagt
458 2524 1397 2621 worden, will sy bim geringsten nüt wüßen.
455 2661 1417 2762 Bndt wiewoll sy Barbel Meyer zu Kärtzers
463 2731 1392 2824 da sy auch hieuor gewohnt einen trag gehabt
461 2791 1413 2882 undt derselbe visitiert worden, so ist jedoch darin
464 2842 1366 2945 darin anders nüt dan etwas synwahts
464 2895 1349 3005 gefunden worden. Also wardt sy darüber
1181 2954 1395 3057 befragt.
1597 412 2566 519 Wyll so vill gelt geklagter maßen verlohrene
1608 470 2564 564 worden, söll sy die warheit bekenne wie
1606 528 2569 622 vill sy genommen, und wo sy darmit hinkomme
1611 580 2567 674 Ob sy etwan daruon ußgelichen habe etc.
1599 616 2580 750 hat sy nit mehr dan obstaht bekennen wölle
1621 687 2580 777 dan daß deß frölichs frauw, einmahl dahar
1621 733 2572 836 kommen, vndt ira gesagt, sölle ira daß ober
1618 779 2559 906 gmach uffthun, So sy gethanen, da habe deß
1605 842 2557 970 frölichsfrauw ab der schweybi zwes
1613 903 2410 1022 Küßi genommen undt weg getrag.
1607 1046 2571 1169 Den haußraht aber, so in deß frölichshauß
1612 1097 2577 1210 kommen, haben sy Meyerin undt syne grolichs
1622 1175 2388 1269 tochter mit einanderen genommen.
1643 1282 2490 1406 2. Barbel Frölich dekantnuß.
1623 1269 1676 1278 tochter mit einanderen genommen.
1596 1405 2538 1518 Demnach So bekente Barbara Frölic
1586 1469 2526 1567 Ires alters by 19 oder 20 Jahren, Alß
1618 1527 2557 1620 sy vor etwaß zeits by der frauw vom-
1618 1573 2546 1681 bachenen genagt, seye die frauw nit ben,
1621 1629 2532 1739 heimbsth, sonder wie sy vermeine znn
1627 1692 2567 1787 alte Berg gsin, da sage die domahlige Köchin
1624 1741 2570 1847 gnuemb Rosyna die fr habe daß brodt ynbe
1620 1803 2568 1900 schloßen, sy könnende nit z aben eßen, sy
1624 1862 2570 1953 wölle probieren, ob sy daß buffet in der
1624 1918 2553 2020 der kleinen stuben, darin sy gsin seye usfr
1622 1987 2513 2076 thun könne, wellches sy die kochen mit
1628 2050 2564 2125 einen meßer geöffnet undt brodt undt käß
1620 2091 2538 2176 sampt inn einem kanli etwan 3 oder 4 gloß
1634 2136 2557 2215 nit wynen herauß genommen undt mit einan
1610 2200 2544 2289 deren genoßen, seye domahls auch anders
1628 2256 2206 2347 nüt fürgenommen worden tc.
1595 2383 2477 2494 Alß ein vorbesagte Barbel Meyer vonn
1595 2463 2505 2548 Winterkhur zue der hrn Combachin kommen
1620 2520 2508 2605 seye sy Barbel frölich, in abwäsenheit
1625 2570 2544 2643 der frauwen inn ir hauß gangen unnd mit
1627 2618 2495 2692 er der näyerin wüßen vndt willen, mit
1635 2670 2527 2743 einem mäßer daß buffet inn der kleinen stub
1620 2722 2562 2798 uffgethan unnd den schlüßel, so zu dem Bushelt
1607 2778 2561 2862 In der großen stuben gehört genommen, daß
1605 2826 2543 2922 selbe geöffnet, undt die zue den gmachenn
2318 2901 2538 3015 gehaltentc.
