3024 4032
489 400 1412 594 Item habe sein frauw vom Anna Goßstatter
502 488 1386 633 so by herren landtvogt vom Graffenriedt
514 545 1367 685 zne Centzburg köchen gewäsen 22 kronen
527 602 1376 722 entlehnt, also daß sy sollche mittel neben
521 659 1394 781 anderem so sy noch gehabt, daran verwänt
520 728 1385 841 So stande auch noch eine gewüße Suma
527 771 1152 868 uff dem hauß- nochschuldig uß
490 902 1373 1059 Alß er befragt worden, wo er die grieffen
515 991 1376 1106 so die Martenen und ire tochter, ein anderen
506 1053 1381 1153 zuegeschriben, uberkommen, unnd ob er sollche
520 1108 1373 1218 nicht auch gelasen und nit weße, Waß
521 1159 1351 1263 Inhalts dieselben seyen, wylen derglychen
525 1214 1363 1309 auch in dem trag, wo er syne medicament
515 1275 1376 1383 gehabt gefunden worden. Betheirete
521 1333 1345 1422 er hoch, daß er sollche brieffen niemahle
517 1403 1364 1497 gesechen, auch nicht geläsen, weße auch nit
522 1446 1348 1536 wie sollche inn den trog müßindt kommen
530 1500 1360 1606 sein, imme seye deßorts nützit bewußt.
512 1558 1351 1657 sagte auch, alß er sich leider noch by der
510 1628 1382 1726 Martenen uffgehalten, erennere er sich, daß
510 1671 1351 1771 die martenen gesagt habe, der hr steiger
509 1721 1336 1819 hr andreß und hr Hänni, so all drey
515 1782 1342 1879 gestorben, hättendt jra gern gehollffen,
509 1818 1333 1911 daß sy hette können alhier zur Berm
522 1886 1369 1972 blyben, habe jedoch ihnen nüt unehrlichs
503 1930 1344 2017 nachgesagt, sonsten hab sy imme von iren
515 1983 981 2064 guhlen nichts gesagt.
473 2068 1372 2175 Alß er uff ein mahl hinder dem bischware
505 2145 1353 2221 sagte er zu iren, sy wüßewol, daß der
499 2186 1348 2271 frutig auch mit ira ze thun gehabt, da
515 2242 1359 2316 seyn sie so zornig- unnd grünung worden,
503 2285 1364 2363 daß sy inne habe wöllen mit dem mäster
497 2340 705 2414 erstächen.
571 2064 622 2072 guhlen nichts gesagt.
484 2422 1345 2516 Darüber ward er auch befragt, ob er nit
491 2485 1359 2571 wüße, wer die jenigen seyen, so ira nach
485 2527 1332 2627 inhalt der grieffen gelt zurgeschickt.
494 2585 1364 2672 oder zueschicken söllen? sagte er er könne
494 2639 1274 2733 eß bim wenigsten nit wüßen, waß für
491 2681 1343 2769 Grieffen und von wein ira möchte zue
467 2746 1339 2841 geschriben oder von weine guch fra aelt
483 2790 1329 2884 zuegeschickt worden sein möchte, dan sy A1
481 2850 1175 2931 habe imme nicht gethrauwet e
1053 2902 1335 3094 Danahs
1527 510 2552 649 Demnach ward er auch befragt, ob er nit wüße
1554 578 2548 705 Wer die persohnen seyen, die inn einem verhandenen
1563 634 2552 757 Grieffli genambset werden, der schwartz, der
1579 699 2491 813 nocht der krauß der läng, daß worth
1562 759 2544 872 vermeldete er darauff, daß er deßorts gar
1563 818 2569 935 keinen bericht geben könne, auch einiche wüßen
1554 888 2109 1010 schafft darumb nicht habe.
1563 1045 2510 1131 unnd alß imme vorgehalten worden, uß einem
1573 1089 2531 1189 hinder ime gefundne Büchlin, so mit selltamme
1558 1147 2514 1263 figuren und characteren behafft, man woll
1573 1207 2522 1309 ersachen möge, daß er mit sägnereyln unndt
1564 1264 2545 1362 verbottnen bösen künsten unnd mitlen umbgange
1494 1326 2517 1410 vermeldete er, daß er zwar etwan uß Bü
1553 1381 2501 1488 cheren, wo er könne, etwaß kunst ußschrybe
1562 1437 2508 1543 aber er habe keinßwegs jemahlen weder
1561 1492 2508 1593 Sägnereyen, noch einiche ungebührende Mettel
1565 1546 2529 1651 gebraucht, sonders habe seine knust von ehrlich
1567 1604 2556 1698 artzten erlehrnet dieselbe gebührlich gebraucht
1553 1659 2529 1754 auch immer muglichst getrachtet, sich dardurch
1565 1715 2513 1796 ehrlich durchze bringen unnd ze bekleiden, inmaß
1558 1776 2532 1872 seine Attestationen, gebührlichen verhaltens, ime
1556 1835 2062 1923 zügnuß geben theyendt.
1535 1959 2509 2048 Alß er auch befragt worden, ob er nit vill
1563 2037 2520 2116 gelt mit imme heimbgebracht, daß er, vnndt
1552 2086 2507 2155 sein frauw, so köstlich hauß halbindt und mit
1555 2138 2515 2211 eßen vndt trincken, zimblichen vberfluß brau¬
1544 2173 2493 2253 gklindt, dahar man sich verwundere, wohar
1559 2223 2499 2307 sollche mittelkommen müßindt. Sagte er
1561 2270 2496 2359 darauff müße sich hochlich verwunderen, daß
1559 2331 2497 2423 derglychen vom ihnen gesagt werde. Sollcheß
1559 2373 2500 2463 werde sich bim geringsten nit erfinden, da er
1541 2432 2504 2518 jetz letstlichen alharkommen, habe er nit mehr
1547 2492 2530 2575 alß einen thaler unnd sein pferdt mit sich gebracht
1548 2525 2518 2622 deß vorhabnnß, daß er synen sohn mit sich nacher
1551 2583 2506 2675 Straßburg nemben und inne zur synem schwager
1551 2622 2504 2727 daselbst schöne kunst zu erlehrnen, thun wollen,
1553 2671 2480 2759 seye also sollches vom seinen mißgünstigen uß
1533 2718 2475 2819 Wyd und laß imme uffgetrachet worden. Wyd und laß imme uffgetrachet worden. Seye
1534 2772 2479 2862 Auch deß vorhabenß gewäsen, drunden seine kunft
1541 2811 2515 2910 zeüben, vndt etwaß dardurch zeerwärb, daß er
1535 2847 2475 2940 seiner fr nach- und nach gelt verschaffen könne.
1536 2908 2470 2988 sich mit den kinden desto beßer durchlebringe
1530 2942 2476 3021 Wylen erwoll wüße, daß er doch alhier mit
1547 2975 2431 3090 seiner knust wenig geachtet sein wurde.
2146 3060 2377 3163 verners etc.
