3024 4032
396 1528 1330 1651 sr Franz ludwig Güder zeget, daß er vom
437 1605 1357 1713 herren gubernatoren guder befelch empfangen,
614 1515 755 1527 nachfrage. Ist vollgend züget worden.
428 1654 1354 1746 dem Anglicker, wann erselbigen antreffe
435 1705 1348 1795 die jenigen zwen thaler, so er imme hieuor
431 1773 1345 1872 drunnen zur ähle alß er daselbst durchgee
444 1823 1345 1918 reißt, uff sein bittliches anhalten vorgesetzt,
437 1890 1354 1976 zuforderen, vnd inne zur Restitution der¬
430 1947 1346 2038 selbigen ernstlich anzemahnen. Unnd alß
447 1998 1347 2065 er nun am verwichnen Martini abendt
430 2053 1347 2148 inne den Anglicker angetroffen, habe er
436 2111 1352 2214 die empfangne Commission Abgelegt vnndt
430 2170 1341 2262 imme innammen deß Herren Gubernatoris
419 2222 1349 2313 die zwen thaler geforderet. Worüber er
440 2287 1331 2371 imme Einfangs bescheidt geben, ob er dan noch
431 2335 1350 2427 nit darumb befridiget worden, und alß er
433 2384 1346 2485 gezug sollches mit nein beantwortet, habe
428 2443 1327 2540 erwysers gesagt, wo dan die obligierung
442 2501 1344 2591 seye, er wurde ime darfür ein obligierung
421 2556 1333 2650 geben haben, sölle imme selbige vorwysenn
415 2602 1333 2692 und derglychen unnd uff sein deß zege verners
423 2654 1356 2767 zureden, er sölle zu schauwen, daß er bezahle
432 2703 1367 2809 habe anglicker repliciert, waß er dem nach
396 2775 1337 2854 frage, er seye damahls ein diener der ober
418 2812 1350 2920 keit gsin, dißmahlen aber habe er hein ober
400 2862 1347 2953 keit mehr, unnd vor disem habe er vor sollchen
416 2891 1371 3016 Herre den huthen abzuchen müßen, die dißmals
442 2976 1133 3071 sollches vor ime thun müßendt.
1017 3070 1198 3213 E. e.
420 924 1353 1057 mr Kupffer und mr Fätschergen zugendt uud
449 1005 1347 1125 daß sy inne gesechen mit dem wehr neben
449 1059 1345 1166 der compagnen yuher lauffen und daß er da
431 1106 1341 1234 rüberhin zimblich zertomblet worden etc.
414 402 1374 552 mr Ysaal Lauwer berichtet, daß er den anglicker
446 463 1344 600 neben der compagnog den tägen in der linggen
429 525 1351 661 handthaltend und mit der rechten den hutt s
417 572 1360 721 stürtzend gegen dem herren lehrber zurgeloffen,
430 633 1339 753 gesechen. Worüber hr. corporat Fëllenberg
444 689 1366 838 Inne mit seiner partisanen uffgehalten, so daß
437 749 1334 861 man vollgens uff inne zuegelofsen, und selbig
440 809 982 913 zimblich abgeprüglet etc.
490 1300 1320 1419 über den dritten puncten, ob sollte
505 1389 1321 1469 er geredt haben, waß er der oberkeit
506 1444 1297 1527 nachfrage. Ist vollgend züget worden.
1490 1139 2468 1236 erstlich mr Samuel vom Arx der hutmacher
1526 1184 2473 1302 imme seye woll bekant, daß er hienor frey
1517 1237 2471 1347 willig mit herre seckellschryber herman se im
1520 1290 2484 1412 Myhre ehrenfarb Alhier von der stats-ge-
1525 1341 2518 1464 fahren und deß mr Martins abgescheidner nach
1522 1404 2523 1519 gezogen, ungefahr vor einem jahr aber by nach
1524 1443 2507 1576 umb glyche zeit seye er wider her-kommen unnd
1531 1501 2499 1623 zwar zu pferdt zmblichtoll, habe sich auch wie
1537 1548 2533 1658 er vernommen, Alßballd uff dem korhauß ynge-
1523 1611 2504 1733 stelt unnd freywillig abbüßt, hernach seye er
1534 1656 2517 1760 noch ein zeit lang hier verbliben unnd aber vill-
1523 1714 2508 1818 mahlen uß der statt geritten, vorgebend, daß
1532 1764 2511 1862 er hier- und dar patienten habe, unnd selbige be¬
1529 1819 2485 1920 gsuche, habe auch währender zeit, da er hier
1538 1871 2496 1967 gewäsen, zimblich woll geläbt unnd munter
1533 1927 2518 2011 ynkaufft, so daß inne manchmahl verwünderet
1512 1973 2517 2060 wo sy daß gelt nemmindt währendem synem ab-
1529 2020 2517 2105 wäsenn habe eß sein fr nit ringer gemacht alzeit
1529 2058 2520 2146 woll geßen undt truncken, auch in kleidere uffgemuht
1521 2117 2526 2192 daherkommen, unnd aber so vill er wüße niemah
1528 2156 2495 2248 ben nichts geahrbeitet, habe auch daß hauß, so
1530 2205 2502 2300 neben sein deß gezügen stehe, kaufft und selbiges
1529 2245 2493 2347 bauwen vnnd accommodieren laßen und uff befrage
1525 2306 2490 2402 wo sy daß gelt nemme, daß sy also bauwen könne
1523 2365 2497 2457 habe sy gesagt, baldt Ir bruder, so drahne zy Zue
1531 2414 2487 2486 Nydame wohne, habe ira noch ein 500 grieff
1535 2458 2480 2536 vonn irem erb zun fuck behalten, darnan ir mann
1541 2506 2507 2601 nichts gewüßt, balld dan vermeldete sy, Eß werde us
1525 2562 2523 2651 Jacobs Tag ein gwüßer landtvogt herkomme, der werde
1525 2615 2514 2711 Frascham gelts gnug geben, vom andere, dan habe er
1527 2661 2486 2753 gehört, daß sy eß hin undt wider- von den magte
1529 2708 2485 2799 entlehnt, also daß sy mit vilerley reden vmbgehe,
1529 2754 2504 2845 und bald diß balld jenes sage etc. Sonsten habe sy an
1525 2810 2477 2914 fangs nach ires manß ußtrit, ime gezug villmahle
1536 2852 2508 2945 etwan im ducath und anders galldt zu wächsen geben,
1527 2894 2487 2998 Wo sy aber mit herkommen, könne er nit wüßen e.
2337 2964 2467 3056 Sithe.
1506 464 2531 599 h wachtmeister Baur züget, daß er von wytnuß
1528 529 2514 644 gesechen, wie hr. guder mit dem anglicker geredt
1516 581 2519 684 Waruff hr guder Alßballd zur imme gezug kommen.
1527 617 2409 725 und obige wort uß deß angligkers murdt
1536 669 2494 805 referiert, wie er selbige dißmahlen erzelt c.
1490 1144 1545 1152 erstlich mr Samuel vom Arx der hutmacher
1611 832 2499 961 Deß 4. bund Cetsten Bunctens alß syn
1611 914 2502 1016 Anglickers und syner frn läbwüsen und bee
1620 956 2467 1067 gangensch halben, mit waß mitlen sy sich
1636 1012 2485 1092 erhaltindt, und warumb er hieuor ußge
1642 1069 2151 1157 etretten, zngeten.
