3024 4032
474 338 1401 554 Nasch dem nun Myhl und Oberin
496 460 1379 610 sollche deß sider dri gegenwertig
466 542 1425 681 beider gebrudere Sebastian ssidt
478 593 1424 740 Banthal  Burcki, hoches vndt schwares
468 667 1431 804 verbrachen, vorgebracht worden. Habendt
486 743 1409 878 dieselb uß oberkeitlicher Ankspflicht
485 796 1405 925 Alß ein statthalterin gottes, daß böse
479 865 1399 984 Vßzegotten vndt Abzestraffen, vnndt
496 922 1400 1041 hingegen alle ehrbarkeit ze pflantzenn
490 995 1416 1115 inne 1 oder sy die/ Verbrecher Inn die
491 1064 1397 1187 Obere Gefangenschafft Inn Verhafftung
503 1131 892 1222 nemen laßen: etc.
509 1384 1424 1531 Vndt Vollgens darauff Inne s. der
500 1489 1417 1587 diser begangnen greüwlichen thadt, vmb
486 1543 1405 1654 ständtlich zue examinieren. Durch den
492 1601 1396 1703 Hochgeehrten, ehrenuesten Kromen
500 1661 1419 1771 Fürnemen, fürsichtigen undt Wysenherren
492 1733 1398 1826 herren samnet Bundeli, deßtäglichen raht
490 1785 1421 1890 Alß harzue verordnet herren examinatoren
494 1840 1403 1949 In bywesen der ehrenueßen Fürsichti
505 1909 1404 2014 undt wysen herren hren Johan Heinrich
506 1968 1419 2074 Ernsts Alte Vogts vom Frauwenbrunnen,
505 2026 1377 2119 Herren Niclanß Tilliers, Jr. Daund
470 2098 1405 2192 Michels jr Großweibels von Muralt
491 2153 1360 2253 Vndt deß Grichtschrybers, Alldest
490 2209 1380 2325 großen rahts examinieren laßen
487 2262 1392 2369 der foder die) dan ernstwörtig exca
477 2318 1396 2442 miniert worden, vndt Freywillig, vndt
504 2381 1367 2475 ohne Marter bekent, (wie dan die
495 2427 1385 2549 Excamination sub. 30. Aprilis Ao 1674
486 2498 1371 2600 Alles vmbstandtlich mit mehreren
486 2532 1419 2675 vermeldet) daß er sioder Sysind
487 2596 1413 2735 einanderen: sich leider mit der groß
487 2648 1405 2800 undt schwaren Sundt- der wider Rathur,
466 2704 1400 2852 lichen thab zur underschidenlichen mahlen
490 2764 1426 2902 befleckt, vnnd sich also durch syn, oder
491 2820 1396 2965 jr) eigen fleisch durch den leidig satan
480 2892 1408 3041 zue sollcher bösen lust undt begirdt, schantlich
1310 2948 1437 3039 nihe
1689 456 2553 586 reitzen unnd verführen laßen, dardurcher
1540 550 2532 679 eltere nit nur allein) sich selbst befleckt und im
1672 582 2517 699 lebens verwürkung gesturz, ( sondern
1677 656 2587 784 auch synen jungeren bruder, deme er vill
1663 711 2585 829 mehr verschandt vndt befleckung hetze
1676 781 2553 882 sein söllen, in glyche gefahr der verwür
1677 823 2530 943 ckung lyb undt lebens vorsetzlicher wys
1651 885 2562 1014 gesetzet, vndt gebracht: wellches Imme von
1677 945 2554 1062 grundt synes hertzers leidt, wie er dan
1669 1000 2557 1128 Auch ein großes neüwen darüber erzeigt.
1625 1057 2562 1193 ( der Andere dann, der sich also zue Vnder¬
1641 1117 2541 1260 schidenlichen mahlen vonn synem bruder
1633 1172 2532 1313 ußdorcht wan er nit ynwillige von imme
1650 1256 2525 1376 geschlagen werde bereden, vndt sich Inn
1678 1311 2540 1448 sollcher greüwel-that beflecken laßenn,
1663 1382 2531 1497 so ime auch hertzlich leidt, wie er dann
1654 1442 2483 1563 Auch sollche seine reüw mit hefftigem
1658 1519 2544 1612 weinen erzeigt,) habe sieder habindt aber
1644 1575 2547 1677 wegen syner foder irer Jugent vner¬
1658 1626 2546 1717 kantnuß, vndt unwüßenheit, daß eß ein
1658 1693 2571 1793 so große sündt seye)bätte oder bättendt
1648 1748 2541 1851 derowegen gott den allmechtig unndt
1646 1797 2563 1904 ein gnädige hoche Oberkeit vmb gnad, vndt
1654 1860 2370 1966 verzychung etc.  nit gewüßt,
1643 2057 2525 2181 und diewyl gott der herr, sollehe ab
1657 2142 2508 2243 henliche vider Nathurliche that, mit
1666 2199 2507 2285 dem todt zue Straffen befohlen. Alß
1644 2262 2532 2357 habendt mahrl schulldtheiß räht und Burger
1634 2318 2529 2409 Vff Iren Eidt zue Recht Erkent vndt gesprochn
1632 2370 2548 2480 daß diser mareficant Sebestian Bürcki nebe
1640 2434 2523 2525 empfelchung syner Seelen Gott dem Herren:
1638 2488 2514 2587 dem scharöfflichter solle vbergeben werden,
1643 2544 2522 2635 der inne oben auß- uff den gewöhnlichen
1634 2597 2524 2683 Richtblatz Führen, unnd inne daselbst mit dem
1640 2648 2527 2750 Schwart daß haupt Erbschlagen, vnnd Aelso vom
1628 2700 2496 2790 Laben zmn todt nach diser loblichen statt bern
1637 2752 2448 2851 rechten und freyheit himlichten solle c.
1636 2837 2492 2940 Disere Vrtheil ist uff sambstag den 16. maii.
1577 2891 2277 2997 anno 1674 exequiert worden etc.
2342 3041 2517 3135 verte etc.
1456 2162 1641 2240 3. Buch Mohn
1453 2219 1655 2304 20. Cpiie
