3024 4032
501 433 1398 597 Darüber auch der Basel salth Conrad Habold
482 521 1390 659 vernomen worden, sagt er daß vor ungfahr
516 593 1393 712 4. Wuchen, er zur basell gewäsen, habe er
504 636 1388 781 Im bosthauß daselbstn ein brieff, so suber ge-
490 703 1379 818 geschriben und seines bedealbens ein manßschrifft
514 764 1401 871 seye, so bin den Angliker gestanden empfangen
509 805 1383 924 unnd vollgens alhier durch seinen sohn, zu deß
515 858 1376 989 Anglickers hauß vberschickt da imme Auch
503 909 1375 1030 ein bazen für sein lohen entrichtet worden.
516 968 1359 1078 vohar- oder vom wein derselbe kommen
507 1021 1371 1145 oder geschriben worden, seye imme unbewußt.
481 1161 1374 1318 Demnach So ward auch Barbli fürstenberd
506 1235 1331 1347 Hanß Rudollf Schöweitzen deß Jipßers
502 1297 1346 1401 frauw berichtswys vernommen, waß ira
515 1369 1370 1466 bekant seye, daß ein gewüßer apotecker
500 1405 1355 1512 von thim vor etwaßzeits ein gewüßen
508 1470 1358 1571 zinß von einer matten nachen, wie fürgeben
490 1513 1361 1620 worden deß anglickers frauwen, habe ab
492 1574 1357 1678 richten wöllen. vermeldete sy, daß sy
509 1634 1337 1726 sich woll wüße zu erinneren, daß vor un
478 1678 1327 1784 ngfahr einem jahr ein gewüßer herr von
494 1740 1351 1846 thun, Ann deß Buchtrucker Henzis hauß,
496 1795 1319 1892 gegen irem Stübli überen etliche mall
471 1846 1311 1946 geklopffet, imme aber keinen bescheidt
475 1900 1308 1986 worden, habe sy nach langem gefragt
458 1955 1308 2049 waß deß herren begehren seye, sagbe er
490 2018 1308 2102 er möchte woll mit einer gewüßen
480 2073 1341 2163 fr reden, sy heiße Barbli den zunammen
473 2121 1314 2207 Aber könne er nit eigentlich nambsen
476 2174 1326 2263 dan ir man sölle nit allier, sonder zkriegen
475 2227 1260 2319 sein, er sollte derselben vom gwüßer
473 2280 1323 2367 erkaufften matten wegen, etwaß gelts
466 2334 1335 2432 geben, antwortete sy imme, sy heiße
477 2398 1342 2484 zwar Auch Barbli aber daß gange sy nit
474 2444 1320 2527 ann wüße auch nit, waß daß antreffe
429 2501 1334 2572 Villichter könte er der Barbli Anglicker
465 2555 1319 2639 Da zwar ir mann nit z'krieg, sonder sonst
394 2590 1336 2688 hinveg seye, deßhalb bericht vernemen,
409 2647 1316 2740 dahin sy inne auchgewisen unnd wie sy
448 2699 1343 2788 vernommen, sölle eß deß herren fanckhusers
460 2752 1312 2830 tochterman sein, Nach etwaß tag
445 2798 1332 2893 habe sy die känzenen befragt, os sy nit
422 2851 1284 2932 wüße, daß ein gewüßer herr von Thun
456 2887 1323 2989 by der anglickern gsin, und ira gelt geben
1180 2975 1316 3053 habe.
2461 439 2542 518 89.
1565 494 2544 600 Antwortete sy, daß zwar uff dem tag, wie sy
1569 555 2543 670 ira genambset ein sollcher herr by ira der
1579 602 2556 722 Anglikeren gsin unnd mit ira geredt woruom
1568 645 2550 755 Aber, daß könne sy nit sagen, habe auch nit geg
1567 702 2466 814 sachen, daß er ira einiches gelt geben habe.
1580 744 2548 860 anders wüße sy keinen anderen bericht ze geben.
1550 913 2550 1015 Alß nun Barbli Solliger Ullrich Lienharts gent
1558 973 2559 1067 Häspler verlaßne ehefr auch darumb, wie letht
1549 1039 2545 1121 vermelt und auch umb sein anglikers und seiner
1569 1071 2547 1166 frauwen läbwäsen unnd wie sy sich mit eßen.
1569 1122 2556 1227 und trincken verhalten bfragt worden. Ver-
1552 1167 2526 1267 meldete sy, daß sy weder von dem einte¬
1564 1222 2537 1337 noch anderen ze zügen, wüße, dan sy gar selbe
1564 1290 2555 1384 daheim seye, wylen sy allewyl kindtsvorgangen.
1573 1338 2542 1443 ira deßorts also nützit bekant seye. .
1558 1470 2520 1580 uoff sölliches nun, ward auch er Angli
1558 1546 2535 1634 derbeschickt, mit ganz ernsthafften bethreüwe
1576 1599 2548 1668 der Marter die warheit ze bekennen, ob nit
1574 1646 2532 1739 er unlangst noch ein brieff vo der Martenen
1559 1693 2528 1796 empfangen, alß mit deren erußert zwyfel
1553 1747 2542 1825 nach syner abbüßung-vernere gemeindtschafft
1566 1799 2514 1883 gehabt habe. unnd ob imme die jenigen
1612 1443 1889 1450 ira deßorts also nützit bekant seye. .
1564 1847 2461 1948 persohnen, so sich mit der Martenen vertrabt
1554 1903 2512 1996 unnd jragelt zueschicken bekandt seyen, hat
1564 1959 2535 2043 er sich darüber abermahlen weinend ganz
1559 2019 2523 2073 bitterlich erklagt, daß derglyche und andere
1557 2067 2514 2137 zulagen, imme von synen widerwertig- vndt
1557 2108 2505 2183 kinden uß nyd- und haß zuegelegt werde, unnd
1557 2159 2485 2236 darby hoch betheüret, daß er mit der Mar¬
1539 2198 2521 2273 tenen nach syner abbüßung, einhe gemeinte
1534 2259 2502 2331 schafft nit gehabt, sy auch nit wyters geseche
1549 2291 2506 2379 Auch garkeinen brieff vonn ira har, gar nit
1550 2345 2507 2418 empfangen habe, sonders der brieff warem
1553 2391 2437 2470 er gefragt werde, habe er vor ungfahr
1554 2445 2482 2507 4 oder 5 wuchen von synem schwäger vonn
1547 2494 2494 2584 Straßburg nache empfang. Wüße auch
1556 2544 2502 2630 bim wenigsten niemandt zenamßen, wer sich wyters
1546 2595 2481 2684 mit ira der Martene vertrabt noch jra gellt
1547 2642 2485 2731 zuschicken thüye. sonders laße es by seiner
1550 2688 2491 2767 vorigen bekantnuß, gentzlichen bewenden, vnndt
1543 2746 2501 2839 bätte nochmahlen gott und ein gnädige hoche
1541 2793 2391 2893 Oberkeins, vmb gnad, vnnd verzychung.
1800 2840 1860 2910 N3.
1508 2873 2502 3001 uß der Martenen underschidenliche Brieffen, so sy an
1544 2946 2475 3044 ire tochter geschriben, ist heiter zeuernemen,
2300 3014 2465 3117 daß etc.
