3024 4032
648 467 1191 597 Iter Collier
424 562 1416 720 Ier Comtier vor Rotshmundt ist als er
472 645 1383 765 Anfangs In die thorgrichtliche Vnd hernach
490 702 1389 816 In die Obere gefangenschafft gebracht, vndt
499 754 1376 856 beider orthen lang enthalten worden.
499 814 1347 923 wylen sy der beschulldigten, unnd zwar
516 873 1443 985 estendig vernemten. Vnthreüwen Abschaffung
481 929 1422 1044 ihrer bekanblicher maßn, uff die Welldt
493 979 1376 1091 gebrachten Pffen kirchhaff Aber nit
505 1028 1391 1133 befintlichen lybsfrucht durch die bekenten
508 1090 1387 1175 selbs redendn vmbstendt, so vill Alß vber
500 1136 1398 1238 zugeb stehet, da dan sy auch zum anderen
497 1190 1400 1295 mahl pynlich examiniert, vndt aber dar¬
484 1247 1394 1349 durch annoch zur keiner heiteren bekant,
476 1302 1386 1412 nuß gebracht werden können. Also daß
503 1353 1374 1460 mahren undt oberen erkantnuß dahinn
497 1406 1386 1520 ergangen, daß sy einmahl noch nit könne.
489 1458 1361 1561 noch solle ledig gelaßen, sondern ins
493 1524 1379 1614 Schallenwerck vbergeben, vndt Alda Am
498 1581 1374 1680 halßnung, enthalten werden, so lang biß
501 1639 1386 1727 sy anzeigen vndt sagen wirt, wo sy mit
493 1689 1379 1781 gedüter irer lybsfrucht hinkommen tc.
493 1739 1166 1840 Actum den 19. novembr 1673
528 1951 1374 2074 rngron
861 2036 1191 2118 antreffendt.
538 2064 1413 2162 Barbara Meyer gon Winterthur.
462 2174 1386 2302 Doch dem mahrl undt oberen, mit
472 2253 1383 2355 höchstem bedanren beduhren vernemmen müßen.
482 2307 1392 2406 Wie daß junckern landtvogt Lombachs sel fr
473 2359 1413 2457 Wittib, gelt- vndt Stambhaffte sachen mitfröm¬
479 2422 1383 2523 odet worden, da dan nit mur uß argwohne
464 2469 1377 2570 sondern nur zur vill verspührten umbständen
473 2534 1399 2625 man die persohnen vermercken mögen, vndt
478 2586 1362 2692 sonderlich uff die by ira im hauß gehabte
466 2632 1381 2729 Barbara Meyer, alß eine von iren behabten
469 2695 1390 2798 Eheman abgescheidene von winterthur, so by
463 2742 1393 2853 fra nun etwaß zeits alß ein nägerun
458 2823 1391 2907 Im dienst gsin daß looß gfallen, von dem
470 2861 1394 2970 entfrömbdeten sachen, garigsames wüßen.
445 2925 1361 3014 Vndt bericht ze haben, Ist vollgens
458 2978 1391 3070 dise In die Obere gefargenschafft gethan,
1112 3055 1351 3141 vndt etc.
1609 429 2587 546 undt vollgens durch junckern Großweibern ung
1624 499 2559 584 diener die hergangenheit der sach mit ernst
1619 555 2566 655 lichem zuesprechen zu bekennen vermant worden.
1603 591 2571 699 die aber von einicher that selbs begangze halen,
1615 658 2570 755 bem wenigsten nützit bekennen, sonders alles
1621 718 2579 815 uff deß tischmachers mr Johannes Frölichs fr
1590 773 2585 866 undt tochter trächen wöllen, alß wellche damahls
1618 823 2593 918 noch nit Inn verhafftung wahren, Vnnd Also Ver¬
1596 880 2575 998 meint sich mit irem verlangnen unschulldig
1623 921 2570 1051 gemachen. Alß nun aber mr Johans Frölich
1623 991 2595 1114 der tischmacher sampt syner frauw und tochter
1617 1037 2580 1164 auch gefancklich ynzogen worden. Abendt mahe
1610 1099 2577 1209 undt oberen etc. dero geliebten herren mittwaht
1613 1162 2588 1269 herren zügheren Mürlern zue einem examina
1613 1221 2532 1328 toren-deßhalb verordnet, sollche persohnen
1622 1271 2564 1394 begangner diebstählen halben, ernstlich zue exami¬
1603 1327 2580 1434 inieren, vndt vollgens bewantnuß der sach, Ir G
1612 1381 2570 1503 zue referieren. Anbefollchen, wellichem nun
1607 1442 2424 1548 zur Vollg jr g Genelch stath beschächln.
1672 1528 2548 1656 1. Barbara Meyerin betantnuß
1611 1682 2549 1780 Da dan vollgens uff mhhre examinatoren.
1619 1756 2531 1840 fraernsthafftes zusprechen die wahrleit
1622 1801 2528 1899 zuebekennen, hat zue anfangs gemelte
1607 1858 2547 1934 Barbara Meyer vermeldet, daß sy vonn
1604 1904 2567 1997 vermelts tischmacher frölichsfr und tochter
1606 1957 2559 2034 leider verführt worden, daß sy auch in dero
1628 2001 2568 2093 bösen Dinschlag yngewilliget, Vnnd habe sich
1622 2045 2547 2140 erstlich die sach salbereit vor verschinnen
1622 2103 2574 2194 Jacobi also zuegetragen, alß deß tiechmachs
1623 2147 2551 2241 tochter Barbel prolich, im der fr Combachem
1608 2217 2544 2288 haußkommen, darin sy sonst schonn hienor jahr
1597 2254 2538 2328 woll bekant wahre zue ira sprachens, sy
1614 2297 2551 2389 werde alhier mit irem dienen- oder nägen
1626 2358 2553 2449 nit vill. Vndt woll so balldt von der frauwe
1617 2405 2539 2497 kein lohnn überkommen. Die frauw habe
1609 2457 2547 2551 Vnlangst ein dyches Ehrb erlanget vnndt Ire
1623 2522 2569 2614 kinder seyen auch nych gnug, wölle da schlüßel
1625 2581 2567 2657 nemmen, wie dan sy also balldt gantz begehrig
1625 2627 2530 2715 mit einem meßer-in der kleineren stuben
1618 2682 2555 2784 daß Bushet schäfftlin geöffnet, ein schlüßel
1621 2739 2552 2812 darauß genomen, vndt wie Ira deß frolichs
1621 2812 2547 2883 Tochter Alles woll bekant wahre darmit
1622 2846 2528 2917 daß duffet in der großen stuben uffgethan
1604 2902 2544 3004 Vndt die Schlußel darauß genomen, Vollgens
2379 2983 2515 3047 Dee etc.
