3024 4032
732 329 1341 479 Hanß Sehertenleib.
487 500 1408 675 Begmnach Hanß Schentenleib vmn
545 618 1394 725 Asfolltere, Vermög eines Ir Bs hüt
538 674 1376 806 überreichten chorgrichtlichen vortrags.
542 736 1399 856 In zwifachen Ehebruch gerahten, vnndt
538 795 1390 902 hiemit luth gesatzes daß landtver
540 853 1394 970 gewurket, Alß ist derselbe, uff er sy
560 925 1409 1037 Beuelch mit dem eidt von dero statt
529 978 1385 1111 unnd landt verwisen worden. Actum den
548 1033 987 1135 16. junii ao 1674.
699 1495 1244 1754 Hanß Binli
429 1788 1369 1989 E Hanß Winter von Ober
518 1943 1374 2042 Käßle, ist convinciert und vberwisen
519 2003 1365 2090 worden, daß er die Anna Brügger
508 2056 1379 2158 deß Byschlaffs-hältschlich beklagt, alß
506 2126 1362 2215 habendt ir G ime, zur verdienten
507 2179 1391 2286 Straff ufferlegt, daß er zwo Stundt
516 2237 1381 2352 lang an daßalßysen gestelt werde.
525 2304 1356 2408 sölle, mit condemnation deßwegen
498 2375 1369 2465 Vffgeluffnen Costens, Vnd Ira wegen
517 2433 1335 2536 erlitner schmach ze bezahlen, zwo
507 2486 1356 2601 doblonen octbr 31 juli ao 1674.
1735 468 2499 618 Heni Mäder. und Anna Synser.
1585 1214 2566 1310 Vndt wylen auch gedachte Synserin Bonhieuon
1592 1266 2570 1355 wegen zwifachen ehebruchs deß landts verwisen
1601 1313 2554 1404 worden undt hiemit noch einen ledigen fähler
1599 1371 2579 1473 darzue begangen, undt daß gesatz der straffhalben
1588 1413 2576 1520 Inn disem dahl nit gnugsamme erlüterung gebt
1585 1466 2558 1568 Alß ist sy lynserin in daß præedicament der
1592 1517 2558 1614 jenigen die vier ledig fähler begangen gesetzt,
1594 1592 2562 1679 unnd sy hiemit sechs jahr vom mahren statt und
1592 1634 2555 1730 landt, auch mit dem eidt verwisen wordenn.
1593 1696 2358 1795 oltima augusti ao 1674 exequsert.
1531 594 2545 719 Dasch dem uß dem Gorgrichtlichen Bor-
1609 664 2546 781 trag myhr vernommen, daß Anna Hynser dem
1607 723 2562 823 Beim Wäber nebend klagenden syschlaffs, auch
1611 771 2564 900 der ehe angesprochen, Wylen aber dieselbe
1608 830 2547 939 sollche ire ehe-ansprach nit erwysen können.
1581 867 2568 990 und er sy nit ehelichen wil, hiemit diß seine
1599 924 2577 1039 wäbers-dritter bekanter lediger Fähler dar-
1592 974 2571 1090 durch er die verwysung statt undt landts uff
1612 1053 2571 1154 sich gezogen, Alß ist derowegen er vermögen
1579 1102 2505 1214 gsatzes mit dem eidt verwisen worden.
1834 1891 2196 2003 Saniel Stußi.
1541 1977 2525 2072 Diewylen diser von bekanten kinhdiebstahls
1585 2048 2505 2130 wegen verhaffte Stußi über die verstandener
1581 2100 2512 2168 maßen weitere examination zur den beklagten
1593 2145 2515 2230 großen fisch diebstahl nüt gehüllffen haben wol
1590 2194 2517 2282 und also uff syner negatis verharret. Alß ist
1584 2246 2513 2335 derselbige wegen deß einmahl bekanten fisch.
1589 2303 2501 2388 diebstahls uff drey monatlang mit dem eidt
1590 2347 2532 2440 vom Bergeren zihl eidtlich verwisen wordenn
1578 2401 2535 2468 vndt auch dahin Condemniert, daß er nebend Ab¬
1571 2458 2522 2540 estattung deß gefangenschafft Costens, auch die
1589 2500 2501 2588 ersatzung der fischen, so gestahlen worden, er darby
1577 2559 2527 2641 gsin- und bekantlich ist leisten undt erstatten solle.
1589 2603 2354 2712 Actum. 12. Septembr. Anno. 1674.
