3024 4032
445 2452 1391 2553 Daß aber sy den abtruck der schlüßlen
425 2523 1353 2625 In leimb-gethan undt dem Barbli Frölich
435 2586 1391 2680 züegebracht habe, will sy nit gestehen und
435 2606 1395 2729 zeige auch an, alß man den prolich und syne
430 2661 1418 2778 frauw, Inn gefangenschafft geführt, habe sy zue
426 2716 1372 2837 Fra Meyerin gesagt, sy sölle mit bekennen,
410 2769 1387 2885 sy wölle fra jr läbenlang guts thun etc.
416 2826 1374 2949 Vnndt hat Also sollches, vnndt mehrers nit
421 2882 1329 3003 Ann der marter bekent undt erhalten.
1212 2966 1320 3073 ud
432 2038 1396 2138 Item habe sy Meyerin, auch dreü hembli
442 2109 1404 2197 8. lynlachen, L. Küßeli undt etliche zwacheli
449 2166 1397 2268 genomen, vndt In iren wrog- zue Kertzers
448 2224 1392 2323 gethan, undt auch vermeldet sy habe kein
457 2281 1398 2378 gelt mehr vndt Anders mit- dan noch Ire
460 2330 1380 2436 tragende kappen, So sÿ daruß gekaufft. e.
445 1329 1402 1495 Von der gulldene Kuti Aber, wellche daß
488 1415 1384 1544 Barbli Frölich mit einer Schär uffgehauwen,
476 1476 1381 1583 habe sy Meyerin nit mehr, dan 6 Ringli
470 1538 1394 1650 genommen, darumb dan daniel Berners fr
469 1590 904 1681 Jra 24 b gegeben.
470 1661 1424 1778 undt alß deß frölichs frauw, ab der Schweyli
460 1716 1416 1836 In dem saahl, darynn sy meyern, sy geführt 11
470 1773 1375 1875 zwey küßeli genommen, habe sy Meyerin
488 1831 1384 1944 vollgens, sollche selbs-tags in deßfrölichs
467 1897 841 1988 hauß getragen.
451 1326 460 1329 Von der gulldene Kuti Aber, wellche daß
513 295 1429 501 Alß wyßen schönen ynwahr und kindtsthause
484 373 1426 574 züg, wellches alles besagte Barbli Frölich
507 449 1444 625 gethan, daß trögli herfür genommen, geöffnet
510 502 1408 661 darin daß golldt gsin, daruon sy Meyer
517 564 1412 720 nit mehr, das wie by schon gesterig tagt be
490 613 1417 773 kent, die zwey Golldtstuck, Alß doblore
508 687 1430 861 und in zwifache ducaten, so in papgrlenen gn
510 745 1410 904 genommen, So habe die alte frölichene ze
502 809 1411 956 auch zwo sonnen conen. Item ein thaler
502 869 1422 1025 ein halben thaler, vndt etwaß An Muntzgel
484 922 1423 1085 daß überig müße besagts Barbli Frölich
478 1020 1423 1151 genomen haben, dan wie sy zur letst, alß
495 1070 1422 1193 im drittenmahl, widerumb darüber gan¬
478 1117 1419 1238 habe eß Barbli Frölich nit mehr dan nachr
481 1159 1350 1293 zwen vergüllt estellglimps gefunden.
1640 404 2398 549 BArbara Srölich gres alters
1689 501 2273 609 by 19 oder 20 jahren etc.
1519 576 2579 739 Dieselbige thut auch uoff ernstliches zusprächen
1556 658 2595 791 Inn dem strecki thurn angeben undt bekenne
1593 703 2586 829 daß ja sy uß dem groffneten großen trog, daß
1616 760 2590 880 Klein trögli, darin daß golldt gsin genommen uff
1618 817 2598 951 gethan, undt wie sy gesteren bekent, under drey
1617 872 2604 982 oder virmahlen, darauß by 4 oder 50 stuck
1608 927 2604 1051 In doblonen, decat, vnndt sonnen Crone anomen
1590 967 2606 1123 Auch uß dem rohten sekel thaler halb Thaler
1619 1080 2024 1179 unnd derglychen etc.
1532 1189 2571 1310 unnd von der gulldenen ketzi nit mehr, dann
1596 1251 2577 1352 5 oder 6 Ringli, so sy der bäceren sei gebenn,
1597 1307 2345 1419 die jra ein thaler darauß gelößt.
1520 1421 2580 1517 Vndt Alß Sy beide Barbli mit einanderen zue
1587 1475 2589 1575 letst ob dem Trogli gsin, seye noch mehr golldt
1587 1542 2585 1635 Vndt gelt, darin blibe 1 vonn den zweÿen
1594 1586 2592 1680 silberne restelgkimpffen will sy ganz mit
1592 1660 1818 1733 wüßen.
1524 2335 1535 2341 Da habe vollgens die Barbel Meyer die Mutter
1583 1757 2560 1855 unndt als ire Stieffmuther, Jra Vber
1577 1818 2572 1886 iren frogkommen, alß sy den schlüßel daran
1564 1871 2572 1950 vergeßen, vnnd Ira von dem Verhandnen gelt
1585 1923 2571 1994 by 10 b genommen, da seyen noch by 5 oder
1592 1970 2556 2071 dechß doblonen inn irem trog gsin, weßwegen
1576 2017 2547 2100 die mutter sy die tochter befragt, wo sy
1579 2078 2586 2172 mit sollchem golldt harkomme, habe sy eß ira
1576 2133 2559 2201 angezeigt, Vnndt vollgens auch sollcheß
1567 2180 2585 2277 der Meyern vermeldet, daß ire stieffmuth
1564 2234 2381 2324 jetzundt auch von denen sachen wüße.
1522 2341 2501 2468 Da habe vollgens die Barbel Meyer die Mutter
1554 2433 2573 2527 Auch underschidenliche mahl gereicht, die gmacht
1564 2480 2497 2569 geöffnet, unnd etliche sachen ira der Mutter
1574 2534 2565 2622 selbs inß hauß getragen, wellches sy ira wol
1556 2566 2573 2678 edoplet bezalt habe, unnd wan sy daharkommen,
1558 2634 2556 2711 habe sy balldt gemueret, wann nit die kannen
1570 2681 2299 2779 Alßballdt uff der feiß ghin seye etc.
1552 2743 2538 2865 Im dem schwartzen mit golldt gestickten seckel
1555 2819 2524 2910 Aber habe sy kein gelt gesechen, wüße auch
1583 2875 2547 2983 nüt von dem gälen athleßigen sekeli weßwegen
1566 2920 1979 3021 sy befragt worden.
2318 2989 2502 3093 vndt etc.
