3024 4032
438 451 1378 592 Demnach so habe er zue Arraz under dem fran¬
352 555 1363 634 tzösischen elsassischen regiment gedienet, allwo
442 612 1378 695 er einer margitänteren zechen stüber schuldig
448 656 1381 764 wahre und sy nit vermögen zebezahlen, seye
431 700 1351 808 er ussgerissen. sonsten habe er synn lebtag
440 767 1363 852 nichts böses gethan, dises aber, darzu er
427 809 1384 917 vonn dem weltschen balbierer verfuehrt worden,
446 871 1364 965 seye imme vonn hertzen leidt, bätte Gott den
428 926 1351 1010 Herren und ein hoche oberkeit umb gnadt
440 975 1343 1080 und verzychung. actum 16. martii 1675.
340 1037 1341 1154 Diser ist vollgens durch die profosen uff die gräntzen
418 1111 1308 1219 gefuehrt und inn sein heimeth vermant worden.
