3024 4032
506 294 1396 491 Bnnd, alß sy auch ernstlich befragt worden.
496 413 1408 549 anzuzeigen, wo sy mit dem gelt hinkommen
505 470 1402 609 bestatiget sy ire gesterige Bekantnuß
497 534 1411 678 daß alß sy ann verschinnen Martini
508 591 1417 732 mährite thuch zur einem fürthuch kauff
486 636 1408 784 habe sy daß golldt inn einem 6 trützer
482 703 1410 819 wärtige seckeli gehabt undt vermeindt
506 753 1422 884 sy stose eß widerfun den sack, habe sy eß
502 816 1403 955 nebenfur gestoß, vndt Verlohren, dan S
505 879 1396 995 Auch gar kein gelt nit mehr habe sonders
509 934 1394 1072 nach vndt nach mit Spÿß, vnndt Wyn
490 984 1436 1130 Spitzli vnnd Anderen gekaufften sachenn
494 1046 886 1138 verbraucht etc.
473 1622 490 1627 Vnnd Alß man Ira die doblonen, vndt zwifache
458 1143 1418 1290 Eß habe auch die Barbli Meÿer, den Bib¬
463 1216 1415 1344 truck deß Busfet- vndt Haußschlüßels, In
479 1278 1405 1402 Teimb abgetruckt, tra der frölichin ge¬
479 1339 1403 1457 bracht, daruon schlüßel machen ze laßen.
488 1393 1406 1496 So aber sy nit thunn wöllen undt fra den
490 1446 1420 1549 leimb widerbracht, unnd gesagt, eß wurde
472 1497 1197 1607 eß kein schloßer nit machen
814 1138 831 1140 verbraucht etc.
470 1627 1406 1751 Vnnd Alß man Ira die doblonen, vndt zwifache
455 1727 1419 1814 Ducaten, so ir Lombach in einem papprli hatte
446 1775 1396 1867 und 2 alt batzen gezeigt, ob sollches nit
466 1826 1402 1904 vonn dem golldt seye, so sy genommen, zeigt
472 1885 1399 1970 sy Also balldt Ann, Eß seyen auch derglyhen
443 1935 1423 2027 doblonen gsin, die dncate aber vndt altbit
452 1987 1417 2082 habe sy nit gehabt, sonders seye ires vatters
416 2539 1380 2649 Wolliche also diß unnd anders nit gestehenn
436 2601 1383 2687 noch bekennen öllen undt an der Marter
427 2666 1397 2772 erhalten, mit vermelden, daß wan die fr
418 2708 1407 2834 Lonbachenen nach irem klagen, so vill klohren
429 2767 1325 2882 habe, müßindt andere, schonn hieuor
429 2842 1018 2949 sollches gethann haben.
1063 2957 1255 3072 D
436 2133 1404 2249 Ward auch befragt, ob dan ir vatter von sollen
449 2208 1405 2306 sachen uitzit gewüßt. vermeldet sy nei
454 2259 1379 2341 er habe gar mit darumb gewüßt, sonders
443 2317 1388 2410 wan sy etwaß kauff, vermeint, eß seye
439 2369 1401 2453 vonn dem gelt, so ira von der Vergabung von
449 2432 881 2518 wohlen worden seye.
2494 1061 2533 1069 Ine einem anderen mahl, habe die magt sy
1511 670 2590 829 Dieselbige bekent nochmahlen, daß sy andern
1620 755 2607 877 nüt, dan die zwey mäß mahl, alß die Meye
1616 797 2582 935 erin sy in der fr Lombachin hauß gereicht
1604 860 2595 998 unnd sy fra inn einem seckli selbs gebenn
1609 949 2018 1053 hembgetragen habe.
1566 1069 2564 1186 Ine einem anderen mahl, habe die magt sy
1572 1145 2578 1276 widerumb gereicht und in den oberen saal
1602 1197 2607 1332 geführt, alda uff einer schweybi, gettgwandt
1604 1256 2595 1391 gsin, hab sy zwar uff sollchen anlaß ein groß
1595 1317 2608 1428 rachtsvndt ein kleins küßeli genommen undt
1609 1388 2575 1480 beseits gelegt, wellches aber die magt jra
1602 1438 2197 1537 selbs nacher hauß getragen.
1581 1542 2571 1662 Item habe die magt zue einem anderen mahl
1588 1617 2549 1713 sy gereicht, da sy zwar ein ehrigshäfeli
1596 1655 2568 1754 3 oder 4 zwächeli amch 5 oder 6 lymen
1588 1729 2565 1809 lachen nebentsich gelegt, die magt Meyerin
1588 1776 2553 1867 aber habe ira sollches auch inßhauß getragen
1595 1846 2560 1921 so sy fra woll bezalt, inn dem sy traschomw
1573 1872 2569 1963 hieuor im Mertzen zwo Sonnen konne, Vndt
1582 1933 2563 2029 Auch nach vndt nach uff ir forderen, bald 4
1580 1987 2579 2073 F 15 b. geben von sollchen irer stieffen
1568 2034 2576 2133 tochter mit der magt gethane vrhandlungenn,
1583 2096 2563 2188 habe sy zueuor nüt gewüßt, biß daß sy der
1583 2143 2564 2240 Talter vber den trogkomen, ira by ungefahr
1583 2190 2516 2274 10 l genommen, vnnd darauff die tochter
1585 2241 2549 2329 befragt, wohar sy mit sollchem geltkomme.
1582 2279 2525 2380 die eß jra vermeldet vnd seye die sach Also
1570 2330 2150 2426 daruff balldt ußkomen; etc.
1530 2425 2545 2551 Eß seye auch alleß daß jenige, waß ira zue
1557 2505 2552 2600 getragen worden, amn haußraht zwen silber
1558 2555 2526 2643 erig bächer, vnndt drey Apostes Löffel, ihnen
1559 2605 2522 2703 jrl Lombach widerumb zuegestelt worden
1556 2660 2556 2740 unnd weewol sy auch ernsthafft befragt worden
1549 2699 2531 2781 Ob sy sonsten der diebstählen nit mehrers
1562 2748 2521 2842 theilhafft worden, wylen sy aillezeit köstlich
1575 2792 2521 2880 unnd woll geläbt, hat sy anders nüt, dann
1574 2847 2500 2943 obstaht, bekenne wöllen, unndt daß Ir Mann
2308 2935 2512 3037 darvon etc.
1675 418 2448 569 mr Johannes frölichsfrauwen
1699 494 2450 616 ant Madlena Banweter, von
1654 554 2546 670 Brachsellwalldt gebürtig, gekantnuß
