3024 4032
368 786 1344 886 Zum dritten mahl, seye er vor nun ungefahr
504 847 1365 944 12 wuchen mit dem Rudollff Hagellsteine
500 901 1372 1003 ob einem floßschiff gsin, wellches er kagell,
500 955 1339 1050 stein mit einem viel geöffnet habe darin
1256 776 1390 785 Aber mit ime wagner darumb abgeschaffet
485 1020 1393 1117 sy aber nit mehr alß 2 oder 3 disch, darund
497 1075 1384 1185 ein tryschlin gewäsen, gefunden, wellche auch er
497 1141 1363 1243 Bagellstein sein poßerts fr ußem schafft
485 1184 1365 1301 genomen, und geßen, Auch noch darzue vom
491 1254 975 1347 synem brodt genomen.
373 430 1380 552 Dem anderen mahl haben aucher und stuße
491 500 1380 615 Dem mr Niclaus wagner in dem schlyffe
488 555 1365 661 bach sein floßschiff genommen, wellche hisch
503 619 1373 709 sy auch mit einanneren genoßen, habindt
503 662 1392 776 Aber mit ime wagner darumb abgeschaffet
459 1322 1365 1440 Alß er befragt worden, ob er nit auch ann
483 1399 1365 1507 dem neüw jahrß abendt, da so vill Fischver
495 1455 1371 1551 lohren worden, darzue gehollffen habe, hat
492 1503 1377 1615 er daruon gantz nützit weßen wollen noch
475 1563 1004 1665 das er darby gsin seye etc.
790 1347 799 1348 synem brodt genomen.
437 1705 1383 1808 Nash dem nun vorbeschribner Bencht
474 1791 1378 1871 und bekantnuß deß verhafften Hanß Rudolff
473 1832 1370 1912 poßertshalben vr B. So woll seiner seits
473 1887 1377 1982 Alß auch seiner mitgespahnen, schonn lienor
476 1940 1350 2033 mit mehrerem wegen geklagter disch die
452 1995 1329 2085 bereyen bedehrlich verstanden, Habendt
476 2041 1335 2130 vollgens mahren und oberen sub 29. octobr.
455 2105 1359 2193 jüngsthin mhhrln nahtsherren engel zu einem
476 2160 1338 2255 Excaminatoren verordnet, gedachten Poßert
473 2216 1371 2305 ernstlich zue examinieren, zueglych auch Inne
470 2275 1342 2353 gegen dem daniel stüßen irer unglychen
467 2331 1304 2426 bekantnußen halben, zue confrontieren,
453 2383 1339 2484 wellichen gnädigen benelch auch statt beschehen.
416 2550 1370 2626 Alß nun ermelter Poßert Alleß ernsts ver
436 2594 1368 2664 gemant worden, gott dem Herren die ehrzegeben,
442 2639 1361 2738 und die warheit zu bekennen, wie eß mit sollen
446 2691 1377 2793 uß den blößen underschidenliche mahl genomb,
427 2743 1353 2856 nen dischen, alß auch anderer sachen halben
441 2824 762 2913 hergangen seye.
448 2853 1340 2974 erstlichen ob er am letstuerscheinem neüw,
424 2916 1362 3044 jahrß abent alß da gar vill disch uß dem
455 2968 1374 3077 flößen genommen worden, nit auch darzu geholften,
442 3017 1385 3113 antwortete er, daß er jahr nit darby gsin
443 3092 1206 3178 und also deßorts unschulldig seye.
1552 434 2556 571 Alß aber gedachter Poßert und Stußi irer hieuorig
1580 486 2560 616 gekantnußen, da sy fürgebent zum ersten mahl
1581 528 2557 657 Uber das floßschiffgangen zur zeit da eß schon
1580 569 2548 711 gartnet gsin seye, gegen einanderen confrontiert
1593 622 2551 753 worden, wyl ein jederer die schulldt unndt ursach,
1573 680 2541 810 uff den anderen schieben wollen, hat also er
1577 730 2549 881 Poßert vermeldet, daß er undt Stüßi vorein
1576 789 2551 936 hauß uffen Benckli sich mit einanderen under
1582 854 2523 964 redt, wöllindt uber daß flooß und ein aßem
1586 897 2552 1021 Fischnemmen, seye sein stußis frauw Auch darby
1567 943 2542 1105 gen, da seye er Stüßi zue erst bim Bloßschiff
1582 1022 2555 1151 gsin unnd mit einem schlüßel probiert, ob er
1569 1064 2553 1210 uffthun könne, wyl aber er mit dem schlüßel
1581 1130 2529 1257 entschaffen können, habe er mit einem großen
1580 1179 2532 1288 nagel probiert und auch nit können offnen
1589 1237 2532 1347 sagte er stüßi er wölle eß blyben laßen. Da
1588 1290 2537 1399 habe vollgens er Poßert gesagten nagel, so seine
1587 1339 2544 1448 fr dargeben, genommen und darmit daß schloß
1580 1388 2550 1506 Alßballdt geoffnet, die Fisch inn einen sack ge-
1567 1447 2517 1550 nommen, in deß Poßerts hauß hinauff getragen
1583 1505 2560 1612 wellche auch sein frauw noch selbige nachtgetödt,
1579 1554 2544 1651 unnd mornderst imme Stüßi sein theil darnan geben, wie
1579 1622 2548 1710 dan Stüßi by 9 oder 10 fischen empfangen ze haben
1590 1671 1761 1747 bekent.
1560 1733 2541 1851 unnd alß morgens Früy sein poßerts fr uff dem floß
1559 1799 2532 1875 den nagel gesächen, habe, sy eß imme angezeigt, sy ha
1587 1853 2538 1922 bindt den nagel uff dem floß vergeßen, da habe
1568 1897 2237 1984 Poßert Alßbald denselben gereicht.
1558 1954 2492 2067 Alß er befragt worden, ob er nit gemeinlich
1559 2032 2504 2107 nachts von der matten durch den gerberen graben
1575 2076 2506 2150 seinen wäg genommen. Unnd wyll offtmahl daselbst
1574 2146 2509 2205 läder verlahren worden, er nit auch darumb
1564 2171 2530 2238 wüße, hat er bezeget, daß eß nun mehr dann
1564 2215 2535 2296 ein halb jahr seye, daß er disen wag nit gangen,
1583 2261 2517 2340 seye, mochte wünschen, daß er im obrigen auch
1580 2305 2529 2393 so unschulldig wahre alß sollchen läders halbenn.
1565 2337 2515 2427 dan er deßorts bim wenigsten daruon nüt wüße.
1548 2469 2506 2572 Ward auch befragt, warumb er sich dan geüßeret
1570 2523 2528 2616 habe, vnd hinweg gemacht; vermelldete er, seÿe
1549 2566 2514 2651 geschächen, wylem stüßi und kägellsten in der
1568 2635 2514 2702 gefangenschafft waren, vnd er vernomen, daß man
1553 2666 2509 2743 Alle schulldt uff inne legen thüge. Vndt eß seye
1570 2711 2543 2801 Auch dem herren von Utzigen yngebrochen und villgelt
1580 2768 2509 2845 genommen worden, unnd eß möchte liechtlich nun
1570 2812 2517 2907 argwohn uff ein unschulldigen fallen, da habe er sich
1579 2865 2514 2930 zwar nacher Kertzers- zue synes vatters räbenn
1589 2910 2505 3007 begeben, biß daß er vernemme waß eß für einen
1558 2963 2523 3056 ußgang mit den beiden verhafften, der dischenn halben
1578 3009 1887 3098 nemmen werde.
2284 3077 2407 3196 Do etc.
