3024 4032
391 333 1405 529 Demnach ward der junger buiden Barte
481 428 1405 603 lomne Burcki synes llters ungefahrzwüschen
494 478 1406 640 11 unnd 12 jahren, auch vom mehren cna
490 559 1388 680 minatoren Aller Vmbstenden befragt, wie
487 603 1401 768 eß hergangen seye, die wahrheit Anzueze
470 664 1421 822 der dann allezeit mit mechtigem wegnnden
483 724 1371 857 vermeldet, daß Ja Vngefahr vor Läche
481 794 1359 909 wuchen, alß er ine synem bruder Baschen
486 868 1385 984 gelagen, Merere Rulir zu haben, wylenn
497 908 1406 1054 er etliche eyßen hatte, Da habe synn bruder
485 978 1384 1086 Alß er uff der syten gelägen, imme sollche
493 1042 1388 1152 leidige that zu begehen ze laßen oder imme
497 1104 1370 1214 still gehalten. Angemütet, der zwar sich
481 1163 1358 1277 deßen geweigeret, vndt Aber pff synes
494 1220 1349 1343 bruders nit gehirmens, ime ynwillig
493 1273 1375 1383 müßen, uß forcht daß er inne sonst
494 1334 1355 1427 schlagen wurden Mit vermelld, Auch
487 1403 1387 1494 daß die sach also hergangen seye, daß syn
501 1453 1372 1559 bruder Vngefahr by Zechen mahlen, vndt
485 1503 1367 1628 Also zum zeiben, wann er by imme gelägen
505 1576 1372 1670 seye, die That Verrichtet, vnd Rev: synn
494 1638 1401 1720 Rethen, ime dem jungeren beseits ligendt
483 1687 1360 1783 hinden yn, in synen lyb gestoßen unnd habe
476 1738 1401 1834 woll verspührt, daß mithin etwaß saßes
486 1790 1407 1877 Inn inne kommen, daruff er dan vffgestandt
479 1848 1417 1941 vnndt daß Naße widerumb (rev: Inst
468 1903 1375 2009 Nachtgschir gelaßen, habe Auch Anfangs
475 1971 1076 2069 darvon schmertzen gehabt.
443 2113 1389 2230 Nach dem er befragt worden, wer sollches
461 2192 1365 2280 ußbracht habe, vermeldete er daß die¬
464 2261 1383 2352 zuchthauß oder kinder-mutter ime Barth
454 2306 1359 2400 elome, in die kuchi geruffen und die magt
483 2355 1371 2458 so alda ware heiß hinaußgehen, da
463 2408 1342 2525 habe sy inne befragt, warumb er
476 2462 1351 2578 z nacht also schreye, wann er by synem
472 2523 1347 2624 bruder Barthli Eige habe er gesagt
466 2573 1333 2678 er stoße inne gäng, undt thüge ime
471 2614 1368 2752 wehe-Ann synen eyßen. Die mutter
467 2664 1395 2808 habe aber inne noch ernsthaffter gefragn
474 2757 1342 2849 er sölle ira die warheit anzeigen
483 2776 1354 2910 oder sy wölle inne schlagen, biß daß
462 2838 1366 2965 er die warheit sage, uff solliches be¬
1064 2920 1324 3003 threüwen etc.
1664 394 2597 524 habe er ica angezeigt, daß sym bruder imme
1563 454 2617 619 zuacht z v h zw seyn halte iso erschandt
1670 507 2598 661 geagkfenen ihnen zinbstoße unnd
1668 565 2531 705 eme wehe thüe, daß erwkrrche nße
1671 632 2440 766 dahar nun seye sollches ußkommen.
1664 689 2589 818 unnd alß die mutter inne darüber bestrafft
1668 762 2582 861 und imme angezeigt, wie daß sollches ein so
1663 804 2583 931 große sundt seye, habe er synem bruder
1650 860 2593 998 zue sollcher that nit mehr ynwillig wölle.
1640 956 2589 1103 Eß seye auch nun by 7 jahren, daß era
1662 1032 2560 1141 r alhar inß zuchthauß kommen, habe auch
1675 1086 2542 1190 eine mutter nit gerent, dan sy gestorben
1665 1136 2544 1253 seye, alß er noch gesagen habe, weße auch
1660 1188 2550 1297 nit wie sy geheißen, Auch habe er bißhero
1658 1253 2552 1349 In dem zuchthauß allweg muß wellen
1653 1300 2408 1412 erläsen unnd lehrnen zwienen. P.
1620 1442 2551 1561 Alß um vollgens sy beide gebrüdere gegen
1651 1516 2580 1617 einanderen confrontiert, und irer beiderseibs
1629 1577 2562 1685 gethanen bekantnußen, ernsthafft vermant
1643 1635 2556 1743 worden, die wahrheit zu bekennen habend
1642 1701 2570 1799 sy beiderseits, die vor erzelte hergangen
1640 1763 2547 1855 heit bestätiget, Da dan der eltere auch
1641 1815 2565 1911 gestendig, daß sein bruder, eß allwegen
1646 1866 2568 1961 Ungern gethan habe, habind Aber nit
1646 1924 2562 2010 gewüße, daß eß ein so großde sundt seye.
1642 1965 2572 2061 Bätbindt derowegen gott den Herren und
1647 2017 2580 2097 ein gnädige hoche Oberkeit vmb gnad, vnnd
1634 2065 2559 2170 verzychung Acti 30. aprilis anno 1674
1823 2638 2482 2772 Bollhget hernach daß diser beiden
1814 2724 2544 2841 knaben halben ußgesezen Parp.
