3024 4032
322 2161 439 2256 Fr.
341 2270 419 2356 G.
308 2361 433 2489 Fr.
335 2542 416 2627 2.
316 2690 429 2784 Fr.
337 2838 414 2933 el.
308 2964 420 3066 Ir.
316 3057 412 3174 2.
316 3174 437 3279 Je
287 3389 389 3503 2.
316 317 450 427 490.
505 452 1466 601 3. Beth Ziehen habe Sie der Frau Haller
515 534 1419 647 die andere Beth ziehen des Loris Weil
522 628 1471 734 verkauft, und die Haupt-buß- Ziehen dem
511 693 1103 813 Johannes Bischofftberger.
503 836 1459 977 Sie wolle auch zugleich noch bekennen dem H.
515 912 1513 1044 Specieres von Werdt ein Tisch Lochen genommen,
521 985 1371 1079 und dem Sternen wihrt verkauft zu haben.
496 1081 1423 1197 zu Hand dann befinde sich noch eine Tischlachen
515 1186 1465 1296 mit rohten durchstaben, welches Sie bey der
499 1243 1022 1357 Hinzen Band entwendet.
500 1358 1453 1456 dißmal versichere Sie, daß Sie ihr Herz von
507 1413 1356 1526 ihren bosten thaten völlig geleeret habe.
509 1537 1476 1642 Obstehen ihr noch eine Liste von verschiedenen Died¬
504 1616 1455 1713 stählen und verfürsten, auch deßen so sie verkauft,
498 1681 1482 1777 vorgelesen, und sie scharf darüber befragt worden, wolte
510 1767 1473 1828 Sie denoch ein mehreres nicht eingestehen, mit Verdeüten.
504 1826 1489 1904 Sie habe oft von ihren eigenen Sachen verkauft, oft aber
493 1912 1466 1985 von Leuthen Sachen zum Verkauf bekommen, die sie dann
491 1965 1469 2057 verhandelt, und also nicht gestohlen. Sie hoffe auch, daß
490 2036 1457 2120 die übrigen verkauften Sachen niemand ansprechen werde.
496 2165 1367 2264 Ob sie ihrer tochter nichts zu verkaufen gegeben.
483 2275 614 2372 Mein
486 2370 1485 2473 Ob die tochter dann nicht eine haube des färbers tochten
498 2441 1002 2546 an der matten verkauft.
477 2560 1429 2668 Ja, sie besinne sich daran, sie seye die ihrige gewesen.
489 2665 1482 2772 Ob Sie alle diese Diebstähle, außert dem im Mörin
490 2747 1188 2845 gang allein, und ohne Hilff verübet.
472 2845 1074 2961 Ja, sie habe Sie allein verrichtet.
485 2947 1472 3053 Ob sie nicht mit einer Stettlerin genauen Umgang habe.
475 3028 1389 3163 Sie kenne sie, habe aber keinen Umgang mit ihr
485 3164 1434 3286 Ob der schumacher Haag, wo ihr Mann zu Zeiten
492 3216 1467 3349 erbeiten, von ihren schlimmen sachen nicht gekantschaft
467 3308 1307 3411 gehabt, und sie ihm dergleichen zugetragen.
472 3358 1452 3540 Sie habe ihm nichts geoffenbaret noch zugebracht.
1559 538 1665 651 I
1575 711 1639 790 11
1566 864 1672 956 Ge¬
1583 1385 1644 1448 A.
1539 1477 1695 1558 Inotier
1570 2178 1650 2265 2.
1533 3038 1684 3136 Gesingt
1521 3259 1654 3363 Reitbe¬
2540 507 2694 598 491. 2.
1695 497 2621 707 Sie komme wegen der Seisten Rugeln mit ihrem
1703 611 2133 708 Mann nicht überein
1693 663 2673 845 Sie habe einmahl dergleichen Rugeln von einem Kruen
1700 764 1921 853 gekauffet.
1727 861 2673 1007 die Tochter Klage Sie an, daß Sie heimgekommen, und Sie
1696 935 2658 1076 zu dem diebstahl im Mörengang verleitet, und ohnge¬
1707 989 2691 1132 rachtet, Sie sich geweigeret mit zu gehen, Sie durch ihre v
1704 1040 2642 1170 Reien dahin gebracht. Anbey sage Sie, daß Sie nur
1715 1116 2662 1239 im furtuch voll allein und zwar aus dem Mören gang
1706 1170 2643 1291 heimgetragen, und darnach seÿe Sie zu Haus verblieben,
1703 1232 2671 1352 und zu Reth gegangen. Solle also ihrer Tochter nicht
1699 1284 1976 1385 Unrecht thun.
1709 1380 2613 1499 Sie müße gestehen, die tochter rede die wahrheit.
1737 1474 2641 1567 Da es unbegreiflich, ja unglaublich seye, daß Sie alle
1709 1535 2687 1624 diese diebstähl also ohne Hilff habe begehen können, und
1701 1595 2641 1704 Eine Hohe Obrigkeit ihre Mit Gethäter wißen wolle
1709 1663 2643 1756 deßhalb auch anbefohlen, wo sie hierüber die Wahrheit
1705 1715 2452 1789 nicht reden werde, die Marter anzuwenden,
1701 1777 2657 1861 Herohalben beede Sie zum letzten Mahl mit allem Ernst
1702 1837 2652 1929 ermahnet, sich doch vor Schmerzen zu seyn, und ihr Ge¬
1704 1902 2687 2001 bißen gäntzlich zu entladen, mithin zu bekennen, wann ihr
1693 1953 2679 2045 Mann oder jemand anders bey verschiedenen diebstählen,
1696 2018 2671 2120 und sonderlich im Mören gang mit offnung der Claßen
1697 2089 1944 2185 Hilff geleistet.
1694 2181 2673 2267 Sie könne gar nicht anderst reden, beharre, daß ihr mann von
1709 2250 2678 2352 allem gantz unschuldig und unbißens seyn, und könne auch nieman
1695 2321 2115 2409 als Mit Gehülff angeben.
1745 2374 2690 2505 Gedte Gott und Eine hohe Obrigkeit ein eine gnädige
1693 2460 1857 2567 Urtheil.
1946 2729 2351 2835 3ten Examen
1685 2822 2605 2949 Mit. Joh: Rudolf Bufrene dem Schumacher
1691 2944 2316 3038 Auf vorherigen kräftigen zuspruch¬
1701 3012 2678 3126 seye alles ernsts ermahnet zu bekennen, was ihm von seines
1693 3066 2651 3188 Weibs verdächtiger Handlungen, und diebstählen in bißen
1678 3164 1789 3272 se
1677 3223 2624 3324 Nichts anders, als da seine Muter ihm gesagt, daß sein
1682 3263 2643 3374 Weil im verdacht seye, des Diebstahls im Mähren gans,
1679 3310 2649 3438 und er darauf auf der Lauben eine Kappen und S. Paar
