3024 4032
354 318 523 416 433.
2602 345 2734 445 433.
1688 378 2528 604 riminal. Procedur
2023 534 2228 647 wegen
1646 579 2696 745 Mauigno Bussene gebohrne
2213 669 2737 803 derselben Eheman
2165 688 2208 794 23
1760 707 2033 838 Weniger
1676 758 2698 941 Johann Rudolff Duissene den
1735 853 2593 1019 Schumacher, und der
1671 943 2581 1111 Mariana Weinger ihrer
1748 1050 2347 1200 Unehrlichen Tochter
1680 1166 2670 1284 Als heute den 12ten Augusti Meine WohlEdle
1679 1238 2706 1377 Frau Haubtmannen von Watterin il von Neüs
1684 1320 2752 1476 Meine gnädige Herren Großweibel Strivier anzeigen laßen:
1681 1387 2743 1552 Es seye nunmehro offenbar, und habe Stroben bey
1687 1472 2737 1581 der Stell, daß die Gethätere des bey Ihr besche¬
1688 1541 2706 1658 henen beträchtlichen diebstahls, der Schumacher
1694 1614 2662 1737 Dufrene, sein Weib, und deßen uneheliche
1699 1689 2674 1819 Tochter seyen. So hat wohlermelt MGH.
1687 1787 2722 1909 Grosweibel denen Thurn Weibeln schleünigst den
1695 1857 2731 2003 Befelch ertheilet, diese verdächtigen Leuth aufzu¬
1691 1947 2742 2067 suchen, und auf Betretten gefänglich einzustehen,
1693 2038 2449 2154 welches ihnen auch alsobald gelungen.
1680 2115 2627 2233 Worauf beyde Meine gnädige Herren Groß Weibel und
1690 2198 2739 2295 Gricht Schreiber so gleich in die Wohnung diese
1684 2274 2731 2376 inhaftierten, nahe bey dem Gerechtigkeit Brunnen
1702 2334 2712 2463 sich verfüget, und alles durchsuchet, da dann nicht
1688 2416 2701 2534 nur der meiste Theil von der Frau Haubtmannin
1690 2481 2709 2570 von Wattenwyl geklagten Diebstahl wieder ge¬
1697 2566 2716 2666 funden, sonder annoch auf dem beschloßenen Estrich
1697 2649 2740 2725 ein der auf Tröglin voll, von neuen weißen Tyroller
1679 2715 2730 2824 Strümpfen und Kappen, welche vermuhtlich von dem
1696 2791 2733 2898 letzte Oster Meß, in dem Mören Gang nächtlicher
1694 2875 2730 2950 weil begangenen Diebstahl herkommen, entdeket
1694 2958 2697 3034 worden, und villeicht noch mehreres an den Tag
2136 3021 2743 3132 Tags hernach wurden folgende
1687 3041 1929 3110 kommen kan.
1680 3091 2370 3212 Informationen aufgenommen.
2332 3306 2718 3428 Information
