3024 4032
161 3068 299 3178 Fus
243 1081 359 1227 Kag
232 1549 375 1657 Ants.
233 1850 355 2005 Frag
235 1995 362 2098 Ants.
274 250 413 345 202.
297 356 441 472 Ants.
685 243 936 382 de
477 367 1432 564 Nachdemme seine frau ihme in seine
440 467 1451 660 Stuben nicht bescheit geben noch auf
416 530 1457 728 machen wollen, habe er ihr vor ihn
421 626 1446 806 Streits Stuben nachgefragt, und nach¬
417 732 1418 889 mage er villeicht wohl gegolderet
407 829 1444 991 haben, weilen ihme Siemand deschei
405 921 625 1019 geben?
414 1107 1422 1274 Ob nicht kurz, ehe er den unglück¬
385 1184 1426 1356 rlichen Schuß gethan, der Streith ihne
396 1298 1349 1426 nochmahlen zur Ruhe und zum
381 1372 1041 1513 frieden vermahnet?
403 1537 1335 1696 Ja, es habe ihne jemand zum
353 1645 1393 1790 frieden vermahnet, wüße aber nicht
382 1743 872 1874 wer er gewesen.
385 1821 1357 2027 Was er nun hierauf geantwortet:
380 2011 1336 2153 das könte er für gewiß nicht stagen.
361 2106 1319 2241 in einer solchen Kasterey, wie er
346 2177 1329 2316 sich damals befunden, habe er, so
338 2270 1350 2413 viel er sich erinnere, bösten Bescheid
340 2375 1284 2508 gegeben, glaube er habe ihme
331 2471 1330 2611 nichts zu befehlen in seinem Zinß,
341 2578 1328 2715 oder dergleichen, wie schon gesagt,
340 2648 1299 2808 Neye er zornig, Berauscht und
317 2776 1331 2907 gleichsamm außert sich selbst ge¬
312 2865 1295 3003 vorsten, so daß er nicht wußten
321 2967 1056 3095 Was er eigentlich geredet.
337 3084 1326 3244 Ob er sich dann nicht erinnern, daß
315 3174 1345 3328 er dem Ulli Streith oder dem Man̄
314 3262 1337 3413 vo Ihne zum Frieden vermahnt.
289 3365 1334 3510 In dreyen Mahlen bedrohet, Ihne
305 3461 1304 3603 über einen Hausen zu Schießen.
1492 998 1604 1162 dig
2591 256 2726 337 203.
1899 301 2218 428 Anlicher
1536 395 2695 571 Ihr. Nein, das habe er nicht gesagt, wohl
1632 482 2742 625 aber als alle drey bey einander gewesen,
1640 562 2734 717 habe er getrohet, wann Sie weiters an¬
1633 634 2734 783 recken- und unter sein Tachtrauff und
1632 727 2677 868 keinen zins kommen, wolle er auf Sie
1620 848 1894 973 Schießen
1646 963 2641 1132 Nach seiner eigenen Außag habe
1625 1064 2674 1169 Niemand als er allein, fermen und
1617 1156 2671 1307 ungestühmes wesen gemacht, und die
1620 1247 2704 1382 anderen haben Ihne nur zum frieden
1626 1321 2628 1449 und zur Ruhe vermahnet, hiemit
1611 1413 2680 1547 habe er nicht Ursache gehabt, sich zur
1608 1500 2698 1640 Gegenbahr zu zubereiten, und zwar
1618 1571 2698 1704 mit dem Gewehr, da ihme Wiemand
1606 1654 2716 1783 nichts ungütliches angethan und zuge¬
1596 1729 1800 1844 weckt.
1507 1863 2707 2016 Anth. Er habe nicht gewußt, was es abgeben
1600 1960 2726 2088 werde. Als er gehört, daß Leute cher zu
1597 2046 2636 2177 kommen, und geredet, Sie wollen ihme
1597 2132 2666 2270 den Meister schon zeigen, diß habe
1596 2210 2708 2345 Ihne leyder plözlich zum Schießen ver¬
1593 2305 2720 2446 nleitet. Er bezeuge bey seinem Ge¬
1582 2392 2708 2526 wüßen, daß er Niemand gekennet
1588 2474 2646 2606 auch nicht gestehen, wie mancher, ob
1593 2541 2671 2706 Einer, zwey oder Frey gegen ihne
1583 2635 2064 2739 daher kommen.
2078 2648 2702 2787 dejenige gleichfalls
1579 2708 2694 2860 daß er auch Niemand gestehen als
1580 2802 2684 2933 er geschoßen, sonder nur auf das
1593 2866 2574 3015 Reden, so er gehöret, abgeschoßen
2573 2932 2644 2994 1
1581 2949 2636 3097 seye ihme also gleich herzlich leyd.
1578 3037 2633 3187 gewesen, und hätte stein Gutt und
1582 3118 2692 3268 Denk für den unschuldigen Verwunden
1549 3198 2665 3353 gegeben; da er alsobald hernach¬
1579 3296 2697 3450 in deß Streits Stuben seinen Tod ver¬
1574 3400 1821 3487 gnommen.
2468 3552 2632 3693 Baag etc.
