3024 4032
329 327 477 422 474.
369 1099 493 1226 Fr.
351 1591 504 1675 Stettl
332 1841 454 1960 B.
340 2013 440 2117 A.
388 2317 487 2422 zu
336 2333 388 2406 1
341 2422 418 2508 El.
329 2564 440 2663 Ir.
335 2651 422 2775 d.
334 2777 442 2889 she
335 2892 426 2972 21.
335 2996 426 3106 Ir.
284 3326 399 3420 A.
859 427 1264 552 Examen
685 488 975 599 Jeh. Rudolff
515 535 1498 689 Mit Daniel Dufrene dem Scha¬
518 666 751 762 gmacher.
509 741 1439 846 Auf Ablesung seine dersten Examens
518 841 1483 954 bestäthigte er deßelbe durchaus als wahrhaft
522 901 1452 1017 mit dem verdeüten, er habe auch nichts
521 988 942 1099 mehr beyzufügen.
532 1097 1451 1209 r wolle unterstehen zu erweisen, daß er
514 1191 1388 1283 an dem Abend, da der Diebstahl im
503 1263 1437 1366 Mörengang beschehen, von halber Acht
517 1336 1370 1441 Uhr des Abends, biß nach 6. Rthr. an
510 1392 1482 1513 Morgen auf dem großen Kirchthurn gebohrnen,
522 1494 1494 1610 durch bey er dieses geweisthum leisten solle.
546 1593 1491 1706 durch Mstr. Amport. Alle drey Hoch wäh¬
799 1659 1438 1765 Joh. Hübschi Liter auf dem
809 1722 1478 1836 Ein: Digler großen Kirchthurn.
513 1848 1424 1954 Er werde sich wohl errinneren, wo Er den Tag
503 1923 853 2029 hindurch gewesen.
503 2021 1473 2141 Er seye vor Mittag zu Hauß, und villeicht
506 2112 1459 2224 den Nach Mittag an der Matten bey dem
483 2194 984 2298 Mstr Haag gewesen
502 2309 1337 2424 Ob Er bey Hand zu Nacht geschießen.
494 2420 1466 2527 Ja, und seye darnach auf die Wacht gegangen.
493 2516 1212 2666 Ob Er allein von Hauß gegangen
497 2650 571 2765 In.
479 2776 1407 2904 Ob Er am Morgen wider heimgegangen.
485 2886 1495 3014 Ja. am 6 uhr, da er von dem Thure gekommen,
485 3005 1473 3127 er habe versichert, daß er nur zwey paar Brun
491 3059 1463 3188 wollene Strumpf habe, hingegen aber befinden
484 3138 1472 3261 sich wohl 6. pars ungewaschene, die Er allen
474 3229 1132 3330 Anschein nach getragen habe.
472 3323 1443 3445 mit seinem wüßen habe er nicht so viel neue
474 3412 1005 3526 paar Strümpf getragen.
1547 3014 1669 3124 Gelb.
1582 575 1676 662 Gri
1592 720 1683 823 13.
1571 951 1681 1055 S
1594 1064 1674 1152 A.
1618 2633 1683 2716 2.
1637 2169 1684 2235 S.
2567 469 2666 573 475.
1702 526 2676 680 Hen. Weib habe denoch gesaget, Sie habe ihm mehr
1716 608 2512 750 als nur 2. Schaar zu tragen gegeben.
1720 712 2659 860 gewüße nur von denen 2ten paaren, die Sie ihm
1703 780 2630 910 um 20. Rthl gekauffet, da haben ja die meiste
1702 851 2591 984 Zeit die Strümpf noch naß anziehen müßen.
1711 919 2395 1066 Wo er die Seisten Rägel zerhabet
1715 1025 2663 1181 Er habe deren 3. Aus dem Burgund mit sich her
2206 1131 2308 1178 einem
1702 1127 2647 1246 gebracht, die er von Herrecher Herrn von Einern
1709 1201 2649 1316 empfangen, mit welchem er die Reis dahin ge¬
1706 1259 1869 1352 gmachet
1859 1349 2520 1497 Also abgelaßen und bestäthiget.
1704 1462 2661 1555 Actum in der Oberen Gefangenschaft durch
1690 1546 2689 1646 Meine gnädige Herren Groß Weibel und Grichtschreiber
1717 1607 2182 1707 den 17ten Aug. 1763.
1835 1887 2544 1994 fernere Informationen.
1702 1965 2652 2074 Aufgenommen aus sonderem Befelch MnGH
1714 2048 1991 2122 der Rähten.
1709 2145 2647 2262 Jgfr. Grüner declarierte, auf Befragen, ob
1700 2213 2662 2316 Sie der Dufrene eine schwarze seidene Robe
1687 2277 2180 2384 zu verkauffen gegeben.
1691 2342 2604 2457 Ja dem seye also, Sie seye auch darfür von ihr
1705 2425 2289 2535 bezahlt und befriediget worden.
1699 2574 2676 2705 Mstr. Amport der Wächter auf dem Standes
1716 2661 2639 2797 stein, sagt aus, auf die an ihne gethane Frag,
1702 2733 2643 2846 ob er sich errinneren und eigentlich wüßen möge,
1701 2788 2643 2905 wann und um welche Zeit der Mstr. Dufrene
1704 2850 2632 2973 Sontag Abends den 28ten Aprill diß Jahrs
1702 2944 2247 3052 auf den Thurn gekommen?
1698 3013 2577 3139 Er halte nicht die gleiche Wacht mit dem Mst
1706 3062 2658 3196 Diefriene, und könne sich eigentlich nicht bestinnen, wann
1700 3124 2627 3273 und zu welcher Zeit derselbe an bemelten Abend
1696 3196 2606 3330 auf seinen Posten gekommen, er habe keine Opflicht
1699 3290 2229 3398 auf die anderen zu schauen.
