<?xml version="1.0" encoding="UTF-8" standalone="yes"?>
<PcGts xmlns="http://schema.primaresearch.org/PAGE/gts/pagecontent/2013-07-15" xmlns:xsi="http://www.w3.org/2001/XMLSchema-instance" xsi:schemaLocation="http://schema.primaresearch.org/PAGE/gts/pagecontent/2013-07-15 http://schema.primaresearch.org/PAGE/gts/pagecontent/2013-07-15/pagecontent.xsd">
    <Metadata>
        <Creator>prov=University of Rostock/Institute of Mathematics/CITlab|PLANET AI GmbH/Gundram Leifert/gundram.leifert@planet-ai.de:name=German_Kurrent_XVI-XVIII_M5.4(htr_id=38771)::::v=2.6.7
prov=University of Rostock/Institute of Mathematics/CITlab|PLANET AI GmbH/Tobias Gruening/tobias.gruening@planet-ai.de:name=de.uros.citlab.module.baseline2polygon.B2PSeamMultiOriented:v=2.6.7
prov=University of Rostock/Institute of Mathematics/CITlab|PLANET AI GmbH/Tobias Gruening/tobias.gruening@planet-ai.de:name=/net_tf/LA73_249_0mod360.pb:de.uros.citlab.segmentation.CITlab_LA_ML:v=2.6.7
Transkribus</Creator>
        <Created>2022-06-16T09:29:17.862+02:00</Created>
        <LastChange>2022-09-12T15:39:57.426+02:00</LastChange>
        <TranskribusMetadata docId="1334852" pageId="52363541" pageNr="163" tsid="114645559" status="IN_PROGRESS" userId="9570" imgUrl="https://files.transkribus.eu/Get?id=TKGVBGNVPOJIIIJBEBCGHYOR&amp;fileType=view" xmlUrl="https://files.transkribus.eu/Get?id=FXXDHNARXUJKNQEHTESIIEYA" imageId="35485763"/>
    </Metadata>
    <Page imageFilename="IMG_7914.jpg" imageWidth="3024" imageHeight="4032">
        <ReadingOrder>
            <OrderedGroup id="ro_1687513611257" caption="Regions reading order">
                <RegionRefIndexed index="0" regionRef="r1"/>
                <RegionRefIndexed index="1" regionRef="r2"/>
                <RegionRefIndexed index="2" regionRef="r3"/>
                <RegionRefIndexed index="3" regionRef="r4"/>
            </OrderedGroup>
        </ReadingOrder>
        <TextRegion orientation="0.0" id="r1" custom="readingOrder {index:0;}">
            <Coords points="338,445 338,599 449,599 449,445"/>
            <TextLine id="r1l1" custom="readingOrder {index:0;}">
                <Coords points="330,550 362,551 382,562 412,549 435,555 456,554 456,515 445,516 427,501 406,509 368,488 332,502"/>
                <Baseline points="338,546 365,545 393,545 421,546 449,549"/>
                <TextEquiv>
                    <Unicode>324.</Unicode>
                </TextEquiv>
            </TextLine>
            <TextEquiv>
                <Unicode>324.</Unicode>
            </TextEquiv>
        </TextRegion>
        <TextRegion orientation="0.0" id="r2" custom="readingOrder {index:1;}">
            <Coords points="464,630 464,3534 1485,3534 1485,630"/>
            <TextLine id="r2l1" custom="readingOrder {index:0;} person {offset:25; length:6;}">
                <Coords points="526,684 886,660 1489,704 1490,667 1356,620 1187,646 882,566 681,599 531,577"/>
                <Baseline points="534,654 581,653 628,653 676,654 723,654 771,656 818,657 865,659 913,660 960,662 1008,665 1055,666 1102,668 1150,672 1197,674 1245,677 1292,679 1339,682 1387,684 1434,687 1482,690"/>
                <TextEquiv>
                    <Unicode>Haben angefangen mit der Keller Mag</Unicode>
                </TextEquiv>
            </TextLine>
            <TextLine id="r2l2" custom="readingOrder {index:1;} place {offset:11; length:6;}">
                <Coords points="535,746 782,715 1156,733 1223,783 1306,736 1437,756 1439,694 1022,692 880,660 839,686 780,665 735,700 538,659"/>
                <Baseline points="543,716 587,714 631,714 676,714 720,714 765,714 809,715 853,716 898,717 942,719 987,720 1031,722 1075,724 1120,726 1164,728 1209,729 1253,731 1297,732 1342,732 1386,734 1431,734"/>
                <TextEquiv>
                    <Unicode>Tochter zu Tanzen, darauf der</Unicode>
                </TextEquiv>
            </TextLine>
            <TextLine id="r2l3" custom="readingOrder {index:2;}">
                <Coords points="523,785 603,816 673,785 1008,817 1040,790 1133,819 1452,808 1453,768 1137,770 1066,737 988,768 896,723 524,755"/>
                <Baseline points="530,777 575,779 621,779 667,779 713,780 759,782 804,782 850,783 896,783 942,785 988,786 1033,786 1079,788 1125,789 1171,791 1217,792 1262,794 1308,797 1354,798 1400,800 1446,803"/>
                <TextEquiv>
                    <Unicode>unglückliche Steinhauer, der neue</Unicode>
                </TextEquiv>
            </TextLine>
            <TextLine id="r2l4" custom="readingOrder {index:3;}">
                <Coords points="1440,850 1447,850 1451,854 1458,855 1462,854 1467,848 1471,851 1475,848 1480,851 1486,851 1486,798 1471,796 1469,799 1462,793 1453,793 1449,789 1447,792 1440,792"/>
                <Baseline points="1446,825 1479,825"/>
                <TextEquiv>
                    <Unicode>3.</Unicode>
                </TextEquiv>
            </TextLine>
            <TextLine id="r2l5" custom="readingOrder {index:4;}">
                <Coords points="517,856 605,904 789,844 1014,893 1190,856 1453,894 1454,847 1303,803 1156,835 1083,798 994,826 856,787 734,832 639,788 606,816 519,794"/>
                <Baseline points="525,842 571,844 617,845 663,846 709,846 755,848 801,848 847,848 893,848 939,849 985,849 1031,849 1077,851 1123,852 1169,854 1215,855 1261,859 1307,862 1353,866 1399,870 1446,876"/>
                <TextEquiv>
                    <Unicode>rliche so zu tod geschlagen worden,</Unicode>
                </TextEquiv>
            </TextLine>
            <TextLine id="r2l6" custom="readingOrder {index:5;}">
                <Coords points="520,938 599,957 770,923 839,961 1025,916 1233,978 1336,939 1487,983 1460,903 1176,858 1026,902 904,900 813,853 522,892"/>
                <Baseline points="528,914 575,915 623,915 671,917 718,917 766,917 814,917 861,918 909,918 957,918 1005,920 1052,920 1100,923 1148,924 1195,926 1243,929 1291,932 1338,938 1386,942 1434,947 1482,954"/>
                <TextEquiv>
                    <Unicode>auch mit obigem Mägdli getanzet,</Unicode>
                </TextEquiv>
            </TextLine>
            <TextLine id="r2l7" custom="readingOrder {index:6;}">
                <Coords points="512,1002 604,1024 660,997 969,1000 1174,1041 1344,1009 1433,1039 1454,976 1359,985 1317,951 1227,978 1125,936 1044,983 885,934 788,971 660,931 605,960 514,937"/>
                <Baseline points="519,989 565,990 611,992 658,993 704,994 750,995 797,995 843,995 889,996 936,996 982,996 1028,998 1075,998 1121,999 1167,1001 1214,1002 1260,1005 1306,1007 1353,1012 1399,1016 1446,1020"/>
                <TextEquiv>
                    <Unicode>Wbach einer kleinen Weil habe das</Unicode>
                </TextEquiv>
            </TextLine>
            <TextLine id="r2l8" custom="readingOrder {index:7;}">
                <Coords points="509,1082 737,1110 801,1074 1015,1097 1153,1071 1411,1103 1427,1065 1235,1020 1116,1055 1067,1024 1004,1053 934,1022 756,1038 718,1009 510,1038"/>
                <Baseline points="516,1065 561,1065 606,1065 651,1065 696,1065 741,1065 786,1066 832,1067 877,1067 922,1068 967,1068 1012,1070 1057,1071 1102,1073 1148,1073 1193,1076 1238,1077 1283,1079 1328,1081 1373,1084 1419,1086"/>
                <TextEquiv>
                    <Unicode>Mägdl. nicht mehr mit dem</Unicode>
                </TextEquiv>
            </TextLine>
            <TextLine id="r2l9" custom="readingOrder {index:8;}">
                <Coords points="506,1156 646,1207 742,1145 936,1148 982,1178 1055,1146 1335,1171 1405,1149 1232,1094 978,1105 933,1069 781,1125 700,1103 662,1126 567,1084 508,1105"/>
                <Baseline points="513,1145 557,1145 601,1145 645,1145 690,1145 734,1145 778,1145 822,1145 867,1145 911,1145 955,1145 999,1146 1044,1147 1088,1148 1132,1150 1176,1151 1221,1153 1265,1157 1309,1160 1353,1163 1398,1167"/>
                <TextEquiv>
                    <Unicode>Steinhauer Tanzen wollen</Unicode>
                </TextEquiv>
            </TextLine>
            <TextLine id="r2l10" custom="readingOrder {index:9;}">
                <Coords points="500,1227 820,1224 932,1256 1205,1230 1323,1284 1371,1251 1462,1259 1463,1208 1388,1184 1313,1221 1145,1163 1028,1208 959,1160 794,1168 739,1204 501,1172"/>
                <Baseline points="506,1221 553,1221 600,1220 648,1220 695,1220 743,1220 790,1220 838,1220 885,1221 933,1221 980,1223 1027,1223 1075,1226 1122,1227 1170,1229 1217,1232 1265,1233 1312,1237 1360,1240 1407,1245 1455,1250"/>
                <TextEquiv>
                    <Unicode>darüber selbiger mit denen In¬</Unicode>
                </TextEquiv>
            </TextLine>
            <TextLine id="r2l11" custom="readingOrder {index:10;}">
                <Coords points="499,1306 1158,1308 1231,1359 1288,1333 1458,1347 1459,1314 1370,1253 1300,1293 1115,1235 959,1283 817,1226 689,1230 631,1272 501,1243"/>
                <Baseline points="507,1293 554,1295 601,1295 648,1295 696,1295 743,1295 790,1296 837,1296 885,1296 932,1298 979,1298 1026,1300 1074,1301 1121,1304 1168,1306 1215,1309 1263,1313 1310,1316 1357,1320 1404,1326 1452,1332"/>
                <TextEquiv>
                    <Unicode>adiene trukeren Streit angefangen</Unicode>
                </TextEquiv>
            </TextLine>
            <TextLine id="r2l12" custom="readingOrder {index:11;}">
                <Coords points="505,1369 643,1376 697,1413 804,1371 873,1412 1001,1417 1061,1377 1296,1418 1336,1384 1455,1405 1457,1347 1173,1361 1008,1318 887,1350 785,1299 506,1350"/>
                <Baseline points="513,1367 559,1367 606,1368 653,1368 700,1368 747,1370 793,1370 840,1371 887,1371 934,1373 981,1374 1027,1376 1074,1376 1121,1378 1168,1380 1215,1382 1261,1384 1308,1386 1355,1389 1402,1393 1449,1395"/>
                <TextEquiv>
                    <Unicode>und auf Sie gestoßen, da habe</Unicode>
                </TextEquiv>
            </TextLine>
            <TextLine id="r2l13" custom="readingOrder {index:12;} person {offset:3; length:8;}">
                <Coords points="499,1451 625,1505 749,1448 857,1485 953,1455 1037,1508 1218,1465 1280,1511 1491,1489 1338,1383 1297,1418 1145,1381 1081,1430 999,1407 961,1432 851,1392 727,1425 618,1378 574,1412 502,1393"/>
                <Baseline points="507,1437 555,1439 604,1442 653,1443 702,1445 751,1446 800,1446 849,1448 898,1448 947,1448 996,1449 1044,1451 1093,1452 1142,1454 1191,1455 1240,1458 1289,1462 1338,1466 1387,1472 1436,1478 1485,1484"/>
                <TextEquiv>
                    <Unicode>er Inquisit so gleich aufgehört zeigen</Unicode>
                </TextEquiv>
            </TextLine>
            <TextLine id="r2l14" custom="readingOrder {index:13;} person {offset:13; length:6;}">
                <Coords points="507,1520 620,1548 1261,1539 1374,1576 1425,1568 1427,1514 1228,1507 1135,1468 1037,1507 910,1448 852,1486 682,1463 629,1506 507,1497"/>
                <Baseline points="513,1515 558,1517 603,1517 648,1517 694,1518 739,1518 784,1518 830,1519 875,1520 920,1520 966,1521 1011,1523 1056,1523 1101,1526 1147,1527 1192,1530 1237,1532 1283,1535 1328,1539 1373,1542 1419,1547"/>
                <TextEquiv>
                    <Unicode>und habe der Keller Magd die</Unicode>
                </TextEquiv>
            </TextLine>
            <TextLine id="r2l15" custom="readingOrder {index:14;}">
                <Coords points="494,1600 941,1594 1060,1644 1133,1606 1336,1613 1351,1574 1263,1541 1132,1582 1040,1551 972,1581 889,1548 838,1569 789,1532 651,1574 585,1528 494,1556"/>
                <Baseline points="501,1595 543,1595 585,1595 627,1596 669,1596 711,1596 753,1596 795,1596 837,1596 879,1596 922,1596 964,1598 1006,1598 1048,1599 1090,1599 1132,1601 1174,1602 1216,1604 1258,1605 1300,1607 1343,1611"/>
                <TextEquiv>
                    <Unicode>Geigen wieder übergeben.</Unicode>
                </TextEquiv>
            </TextLine>
            <TextLine id="r2l16" custom="readingOrder {index:15;} person {offset:4; length:6;}">
                <Coords points="503,1666 1001,1669 1066,1695 1132,1668 1314,1720 1471,1694 1472,1652 1184,1612 1057,1644 604,1601 504,1633"/>
                <Baseline points="510,1656 557,1658 605,1658 653,1658 700,1658 748,1659 796,1659 843,1659 891,1661 939,1661 987,1662 1034,1664 1082,1665 1130,1668 1177,1670 1225,1672 1273,1675 1320,1679 1368,1684 1416,1688 1464,1694"/>
                <TextEquiv>
                    <Unicode>die Keller Magd aber, als die gesehen</Unicode>
                </TextEquiv>
            </TextLine>
            <TextLine id="r2l17" custom="readingOrder {index:16;}">
                <Coords points="497,1748 784,1744 834,1786 875,1753 1196,1735 1280,1794 1363,1756 1440,1769 1441,1736 1159,1682 1023,1712 973,1682 817,1706 773,1670 604,1694 499,1664"/>
                <Baseline points="504,1722 550,1725 597,1727 643,1728 690,1730 736,1731 783,1733 829,1733 876,1734 922,1735 969,1736 1015,1737 1062,1737 1108,1739 1155,1740 1201,1742 1248,1744 1294,1746 1341,1749 1387,1752 1434,1755"/>
                <TextEquiv>
                    <Unicode>daß streit entstehen wolle, habe sie</Unicode>
                </TextEquiv>
            </TextLine>
            <TextLine id="r2l18" custom="readingOrder {index:17;} person {offset:4; length:10;}">
                <Coords points="495,1818 1027,1811 1202,1863 1253,1839 1350,1864 1470,1832 1472,1792 1279,1793 1196,1735 1021,1771 874,1752 833,1787 745,1742 498,1748"/>
                <Baseline points="503,1794 551,1796 599,1797 647,1797 695,1799 743,1800 791,1800 839,1802 887,1802 935,1803 983,1805 1031,1806 1079,1807 1127,1809 1175,1811 1223,1813 1271,1816 1319,1818 1367,1822 1415,1826 1464,1830"/>
                <TextEquiv>
                    <Unicode>die Steinhauer zum Schopff hinauß</Unicode>
                </TextEquiv>
            </TextLine>
            <TextLine id="r2l19" custom="readingOrder {index:18;}">
                <Coords points="496,1897 686,1878 933,1907 982,1881 1101,1926 1211,1891 1277,1932 1443,1904 1444,1868 853,1816 736,1851 591,1817 497,1839"/>
                <Baseline points="504,1865 550,1866 597,1868 643,1869 690,1871 737,1871 783,1872 830,1874 877,1875 923,1876 970,1877 1017,1878 1063,1880 1110,1881 1157,1883 1203,1884 1250,1887 1297,1889 1343,1890 1390,1893 1437,1895"/>
                <TextEquiv>
                    <Unicode>gestoßen, und naher hauß gewiesen.</Unicode>
                </TextEquiv>
            </TextLine>
            <TextLine id="r2l20" custom="readingOrder {index:19;} person {offset:19; length:10;}">
                <Coords points="496,1958 748,1963 799,1991 971,1967 1156,2019 1217,1972 1376,1984 1427,1946 1291,1924 1231,1949 1140,1911 1083,1937 1037,1907 771,1923 640,1890 576,1928 498,1891"/>
                <Baseline points="504,1946 549,1947 595,1949 641,1950 687,1952 732,1952 778,1953 824,1955 870,1956 915,1957 961,1959 1007,1959 1053,1961 1098,1962 1144,1964 1190,1965 1236,1967 1281,1969 1327,1970 1373,1973 1419,1974"/>
                <TextEquiv>
                    <Unicode>Nachdemme also die Steinhauer den</Unicode>
                </TextEquiv>
            </TextLine>
            <TextLine id="r2l21" custom="readingOrder {index:20;}">
                <Coords points="482,2052 557,2077 727,2029 863,2084 1043,2081 1118,2039 1210,2072 1267,2044 1419,2066 1421,2025 1360,2029 1306,1983 1132,2019 870,2006 827,1973 696,2014 561,1959 484,1969"/>
                <Baseline points="489,2021 535,2022 581,2024 627,2025 673,2027 720,2028 766,2030 812,2031 858,2033 904,2034 951,2035 997,2036 1043,2037 1089,2039 1135,2040 1182,2042 1228,2043 1274,2045 1320,2046 1366,2048 1413,2049"/>
                <TextEquiv>
                    <Unicode>Weg himitter gegangen, seyen</Unicode>
                </TextEquiv>
            </TextLine>
            <TextLine id="r2l22" custom="readingOrder {index:21;} person {offset:28; length:4; continued:true;}">
                <Coords points="502,2106 599,2090 956,2141 1030,2116 1134,2170 1211,2127 1278,2175 1439,2180 1443,2092 1361,2063 1246,2098 1180,2056 1088,2095 862,2085 758,2043 692,2072 640,2042 504,2066"/>
                <Baseline points="510,2091 556,2093 602,2096 648,2097 694,2100 741,2102 787,2103 833,2105 879,2106 925,2108 972,2109 1018,2111 1064,2112 1110,2114 1156,2117 1203,2118 1249,2121 1295,2124 1341,2127 1387,2129 1434,2133"/>
                <TextEquiv>
                    <Unicode>sie die übrigen, namlich er Geg¬</Unicode>
                </TextEquiv>
            </TextLine>
            <TextLine id="r2l23" custom="readingOrder {index:22;} person {offset:0; length:10; continued:true;}">
                <Coords points="499,2171 715,2207 926,2179 1296,2218 1354,2177 1280,2176 1213,2129 1115,2168 1029,2116 951,2142 867,2111 500,2123"/>
                <Baseline points="506,2166 548,2168 590,2169 632,2171 674,2173 716,2174 758,2177 800,2178 842,2180 884,2181 926,2184 968,2186 1010,2187 1052,2189 1094,2190 1136,2192 1178,2193 1220,2195 1262,2196 1304,2197 1347,2198"/>
                <TextEquiv>
                    <Unicode>der Probst, und die anderen</Unicode>
                </TextEquiv>
            </TextLine>
            <TextLine id="r2l24" custom="readingOrder {index:23;}">
                <Coords points="483,2285 553,2248 1034,2259 1228,2304 1276,2271 1396,2273 1290,2215 1222,2249 1076,2198 1005,2240 956,2200 829,2182 674,2215 487,2179"/>
                <Baseline points="492,2241 536,2244 581,2244 626,2246 671,2248 716,2249 761,2250 805,2252 850,2253 895,2255 940,2256 985,2258 1030,2259 1075,2261 1119,2262 1164,2264 1209,2266 1254,2268 1299,2269 1344,2271 1389,2273"/>
                <TextEquiv>
                    <Unicode>Iediener Gestellen wie auch der</Unicode>
                </TextEquiv>
            </TextLine>
            <TextLine id="r2l25" custom="readingOrder {index:24;} person {offset:0; length:20;} place {offset:25; length:6;}">
                <Coords points="501,2355 545,2336 600,2370 702,2335 782,2385 878,2324 1051,2371 1171,2339 1399,2351 1400,2310 1290,2268 1214,2319 1159,2278 1006,2295 963,2263 759,2307 651,2259 505,2267"/>
                <Baseline points="509,2319 553,2319 597,2321 641,2321 685,2323 729,2324 773,2325 818,2328 862,2328 906,2331 950,2333 994,2334 1038,2337 1082,2339 1127,2340 1171,2342 1215,2344 1259,2346 1303,2348 1347,2349 1392,2351"/>
                <TextEquiv>
                    <Unicode>Christian deß Junker von Savels</Unicode>
                </TextEquiv>
            </TextLine>
            <TextLine id="r2l26" custom="readingOrder {index:25;}">
                <Coords points="492,2405 699,2405 834,2450 957,2412 1114,2460 1224,2426 1305,2459 1440,2428 1441,2384 1356,2360 1243,2385 1173,2340 1056,2375 881,2323 757,2386 654,2341 494,2360"/>
                <Baseline points="500,2390 546,2391 593,2394 639,2396 686,2399 733,2400 779,2402 826,2403 873,2405 919,2406 966,2408 1013,2409 1059,2411 1106,2411 1153,2412 1199,2414 1246,2414 1293,2415 1339,2417 1386,2417 1433,2418"/>
                <TextEquiv>
                    <Unicode>knecht, auch zum Schopff hinauß</Unicode>
                </TextEquiv>
            </TextLine>
            <TextLine id="r2l27" custom="readingOrder {index:26;}">
                <Coords points="484,2474 1025,2485 1143,2522 1328,2513 1427,2470 1364,2425 1240,2469 1049,2458 994,2418 942,2442 889,2419 840,2454 735,2413 598,2403 536,2449 486,2423"/>
                <Baseline points="492,2462 538,2465 584,2466 631,2468 677,2471 723,2473 770,2475 816,2478 862,2480 909,2481 955,2484 1001,2486 1048,2487 1094,2489 1140,2489 1187,2490 1233,2491 1279,2492 1326,2492 1372,2490 1419,2490"/>
                <TextEquiv>
                    <Unicode>auf die Straaß gekommen, wie</Unicode>
                </TextEquiv>
            </TextLine>
            <TextLine id="r2l28" custom="readingOrder {index:27;}">
                <Coords points="869,2534 876,2534 883,2541 886,2540 891,2534 898,2534 898,2496 887,2496 886,2494 880,2492 877,2494 869,2494"/>
                <Baseline points="876,2531 891,2531"/>
                <TextEquiv>
                    <Unicode>li</Unicode>
                </TextEquiv>
            </TextLine>
            <TextLine id="r2l29" custom="readingOrder {index:28;}">
                <Coords points="491,2555 581,2550 650,2592 736,2554 1196,2604 1301,2566 1401,2579 1459,2529 1318,2507 1198,2550 1024,2513 981,2547 920,2511 868,2545 810,2510 671,2535 493,2479"/>
                <Baseline points="498,2543 545,2544 593,2547 641,2549 688,2553 736,2555 784,2558 831,2561 879,2564 927,2565 975,2568 1022,2570 1070,2570 1118,2571 1165,2571 1213,2570 1261,2568 1308,2565 1356,2562 1404,2558 1452,2552"/>
                <TextEquiv>
                    <Unicode>die nun alle beysamen gestanden</Unicode>
                </TextEquiv>
            </TextLine>
            <TextLine id="r2l30" custom="readingOrder {index:29;} person {offset:10; length:10;} person {offset:25; length:7; continued:true;}">
                <Coords points="475,2635 676,2620 873,2673 1106,2644 1294,2687 1433,2632 1423,2594 1147,2616 1108,2588 1034,2619 948,2571 646,2591 478,2554"/>
                <Baseline points="482,2610 529,2612 576,2613 623,2616 670,2618 717,2621 764,2624 812,2627 859,2630 906,2633 953,2635 1000,2637 1047,2639 1094,2642 1142,2642 1189,2642 1236,2642 1283,2640 1330,2640 1377,2636 1425,2633"/>
                <TextEquiv>
                    <Unicode>haben die Steinhauer die Straaß¬</Unicode>
                </TextEquiv>
            </TextLine>
            <TextLine id="r2l31" custom="readingOrder {index:30;} person {offset:0; length:6; continued:true;}">
                <Coords points="473,2721 582,2692 654,2720 791,2703 852,2747 1016,2714 1176,2749 1249,2710 1317,2747 1460,2719 1462,2655 1389,2638 1293,2687 1110,2645 878,2679 675,2619 475,2638"/>
                <Baseline points="480,2682 528,2684 577,2685 626,2687 674,2690 723,2691 772,2693 820,2696 869,2697 918,2699 967,2701 1015,2703 1064,2704 1113,2705 1161,2706 1210,2706 1259,2706 1307,2705 1356,2705 1405,2703 1454,2700"/>
                <TextEquiv>
                    <Unicode>hinauf Steinen gegen bin geworffen,</Unicode>
                </TextEquiv>
            </TextLine>
            <TextLine id="r2l32" custom="readingOrder {index:31;}">
                <Coords points="481,2767 753,2771 837,2820 1004,2784 1440,2791 1441,2752 1278,2728 1167,2757 1129,2716 1007,2714 961,2747 804,2719 759,2746 612,2693 482,2735"/>
                <Baseline points="488,2757 535,2759 582,2760 629,2763 677,2765 724,2766 771,2769 819,2771 866,2773 913,2775 961,2777 1008,2778 1055,2780 1102,2782 1150,2783 1197,2784 1244,2784 1292,2786 1339,2784 1386,2784 1434,2783"/>
                <TextEquiv>
                    <Unicode>und sie außgeforderet, mit ver¬</Unicode>
                </TextEquiv>
            </TextLine>
            <TextLine id="r2l33" custom="readingOrder {index:32;}">
                <Coords points="455,2867 557,2837 885,2890 923,2863 1002,2891 1108,2863 1218,2895 1356,2869 1358,2823 985,2794 821,2831 595,2766 457,2809"/>
                <Baseline points="464,2829 508,2831 552,2833 596,2836 641,2838 685,2841 729,2843 774,2846 818,2848 862,2850 907,2852 951,2854 995,2855 1039,2857 1084,2858 1128,2858 1172,2858 1217,2858 1261,2856 1305,2855 1350,2852"/>
                <TextEquiv>
                    <Unicode>edeuten, wann jetzt s. 6. v. sein</Unicode>
                </TextEquiv>
            </TextLine>
            <TextLine id="r2l34" custom="readingOrder {index:33;}">
                <Coords points="478,2913 708,2952 805,2925 850,2964 1094,2937 1262,2945 1312,2978 1367,2937 1434,2944 1436,2858 1406,2850 1236,2896 1044,2876 992,2910 764,2853 620,2885 480,2833"/>
                <Baseline points="485,2904 532,2906 579,2909 626,2911 673,2914 720,2916 767,2919 815,2921 862,2924 909,2926 956,2928 1003,2930 1050,2930 1097,2931 1145,2931 1192,2931 1239,2931 1286,2930 1333,2927 1380,2925 1428,2921"/>
                <TextEquiv>
                    <Unicode>donners sub seyn, der etwas dörffe,</Unicode>
                </TextEquiv>
            </TextLine>
            <TextLine id="r2l35" custom="readingOrder {index:34;}">
                <Coords points="481,2982 740,2986 928,3030 1113,3013 1152,3041 1362,3006 1409,2962 1356,2945 1290,2978 1141,2947 1048,2987 1006,2958 851,2964 818,2934 698,2962 651,2925 483,2914"/>
                <Baseline points="488,2967 533,2972 579,2975 624,2979 670,2982 716,2987 761,2990 807,2994 853,2997 898,3000 944,3003 990,3005 1035,3006 1081,3006 1127,3006 1172,3005 1218,3004 1264,3001 1309,2997 1355,2993 1401,2987"/>
                <TextEquiv>
                    <Unicode>so solle er kommen Sr. Da habe der</Unicode>
                </TextEquiv>
            </TextLine>
            <TextLine id="r2l36" custom="readingOrder {index:35;} person {offset:7; length:9;}">
                <Coords points="475,3058 791,3115 899,3083 1190,3115 1232,3079 1324,3104 1395,3080 1385,3012 1194,3059 1095,3015 882,3051 743,2988 605,3027 477,2989"/>
                <Baseline points="482,3045 527,3050 572,3053 617,3057 663,3062 708,3064 753,3068 799,3069 844,3072 889,3074 935,3075 980,3076 1025,3077 1070,3077 1116,3077 1161,3075 1206,3074 1252,3072 1297,3069 1342,3066 1388,3063"/>
                <TextEquiv>
                    <Unicode>Knecht Christian zu ihme gesagt,</Unicode>
                </TextEquiv>
            </TextLine>
            <TextLine id="r2l37" custom="readingOrder {index:36;}">
                <Coords points="469,3136 851,3162 892,3204 961,3161 1020,3183 1126,3155 1181,3189 1285,3137 1404,3142 1405,3076 1324,3104 1232,3079 1187,3117 894,3084 809,3124 470,3061"/>
                <Baseline points="476,3122 522,3126 568,3129 614,3133 660,3136 706,3139 752,3142 798,3144 844,3146 890,3147 937,3149 983,3150 1029,3150 1075,3150 1121,3149 1167,3149 1213,3147 1259,3144 1305,3141 1351,3138 1398,3134"/>
                <TextEquiv>
                    <Unicode>Nun moster, du sagst alle Zeit de</Unicode>
                </TextEquiv>
            </TextLine>
            <TextLine id="r2l38" custom="readingOrder {index:37;}">
                <Coords points="478,3210 625,3247 716,3224 760,3255 853,3228 931,3250 966,3222 1109,3282 1207,3231 1393,3213 1394,3172 1332,3162 1176,3191 1098,3158 1017,3203 962,3160 898,3207 850,3162 711,3147 671,3176 623,3139 480,3129"/>
                <Baseline points="485,3195 530,3200 575,3203 620,3206 665,3209 710,3212 755,3215 800,3218 845,3219 890,3222 935,3223 980,3224 1025,3225 1070,3225 1115,3225 1160,3224 1205,3222 1250,3221 1295,3217 1340,3215 1386,3210"/>
                <TextEquiv>
                    <Unicode>förchtestlich mit, gehe nach. So</Unicode>
                </TextEquiv>
            </TextLine>
            <TextLine id="r2l39" custom="readingOrder {index:38;}">
                <Coords points="472,3314 1308,3310 1443,3283 1444,3230 1237,3225 1109,3282 966,3221 789,3269 667,3226 473,3223"/>
                <Baseline points="479,3264 526,3267 574,3272 622,3275 670,3279 718,3282 766,3287 813,3289 861,3291 909,3293 957,3295 1005,3296 1053,3296 1101,3296 1148,3294 1196,3292 1244,3288 1292,3285 1340,3279 1388,3273 1436,3264"/>
                <TextEquiv>
                    <Unicode>seye. Er in der That- und mit ihme</Unicode>
                </TextEquiv>
            </TextLine>
            <TextLine id="r2l40" custom="readingOrder {index:39;} person {offset:9; length:6;}">
                <Coords points="494,3344 624,3400 740,3379 898,3409 937,3381 1081,3411 1181,3372 1264,3386 1375,3346 1376,3320 1326,3334 1261,3298 1105,3340 979,3310 923,3328 876,3298 780,3339 695,3296 624,3327 495,3303"/>
                <Baseline points="501,3335 544,3338 587,3342 631,3347 674,3350 717,3354 761,3357 804,3360 847,3363 891,3365 934,3368 977,3369 1021,3369 1064,3371 1107,3370 1151,3369 1194,3368 1237,3365 1281,3361 1324,3356 1368,3351"/>
                <TextEquiv>
                    <Unicode>annoch der Probst nachgeloffen</Unicode>
                </TextEquiv>
            </TextLine>
            <TextLine id="r2l41" custom="readingOrder {index:40;}">
                <Coords points="475,3442 774,3447 917,3495 994,3446 1409,3449 1443,3437 1445,3364 1242,3398 1180,3372 1082,3423 937,3381 890,3412 744,3378 476,3382"/>
                <Baseline points="483,3411 530,3414 578,3417 626,3421 673,3424 721,3428 769,3430 816,3433 864,3435 912,3438 960,3440 1007,3441 1055,3441 1103,3441 1150,3441 1198,3440 1246,3436 1293,3433 1341,3428 1389,3423 1437,3416"/>
                <TextEquiv>
                    <Unicode>Er seye aber weiters nicht, als biß</Unicode>
                </TextEquiv>
            </TextLine>
            <TextLine id="r2l42" custom="readingOrder {index:41;}">
                <Coords points="1232,3545 1253,3537 1263,3544 1294,3532 1313,3532 1327,3542 1349,3521 1366,3526 1393,3516 1389,3454 1365,3471 1331,3444 1307,3443 1297,3455 1275,3460 1260,3478 1228,3482"/>
                <Baseline points="1238,3518 1267,3513 1297,3512 1326,3512 1356,3510 1386,3504"/>
                <TextEquiv>
                    <Unicode>burch</Unicode>
                </TextEquiv>
            </TextLine>
            <TextEquiv>
                <Unicode>Haben angefangen mit der Keller Mag
Tochter zu Tanzen, darauf der
unglückliche Steinhauer, der neue
3.
rliche so zu tod geschlagen worden,
auch mit obigem Mägdli getanzet,
Wbach einer kleinen Weil habe das
Mägdl. nicht mehr mit dem
Steinhauer Tanzen wollen
darüber selbiger mit denen In¬
adiene trukeren Streit angefangen
und auf Sie gestoßen, da habe
er Inquisit so gleich aufgehört zeigen
und habe der Keller Magd die
Geigen wieder übergeben.
die Keller Magd aber, als die gesehen
daß streit entstehen wolle, habe sie
die Steinhauer zum Schopff hinauß
gestoßen, und naher hauß gewiesen.
Nachdemme also die Steinhauer den
Weg himitter gegangen, seyen
sie die übrigen, namlich er Geg¬
der Probst, und die anderen
Iediener Gestellen wie auch der
Christian deß Junker von Savels
knecht, auch zum Schopff hinauß
auf die Straaß gekommen, wie
li
die nun alle beysamen gestanden
haben die Steinhauer die Straaß¬
hinauf Steinen gegen bin geworffen,
und sie außgeforderet, mit ver¬
edeuten, wann jetzt s. 6. v. sein
donners sub seyn, der etwas dörffe,
so solle er kommen Sr. Da habe der
Knecht Christian zu ihme gesagt,
Nun moster, du sagst alle Zeit de
förchtestlich mit, gehe nach. So
seye. Er in der That- und mit ihme
annoch der Probst nachgeloffen
Er seye aber weiters nicht, als biß
burch</Unicode>
            </TextEquiv>
        </TextRegion>
        <TextRegion orientation="0.0" id="r3" custom="readingOrder {index:2;}">
            <Coords points="1530,1900 1530,2059 1677,2059 1677,1900"/>
            <TextLine id="r3l1" custom="readingOrder {index:0;}">
                <Coords points="1522,2017 1539,2008 1573,2006 1592,2022 1611,2023 1628,2041 1642,2035 1659,2052 1681,2045 1685,1974 1641,1974 1608,1960 1594,1964 1574,1949 1537,1964 1525,1959"/>
                <Baseline points="1530,2000 1559,2001 1588,2003 1618,2004 1647,2006 1677,2009"/>
                <TextEquiv>
                    <Unicode>die Straß</Unicode>
                </TextEquiv>
            </TextLine>
            <TextEquiv>
                <Unicode>die Straß</Unicode>
            </TextEquiv>
        </TextRegion>
        <TextRegion orientation="0.0" id="r4" custom="readingOrder {index:3;}">
            <Coords points="1659,386 1659,3732 2810,3732 2810,386"/>
            <TextLine id="r4l1" custom="readingOrder {index:0;}">
                <Coords points="2627,474 2648,472 2660,480 2681,482 2688,474 2698,477 2732,462 2756,470 2779,465 2767,378 2750,376 2741,383 2703,379 2676,394 2647,386 2617,399"/>
                <Baseline points="2630,443 2657,438 2684,434 2711,430 2738,428 2766,423"/>
                <TextEquiv>
                    <Unicode>325</Unicode>
                </TextEquiv>
            </TextLine>
            <TextLine id="r4l2" custom="readingOrder {index:1;} person {offset:25; length:6;}">
                <Coords points="1701,702 2440,630 2796,554 2790,512 2623,490 2287,583 2089,572 1900,623 1687,596"/>
                <Baseline points="1706,690 1760,683 1814,675 1868,668 1922,662 1976,654 2030,647 2084,640 2138,632 2192,625 2246,618 2300,610 2354,603 2408,595 2462,587 2516,579 2570,572 2624,565 2678,556 2732,549 2786,540"/>
                <TextEquiv>
                    <Unicode>zur Scheür-dorten ihme der Probst vor¬</Unicode>
                </TextEquiv>
            </TextLine>
            <TextLine id="r4l3" custom="readingOrder {index:2;}">
                <Coords points="1711,754 1806,776 1986,720 2087,749 2278,677 2348,711 2473,657 2818,619 2813,577 1705,706"/>
                <Baseline points="1716,741 1770,736 1825,731 1880,726 1934,720 1989,716 2044,709 2098,704 2153,698 2208,691 2263,685 2317,679 2372,672 2427,665 2481,658 2536,651 2591,643 2645,636 2700,627 2755,619 2810,611"/>
                <TextEquiv>
                    <Unicode>auß geloffen, Er aber stehen geblieben.</Unicode>
                </TextEquiv>
            </TextLine>
            <TextLine id="r4l4" custom="readingOrder {index:3;}">
                <Coords points="1709,816 1938,833 2049,775 2160,801 2254,762 2465,786 2554,728 2723,704 2720,668 2655,690 2492,657 2339,718 2268,690 2222,726 1978,727 1805,776 1703,753"/>
                <Baseline points="1716,809 1766,804 1816,801 1866,796 1916,790 1966,786 2016,781 2066,776 2116,772 2166,767 2216,761 2266,756 2316,751 2366,746 2416,740 2466,735 2516,729 2566,723 2616,717 2666,710 2717,704"/>
                <TextEquiv>
                    <Unicode>darauf seyen die Indiener Gestellen</Unicode>
                </TextEquiv>
            </TextLine>
            <TextLine id="r4l5" custom="readingOrder {index:4;} person {offset:31; length:7; continued:true;}">
                <Coords points="1703,908 1784,870 1860,902 2077,853 2148,881 2197,838 2792,807 2787,744 2681,723 2611,779 2506,791 2316,763 2147,818 2062,777 1941,832 1697,831"/>
                <Baseline points="1707,875 1760,872 1814,868 1868,864 1922,860 1976,855 2029,851 2083,848 2137,843 2191,839 2245,834 2298,830 2352,825 2406,820 2460,815 2514,810 2567,804 2621,798 2675,793 2729,787 2783,780"/>
                <TextEquiv>
                    <Unicode>auch alsobald nach gekommen, der Chri¬</Unicode>
                </TextEquiv>
            </TextLine>
            <TextLine id="r4l6" custom="readingOrder {index:5;} person {offset:0; length:3; continued:true;}">
                <Coords points="1706,972 1835,998 1983,931 2118,965 2200,919 2508,904 2568,932 2721,876 2719,846 2207,839 2151,887 1939,871 1859,902 1785,870 1703,916"/>
                <Baseline points="1712,948 1762,944 1812,940 1862,935 1912,932 1962,928 2012,924 2062,922 2112,919 2162,917 2213,914 2263,911 2313,908 2363,905 2413,902 2463,898 2513,894 2563,891 2613,885 2663,880 2714,873"/>
                <TextEquiv>
                    <Unicode>stian seye der Erste unter Selbigen</Unicode>
                </TextEquiv>
            </TextLine>
            <TextLine id="r4l7" custom="readingOrder {index:6;}">
                <Coords points="1707,1044 1998,1049 2068,1004 2268,992 2320,1025 2787,952 2785,924 2626,902 2571,944 2296,927 2185,974 2063,927 1963,983 1895,954 1842,999 1703,980"/>
                <Baseline points="1713,1026 1766,1020 1819,1016 1873,1011 1926,1007 1979,1004 2033,1001 2086,998 2139,995 2193,993 2246,990 2299,987 2353,985 2406,982 2459,979 2513,975 2566,972 2619,968 2673,963 2726,958 2780,953"/>
                <TextEquiv>
                    <Unicode>vorauß geloffen, und habe ein zann</Unicode>
                </TextEquiv>
            </TextLine>
            <TextLine id="r4l8" custom="readingOrder {index:7;}">
                <Coords points="1700,1111 1973,1087 2061,1142 2142,1079 2224,1104 2432,1076 2514,1120 2630,1073 2732,1101 2727,1002 2668,1026 2531,983 2320,1025 2215,1005 2081,1053 1697,1049"/>
                <Baseline points="1707,1103 1757,1100 1808,1096 1859,1091 1910,1088 1961,1085 2011,1082 2062,1079 2113,1077 2164,1074 2215,1071 2265,1068 2316,1067 2367,1065 2418,1062 2469,1061 2519,1059 2570,1058 2621,1056 2672,1055 2723,1053"/>
                <TextEquiv>
                    <Unicode>Steben in der Hand gehabt, Er Inqui¬</Unicode>
                </TextEquiv>
            </TextLine>
            <TextLine id="r4l9" custom="readingOrder {index:8;}">
                <Coords points="1688,1198 1994,1173 2072,1206 2338,1154 2785,1137 2783,1097 2632,1073 2514,1122 2418,1086 2061,1143 1928,1100 1685,1137"/>
                <Baseline points="1694,1175 1748,1174 1802,1173 1856,1172 1910,1170 1964,1169 2018,1166 2073,1164 2127,1163 2181,1160 2235,1157 2289,1155 2343,1152 2397,1148 2452,1145 2506,1141 2560,1139 2614,1135 2668,1131 2722,1127 2777,1124"/>
                <TextEquiv>
                    <Unicode>seye nun auch mit diesen lezteren</Unicode>
                </TextEquiv>
            </TextLine>
            <TextLine id="r4l10" custom="readingOrder {index:9;}">
                <Coords points="1695,1281 2780,1240 2778,1186 2613,1156 2450,1213 2107,1179 2066,1212 1974,1173 1693,1226"/>
                <Baseline points="1701,1251 1754,1251 1808,1251 1861,1251 1915,1250 1968,1249 2022,1248 2075,1247 2129,1245 2182,1244 2236,1241 2290,1239 2343,1237 2397,1235 2450,1232 2504,1230 2557,1227 2611,1224 2664,1221 2718,1218 2772,1215"/>
                <TextEquiv>
                    <Unicode>nach geloffen, seye aber noch etwann</Unicode>
                </TextEquiv>
            </TextLine>
            <TextLine id="r4l11" custom="readingOrder {index:10;}">
                <Coords points="1696,1342 1866,1372 1944,1334 2179,1355 2300,1328 2376,1365 2411,1331 2481,1378 2712,1308 2711,1265 2592,1295 2411,1244 2292,1305 2230,1269 2156,1310 1982,1259 1695,1279"/>
                <Baseline points="1703,1334 1753,1334 1803,1334 1853,1334 1903,1334 1953,1332 2003,1332 2053,1332 2103,1332 2153,1331 2204,1331 2254,1329 2304,1328 2354,1326 2404,1325 2454,1323 2504,1322 2554,1319 2604,1316 2654,1313 2705,1310"/>
                <TextEquiv>
                    <Unicode>10. Schritt weit entfernet gewesen</Unicode>
                </TextEquiv>
            </TextLine>
            <TextLine id="r4l12" custom="readingOrder {index:11;}">
                <Coords points="1697,1414 2111,1451 2340,1402 2605,1444 2726,1436 2802,1391 2801,1353 2570,1342 2473,1378 2424,1342 2304,1380 2222,1338 2032,1335 1878,1400 1695,1360"/>
                <Baseline points="1704,1413 1758,1413 1813,1413 1867,1413 1922,1413 1976,1412 2031,1412 2085,1410 2140,1410 2194,1409 2249,1409 2304,1407 2358,1406 2413,1404 2467,1403 2522,1401 2576,1399 2631,1397 2685,1395 2740,1392 2795,1389"/>
                <TextEquiv>
                    <Unicode>als der unglükhafftige Streich ergang¬</Unicode>
                </TextEquiv>
            </TextLine>
            <TextLine id="r4l13" custom="readingOrder {index:12;}">
                <Coords points="1693,1505 1795,1477 1894,1530 1957,1488 2266,1488 2316,1532 2627,1481 2772,1527 2772,1447 2679,1429 2346,1466 2216,1434 1693,1438"/>
                <Baseline points="1700,1479 1753,1479 1806,1481 1859,1481 1913,1481 1966,1481 2019,1481 2072,1482 2126,1482 2179,1482 2232,1482 2285,1482 2339,1482 2392,1482 2445,1482 2498,1482 2552,1482 2605,1481 2658,1481 2711,1480 2765,1479"/>
                <TextEquiv>
                    <Unicode>den Streich aber habe er selbsten schlag</Unicode>
                </TextEquiv>
            </TextLine>
            <TextLine id="r4l14" custom="readingOrder {index:13;} person {offset:22; length:9;}">
                <Coords points="1694,1586 1931,1545 2551,1597 2623,1557 2788,1555 2788,1522 2637,1482 2331,1531 2267,1488 2210,1529 2062,1534 1971,1489 1893,1531 1842,1505 1695,1531"/>
                <Baseline points="1701,1547 1757,1548 1814,1550 1871,1550 1928,1551 1984,1551 2041,1551 2098,1553 2155,1553 2212,1553 2268,1553 2325,1553 2382,1553 2439,1553 2496,1554 2552,1554 2609,1554 2666,1556 2723,1556 2780,1557"/>
                <TextEquiv>
                    <Unicode>gestehen von dem Knecht Christian</Unicode>
                </TextEquiv>
            </TextLine>
            <TextLine id="r4l15" custom="readingOrder {index:14;}">
                <Coords points="1691,1639 2005,1632 2132,1668 2350,1634 2665,1687 2773,1644 2774,1554 2577,1619 2209,1559 2118,1603 2013,1568 1924,1611 1691,1597"/>
                <Baseline points="1698,1626 1751,1626 1804,1626 1858,1628 1911,1628 1965,1629 2018,1629 2071,1630 2125,1631 2178,1631 2232,1632 2285,1632 2338,1634 2392,1634 2445,1634 2499,1635 2552,1635 2605,1635 2659,1635 2712,1635 2766,1637"/>
                <TextEquiv>
                    <Unicode>welcher mit dem Zaun Steken auf¬</Unicode>
                </TextEquiv>
            </TextLine>
            <TextLine id="r4l16" custom="readingOrder {index:15;}">
                <Coords points="1681,1731 1785,1697 1927,1739 2262,1717 2534,1772 2737,1718 2737,1692 2601,1698 2365,1636 2158,1695 1684,1638"/>
                <Baseline points="1689,1697 1741,1698 1793,1700 1845,1701 1897,1703 1949,1704 2001,1706 2053,1708 2105,1710 2157,1712 2209,1713 2261,1715 2313,1716 2365,1718 2417,1719 2469,1721 2521,1722 2573,1722 2625,1724 2677,1725 2730,1725"/>
                <TextEquiv>
                    <Unicode>deß Steinhauers Kopff geschlagen</Unicode>
                </TextEquiv>
            </TextLine>
            <TextLine id="r4l17" custom="readingOrder {index:16;}">
                <Coords points="1683,1798 1955,1791 2091,1832 2296,1800 2433,1856 2515,1815 2713,1812 2796,1846 2798,1787 2681,1762 2336,1746 2197,1777 2110,1734 1882,1754 1802,1719 1685,1744"/>
                <Baseline points="1691,1772 1748,1774 1806,1776 1864,1778 1922,1779 1980,1782 2038,1784 2095,1787 2153,1788 2211,1791 2269,1794 2327,1796 2385,1798 2442,1800 2500,1802 2558,1805 2616,1806 2674,1808 2732,1809 2790,1811"/>
                <TextEquiv>
                    <Unicode>darvon derselbe plözlich auf sein An¬</Unicode>
                </TextEquiv>
            </TextLine>
            <TextLine id="r4l18" custom="readingOrder {index:17;}">
                <Coords points="1671,1899 1955,1862 2206,1921 2278,1881 2441,1904 2466,1894 2469,1816 2393,1849 2314,1828 2265,1860 2241,1839 2125,1856 2067,1811 1948,1794 1746,1834 1674,1813"/>
                <Baseline points="1679,1854 1718,1856 1757,1857 1796,1859 1835,1860 1874,1862 1913,1863 1952,1865 1991,1866 2030,1868 2069,1869 2108,1870 2147,1871 2186,1874 2225,1874 2264,1875 2303,1877 2342,1879 2381,1880 2420,1881 2460,1883"/>
                <TextEquiv>
                    <Unicode>gesicht zu Toden gefallen.</Unicode>
                </TextEquiv>
            </TextLine>
            <TextLine id="r4l19" custom="readingOrder {index:18;}">
                <Coords points="2599,1901 2625,1898 2633,1906 2651,1903 2667,1909 2681,1899 2709,1896 2726,1911 2769,1907 2771,1835 2731,1821 2709,1837 2691,1831 2679,1843 2600,1838"/>
                <Baseline points="2606,1893 2632,1892 2658,1892 2684,1893 2710,1893 2736,1895 2762,1896"/>
                <TextEquiv>
                    <Unicode>Nach¬</Unicode>
                </TextEquiv>
            </TextLine>
            <TextLine id="r4l20" custom="readingOrder {index:19;}">
                <Coords points="1686,1960 1874,1947 1931,1996 2083,1950 2358,1999 2456,1969 2671,1985 2697,1905 2360,1891 2223,1928 2062,1918 2009,1875 1933,1911 1689,1884"/>
                <Baseline points="1694,1932 1743,1935 1793,1937 1842,1940 1892,1943 1942,1944 1991,1947 2041,1949 2091,1950 2140,1952 2190,1953 2240,1956 2289,1958 2339,1959 2389,1961 2438,1962 2488,1963 2538,1964 2587,1965 2637,1967 2687,1968"/>
                <TextEquiv>
                    <Unicode>diesem seyen sie alle beyde zurück</Unicode>
                </TextEquiv>
            </TextLine>
            <TextLine id="r4l21" custom="readingOrder {index:20;} person {offset:18; length:9;}">
                <Coords points="1688,2015 1774,2071 1950,2032 2022,2069 2148,2031 2489,2100 2554,2070 2729,2085 2732,2039 2498,1974 2402,2026 2322,1993 2242,2025 2038,1974 1931,1996 1873,1947 1749,1979 1691,1956"/>
                <Baseline points="1695,2009 1746,2010 1797,2014 1849,2016 1900,2020 1952,2024 2003,2026 2055,2029 2106,2032 2158,2035 2209,2037 2260,2040 2312,2043 2363,2045 2415,2048 2466,2051 2518,2052 2569,2055 2621,2057 2672,2058 2724,2060"/>
                <TextEquiv>
                    <Unicode>inauf gegangen. Der Christian</Unicode>
                </TextEquiv>
            </TextLine>
            <TextLine id="r4l22" custom="readingOrder {index:21;}">
                <Coords points="1666,2110 1917,2105 1994,2156 2086,2124 2240,2174 2361,2129 2418,2171 2617,2156 2709,2187 2725,2079 2424,2112 2317,2054 2217,2070 2102,2033 1827,2080 1670,2048"/>
                <Baseline points="1674,2088 1726,2092 1778,2094 1830,2097 1882,2101 1934,2103 1986,2106 2038,2108 2090,2111 2142,2114 2194,2116 2246,2119 2298,2122 2350,2126 2402,2129 2454,2133 2506,2137 2558,2140 2610,2145 2662,2150 2714,2154"/>
                <TextEquiv>
                    <Unicode>habe unterwegs zu Ihnen gesagt,</Unicode>
                </TextEquiv>
            </TextLine>
            <TextLine id="r4l23" custom="readingOrder {index:22;}">
                <Coords points="1663,2170 1862,2208 2036,2192 2248,2258 2475,2225 2563,2259 2738,2246 2742,2188 2321,2183 2171,2135 2068,2174 1836,2103 1667,2110"/>
                <Baseline points="1670,2165 1723,2168 1776,2169 1829,2173 1882,2175 1935,2180 1988,2184 2041,2187 2094,2191 2147,2195 2201,2199 2254,2204 2307,2208 2360,2213 2413,2216 2466,2221 2519,2224 2572,2229 2625,2233 2678,2237 2732,2240"/>
                <TextEquiv>
                    <Unicode>der Geschlagene habe sich schon wider</Unicode>
                </TextEquiv>
            </TextLine>
            <TextLine id="r4l24" custom="readingOrder {index:23;}">
                <Coords points="1669,2272 1753,2245 1833,2302 2051,2324 2213,2286 2638,2334 2674,2290 2550,2251 2411,2278 2349,2232 2226,2263 2160,2215 2086,2238 1938,2185 1676,2192"/>
                <Baseline points="1680,2231 1729,2236 1778,2241 1827,2246 1876,2250 1926,2255 1975,2259 2024,2265 2073,2268 2122,2272 2172,2276 2221,2281 2270,2286 2319,2289 2368,2294 2418,2298 2467,2302 2516,2306 2565,2311 2614,2316 2664,2319"/>
                <TextEquiv>
                    <Unicode>gerühret; Er Ing. aber, als er</Unicode>
                </TextEquiv>
            </TextLine>
            <TextLine id="r4l25" custom="readingOrder {index:24;}">
                <Coords points="1677,2321 1882,2375 2122,2360 2208,2403 2610,2400 2737,2465 2767,2383 2605,2322 2505,2360 2398,2312 1870,2313 1684,2248"/>
                <Baseline points="1685,2316 1738,2319 1792,2324 1845,2327 1899,2331 1953,2336 2006,2342 2060,2346 2113,2352 2167,2356 2221,2361 2274,2368 2328,2372 2381,2378 2435,2383 2489,2390 2542,2394 2596,2400 2649,2405 2703,2410 2757,2415"/>
                <TextEquiv>
                    <Unicode>darvon gegangen, habe den zu Toden</Unicode>
                </TextEquiv>
            </TextLine>
            <TextLine id="r4l26" custom="readingOrder {index:25;}">
                <Coords points="1668,2441 1842,2450 1921,2413 2121,2465 2201,2440 2723,2546 2754,2422 2693,2444 2611,2402 2466,2449 2318,2393 2017,2405 1798,2347 1677,2357"/>
                <Baseline points="1679,2394 1732,2396 1785,2399 1838,2403 1891,2407 1944,2412 1997,2417 2050,2422 2103,2429 2156,2435 2209,2440 2262,2447 2315,2454 2368,2460 2421,2465 2474,2472 2527,2478 2580,2483 2633,2488 2686,2493 2739,2498"/>
                <TextEquiv>
                    <Unicode>geschlagenen nicht wider aufstehen</Unicode>
                </TextEquiv>
            </TextLine>
            <TextLine id="r4l27" custom="readingOrder {index:26;}">
                <Coords points="1662,2521 1691,2509 1708,2522 1735,2509 1767,2521 1788,2505 1822,2497 1853,2507 1868,2499 1882,2509 1911,2506 1913,2473 1897,2468 1864,2478 1837,2446 1824,2448 1814,2438 1788,2448 1761,2432 1714,2443 1685,2433 1670,2439"/>
                <Baseline points="1673,2478 1698,2480 1724,2481 1750,2483 1775,2485 1801,2488 1827,2491 1852,2494 1878,2498 1904,2502"/>
                <TextEquiv>
                    <Unicode>gestehen.</Unicode>
                </TextEquiv>
            </TextLine>
            <TextLine id="r4l28" custom="readingOrder {index:27;}">
                <Coords points="1915,2491 1928,2496 1937,2492 1969,2532 1988,2544 1994,2544 2005,2478 1993,2475 1978,2454 1965,2450 1956,2454 1948,2450 1922,2450"/>
                <Baseline points="1919,2505 1955,2508 1991,2517"/>
                <TextEquiv>
                    <Unicode>.</Unicode>
                </TextEquiv>
            </TextLine>
            <TextLine id="r4l29" custom="readingOrder {index:28;}">
                <Coords points="2080,2551 2194,2527 2265,2582 2333,2552 2392,2586 2548,2596 2595,2578 2702,2617 2709,2557 2633,2513 2566,2512 2522,2539 2381,2532 2287,2468 2186,2449 2091,2461"/>
                <Baseline points="2091,2516 2121,2519 2151,2520 2182,2524 2212,2527 2243,2531 2273,2534 2303,2538 2334,2543 2364,2546 2395,2550 2425,2554 2455,2558 2486,2562 2516,2565 2547,2569 2577,2572 2607,2576 2638,2579 2668,2582 2699,2583"/>
                <TextEquiv>
                    <Unicode>wie Sie nun wider</Unicode>
                </TextEquiv>
            </TextLine>
            <TextLine id="r4l30" custom="readingOrder {index:29;}">
                <Coords points="1670,2573 2017,2589 2052,2629 2208,2654 2433,2639 2515,2692 2607,2663 2725,2683 2729,2640 2635,2602 2454,2607 2335,2552 2263,2581 2192,2527 1914,2558 1833,2512 1768,2548 1677,2511"/>
                <Baseline points="1679,2558 1731,2562 1783,2566 1835,2570 1887,2575 1939,2580 1991,2586 2043,2591 2095,2598 2147,2603 2199,2609 2251,2614 2303,2621 2355,2626 2407,2633 2459,2639 2511,2643 2563,2650 2615,2654 2667,2660 2720,2664"/>
                <TextEquiv>
                    <Unicode>zurück in den Schopff gekommen, haben</Unicode>
                </TextEquiv>
            </TextLine>
            <TextLine id="r4l31" custom="readingOrder {index:30;}">
                <Coords points="1659,2641 2748,2786 2758,2711 2722,2699 2445,2708 2356,2663 2182,2673 2135,2619 2025,2655 1960,2611 1776,2624 1668,2576"/>
                <Baseline points="1668,2631 1721,2637 1775,2644 1829,2649 1883,2656 1937,2661 1990,2668 2044,2675 2098,2681 2152,2689 2206,2695 2259,2703 2313,2709 2367,2717 2421,2724 2475,2730 2528,2738 2582,2743 2636,2750 2690,2758 2744,2763"/>
                <TextEquiv>
                    <Unicode>Sie noch alle mit einander eine halbe</Unicode>
                </TextEquiv>
            </TextLine>
            <TextLine id="r4l32" custom="readingOrder {index:31;}">
                <Coords points="1650,2748 1788,2727 2175,2823 2493,2822 2708,2885 2731,2803 2474,2753 2399,2785 2251,2713 2113,2741 2065,2693 2001,2733 1893,2680 1660,2673"/>
                <Baseline points="1662,2708 1714,2715 1767,2722 1820,2729 1873,2736 1926,2742 1978,2749 2031,2755 2084,2762 2137,2768 2190,2776 2242,2783 2295,2790 2348,2797 2401,2804 2454,2811 2506,2819 2559,2828 2612,2836 2665,2845 2718,2855"/>
                <TextEquiv>
                    <Unicode>getrunken, darauf ein jeder nach</Unicode>
                </TextEquiv>
            </TextLine>
            <TextLine id="r4l33" custom="readingOrder {index:32;}">
                <Coords points="1646,2847 1939,2829 1983,2868 2108,2854 2186,2915 2364,2888 2616,2944 2689,2927 2695,2885 2526,2870 2454,2818 2356,2839 2226,2805 2162,2835 2029,2790 1851,2793 1766,2733 1658,2756"/>
                <Baseline points="1659,2795 1710,2798 1761,2803 1812,2809 1863,2815 1914,2820 1965,2827 2017,2834 2068,2841 2119,2848 2170,2855 2221,2863 2272,2870 2323,2877 2375,2884 2426,2892 2477,2898 2528,2905 2579,2911 2630,2918 2682,2924"/>
                <TextEquiv>
                    <Unicode>Hauß gegangen, Er Inquisit aber</Unicode>
                </TextEquiv>
            </TextLine>
            <TextLine id="r4l34" custom="readingOrder {index:33;}">
                <Coords points="1655,2888 1957,2917 2053,2963 2123,2931 2271,2999 2588,3006 2658,3047 2742,3019 2750,2966 2544,2960 2365,2888 2193,2918 2123,2872 1910,2887 1797,2839 1661,2845"/>
                <Baseline points="1664,2873 1717,2879 1771,2885 1824,2891 1878,2898 1931,2905 1985,2912 2038,2919 2092,2927 2145,2935 2199,2943 2253,2951 2306,2958 2360,2967 2413,2975 2467,2982 2520,2992 2574,2999 2627,3007 2681,3015 2735,3023"/>
                <TextEquiv>
                    <Unicode>in dem nemlichen Schopff über Nacht</Unicode>
                </TextEquiv>
            </TextLine>
            <TextLine id="r4l35" custom="readingOrder {index:34;}">
                <Coords points="1656,2995 1780,2973 2013,3036 2099,3018 2266,3079 2346,3054 2406,3103 2602,3081 2505,2997 2251,3001 2040,2952 1944,2975 1781,2902 1667,2918"/>
                <Baseline points="1668,2955 1714,2961 1760,2966 1807,2972 1853,2978 1899,2984 1946,2990 1992,2996 2038,3003 2085,3010 2131,3017 2177,3024 2224,3029 2270,3036 2316,3043 2363,3050 2409,3056 2455,3062 2502,3069 2548,3075 2595,3080"/>
                <TextEquiv>
                    <Unicode>geblieben, ohne daß biß auf den</Unicode>
                </TextEquiv>
            </TextLine>
            <TextLine id="r4l36" custom="readingOrder {index:35;}">
                <Coords points="1675,3041 1788,3093 1854,3061 2005,3111 2092,3092 2730,3189 2709,3119 2538,3141 2491,3094 2407,3107 2357,3064 2274,3088 2115,3033 2000,3053 1684,2981"/>
                <Baseline points="1683,3033 1735,3040 1787,3046 1839,3054 1891,3061 1943,3070 1995,3078 2047,3086 2099,3095 2151,3104 2203,3113 2255,3121 2307,3131 2359,3138 2411,3146 2463,3154 2515,3160 2567,3167 2619,3173 2671,3178 2724,3182"/>
                <TextEquiv>
                    <Unicode>Morgen er etwas weiters von der</Unicode>
                </TextEquiv>
            </TextLine>
            <TextLine id="r4l37" custom="readingOrder {index:36;}">
                <Coords points="1648,3151 2330,3220 2422,3302 2501,3255 2742,3306 2733,3253 2593,3204 2242,3182 2080,3101 1931,3129 1661,3078"/>
                <Baseline points="1661,3117 1714,3122 1768,3127 1822,3133 1876,3141 1930,3149 1984,3156 2037,3166 2091,3175 2145,3184 2199,3194 2253,3204 2307,3215 2361,3224 2414,3235 2468,3244 2522,3255 2576,3265 2630,3274 2684,3283 2738,3291"/>
                <TextEquiv>
                    <Unicode>Hergangenheit vernommen, deß Mor¬</Unicode>
                </TextEquiv>
            </TextLine>
            <TextLine id="r4l38" custom="readingOrder {index:37;}">
                <Coords points="1650,3240 2308,3290 2408,3358 2443,3340 2597,3395 2662,3382 2669,3344 2494,3258 2424,3301 2384,3267 2175,3247 2093,3189 1662,3168"/>
                <Baseline points="1664,3198 1713,3203 1763,3209 1813,3216 1862,3223 1912,3229 1962,3237 2011,3245 2061,3254 2111,3262 2161,3271 2210,3279 2260,3288 2310,3298 2359,3308 2409,3317 2459,3327 2508,3336 2558,3346 2608,3356 2658,3365"/>
                <TextEquiv>
                    <Unicode>igens schon vor Sonnen aufgang,</Unicode>
                </TextEquiv>
            </TextLine>
            <TextLine id="r4l39" custom="readingOrder {index:38;}">
                <Coords points="1668,3299 2084,3345 2191,3414 2334,3414 2394,3462 2547,3426 2684,3464 2695,3407 2449,3384 2299,3303 2218,3325 2116,3278 2027,3299 1948,3249 1806,3270 1680,3229"/>
                <Baseline points="1679,3275 1729,3281 1779,3288 1829,3297 1879,3304 1929,3312 1979,3321 2029,3329 2079,3338 2129,3347 2179,3357 2229,3366 2279,3375 2329,3385 2379,3395 2429,3404 2479,3415 2529,3424 2579,3433 2629,3442 2679,3452"/>
                <TextEquiv>
                    <Unicode>als er auß dem Schopff gegangen,</Unicode>
                </TextEquiv>
            </TextLine>
            <TextLine id="r4l40" custom="readingOrder {index:39;}">
                <Coords points="2674,3372 2681,3373 2686,3377 2689,3376 2691,3378 2696,3376 2702,3378 2713,3325 2704,3325 2695,3314 2687,3311"/>
                <Baseline points="2682,3368 2697,3371"/>
                <TextEquiv>
                    <Unicode>.</Unicode>
                </TextEquiv>
            </TextLine>
            <TextLine id="r4l41" custom="readingOrder {index:40;}">
                <Coords points="1669,3367 1803,3433 1992,3405 2305,3501 2421,3497 2453,3536 2491,3513 2691,3547 2660,3479 2606,3489 2522,3432 2396,3462 2336,3415 2196,3416 2068,3351 1940,3363 1842,3320 1776,3344 1682,3298"/>
                <Baseline points="1679,3354 1729,3360 1779,3367 1830,3376 1880,3384 1931,3394 1981,3403 2031,3412 2082,3423 2132,3434 2183,3444 2233,3455 2283,3465 2334,3475 2384,3485 2435,3494 2485,3502 2535,3511 2586,3518 2636,3525 2687,3531"/>
                <TextEquiv>
                    <Unicode>haben Ihne leute, welche auf der</Unicode>
                </TextEquiv>
            </TextLine>
            <TextLine id="r4l42" custom="readingOrder {index:41;}">
                <Coords points="1657,3455 1778,3504 2010,3491 2167,3526 2257,3597 2300,3578 2411,3625 2732,3635 2741,3588 2633,3546 2532,3565 2394,3504 2222,3502 2130,3444 1801,3430 1676,3359"/>
                <Baseline points="1668,3434 1723,3440 1779,3448 1835,3457 1890,3465 1946,3476 2002,3487 2058,3498 2113,3510 2169,3521 2225,3533 2281,3544 2336,3557 2392,3568 2448,3579 2504,3590 2559,3600 2615,3610 2671,3619 2727,3626"/>
                <TextEquiv>
                    <Unicode>straaß gearbeitet, gefragt: Ob er</Unicode>
                </TextEquiv>
            </TextLine>
            <TextLine id="r4l43" custom="readingOrder {index:42;}">
                <Coords points="2397,3715 2470,3715 2512,3688 2616,3754 2660,3768 2677,3669 2638,3663 2595,3675 2535,3630 2472,3646 2455,3623 2413,3622"/>
                <Baseline points="2411,3672 2436,3675 2461,3678 2486,3682 2511,3686 2537,3690 2562,3696 2587,3700 2612,3706 2637,3710 2663,3714"/>
                <TextEquiv>
                    <Unicode>Gesten etc.</Unicode>
                </TextEquiv>
            </TextLine>
            <TextEquiv>
                <Unicode>325
zur Scheür-dorten ihme der Probst vor¬
auß geloffen, Er aber stehen geblieben.
darauf seyen die Indiener Gestellen
auch alsobald nach gekommen, der Chri¬
stian seye der Erste unter Selbigen
vorauß geloffen, und habe ein zann
Steben in der Hand gehabt, Er Inqui¬
seye nun auch mit diesen lezteren
nach geloffen, seye aber noch etwann
10. Schritt weit entfernet gewesen
als der unglükhafftige Streich ergang¬
den Streich aber habe er selbsten schlag
gestehen von dem Knecht Christian
welcher mit dem Zaun Steken auf¬
deß Steinhauers Kopff geschlagen
darvon derselbe plözlich auf sein An¬
gesicht zu Toden gefallen.
Nach¬
diesem seyen sie alle beyde zurück
inauf gegangen. Der Christian
habe unterwegs zu Ihnen gesagt,
der Geschlagene habe sich schon wider
gerühret; Er Ing. aber, als er
darvon gegangen, habe den zu Toden
geschlagenen nicht wider aufstehen
gestehen.
.
wie Sie nun wider
zurück in den Schopff gekommen, haben
Sie noch alle mit einander eine halbe
getrunken, darauf ein jeder nach
Hauß gegangen, Er Inquisit aber
in dem nemlichen Schopff über Nacht
geblieben, ohne daß biß auf den
Morgen er etwas weiters von der
Hergangenheit vernommen, deß Mor¬
igens schon vor Sonnen aufgang,
als er auß dem Schopff gegangen,
.
haben Ihne leute, welche auf der
straaß gearbeitet, gefragt: Ob er
Gesten etc.</Unicode>
            </TextEquiv>
        </TextRegion>
    </Page>
</PcGts>
