3024 4032
310 2598 397 2695 2.
330 317 472 416 480.
355 477 479 574 Fr.
366 667 484 801 1.
362 863 461 967 se
334 1192 424 1286 2.
331 1285 489 1449 S
345 1579 441 1669 2.
374 1714 486 1840 Pr
364 1948 444 2033 21.
353 2064 466 2192 Ir
924 399 982 497 de
524 450 1508 628 Ob ihm von anderen diebstählen nichts bekant sein
529 542 1502 689 so die Muter, oder der Stieff-Vatter begangen,
516 660 1487 809 Angert dennen Strümpfen und Raht und sich ihn
521 748 894 852 nichts in Weßen
520 846 1441 962 seye ernstlich ermahnet, hierüber sein Gebüßen
514 932 1477 1043 gäntzlich zu entladen, und zu offenbaren, ob er
528 1016 1441 1121 davon keine mehrere Wißenschaft gehabt,
515 1099 1097 1209 und nicht selbsten geholffen.
517 1190 1132 1298 Es habe alle wahrheit gesagt.
524 1289 1399 1421 Ob es darauf beharren dorffen, daß es zu
518 1387 1481 1511 Hand gewesen, da seine Muter der Mehren,
520 1463 1074 1575 Diebstehl heimgebracht.
501 1595 613 1698 Ge¬
512 1681 1397 1795 Wie es sagen könne, die Muter habe den
497 1777 1459 1889 diebstahl in dem Fürtach heimgebracht, dan
503 1845 1096 1956 Sie doch damahl nicht gestehen.
490 1932 1001 2051 Sie habend ihm gesagt.
514 2074 1375 2171 Es seyn der Bericht gefallen, daß es den
498 2137 1480 2242 gleichen abens mit der muter zust hegen
500 2230 1459 2340 fehrs zu der Zeit, da der Diebstahl beschehen,
505 2323 1443 2437 in dem Mörengang gestehen worden, solle
502 2396 1470 2514 also nur rund bekennen, sonsten andere Mittel
494 2487 901 2600 ergriffen wurden.
470 2629 1456 2728 Ja es wolle alles bekennen, was er dabey gethon.
580 2692 1471 2820 Die Muter seye denselben Abend nach d
472 2749 1431 2897 Uhr mit dem Vatter von Hanß gegangen,
490 2858 1439 2986 und gegen 9. Uhr seyn die Muter allein
497 2914 1474 3074 mit einem für tuch voll von dieser spaar heim
482 3006 1449 3155 gekommen, zu ihm sagen. Es solle mit ihr gehen,
473 3100 1422 3219 Sie habe im Mören Ganz aus einer Kisten
460 3167 1456 3307 Warr genommen, und es solle auch ein Fürlich
850 3264 1450 3382 Es habe sich anfänglich gebü¬
479 3271 731 3373 voll hoffen.
457 3314 1474 3479 rgeret, und da Sie mit ihme geschmälet, und gesehen,
1586 1080 1669 1192 g
1569 1253 1662 1365 di
1566 1362 1670 1476 Fr.
1583 1486 1692 1568 A.
1563 1586 1676 1700 Fr.
1571 1751 1633 1844 4.
1554 2125 1652 2226 S
1559 2385 1642 2464 E.
1561 2546 1657 2659 Ge
1559 2808 1637 2888 2.
1549 2912 1651 3021 De
1624 3032 1653 3102 d
1564 3092 1644 3172 2.
1544 3286 1654 3395 Dr.
1561 3388 1627 3469 27
2601 369 2737 455 481.
1687 486 2674 594 es seyn zu faul, und möge nicht geben, so seye es
2332 551 2509 600 d
1703 570 2679 684 endlich mit ihr in den Moren Gang gegangen,
1708 647 2739 745 daselbst Sie ihm aus einer Kisten oder Caß
1702 709 2735 807 rechts neben der Haus thür ein furtuch voll
1685 780 2746 881 Strümpf gegeben, welche des allein heimgetragen,
1673 865 2742 974 Die Muter aber seye nicht lang hernach auch mit
1696 937 2454 1036 einem Fürtuch voll heimgekommen.
1701 1057 2749 1172 Ob Sie ihm verdeütet, wie Sie diese Kisten eröf¬
1682 1148 1821 1241 gnet.
1672 1242 2656 1354 Sie habe nur gesagt, selbe aufgethan zu haben.
1693 1335 2651 1470 Welchen Weg es mit seiner Burde genommen?
2350 1418 2393 1465 .
1691 1450 2385 1566 die vordere Haus, thur hinaus
1685 1576 2689 1683 Es verlaute, daß es noch mit jeman, und zwar,
1685 1661 2707 1770 ohne etwas zu tragen, wiese Ihne hinausgegangen.
1685 1735 2664 1862 Es könne wohl seÿn, daß seine Muter und es zuvor
1687 1847 2649 1956 mit einander, da wer hinaus gegangen, weiler
1685 1926 2703 2031 wegen den Leuthen, so da herinn gebehten, sie an
1685 2015 2433 2118 ihrem vorhaben verhinderet worden.
1688 2103 2739 2219 Man wolle hoffen, daß es auch über alles übrige
1682 2197 2720 2321 entwendete, so in ihr Hauß gekommen, die Wahr-
1690 2271 2085 2396 heit reden werde.
1679 2391 2633 2508 Außert der Wösch seye ihm nichts weiters
1679 2458 1842 2553 bekant.
1699 2534 2724 2668 Ob der Vatter denselben Abend, da sie den Dieb¬
1683 2640 2712 2755 stahl in den Mören - Gang begangen, zu Hauß
1679 2719 2103 2826 zu Recht gestoßen.
1691 2805 2521 2934 möge sich nicht wohl daran errennenn.
1679 2921 2712 3033 Wo die Muter ihre diebstahl allerorten verborgen
1681 3011 1874 3116 gehabt.
1687 3096 2734 3215 Es seye ihm nur von der Wösch und denen Strümpfen
1675 3179 1837 3270 Bekänt.
1688 3269 2722 3423 Ob die Muter ihm nichts zu verkauffen übergeben.
1672 3380 2020 3516 Nein gar nichts.
