<?xml version="1.0" encoding="UTF-8" standalone="yes"?>
<PcGts xmlns="http://schema.primaresearch.org/PAGE/gts/pagecontent/2013-07-15" xmlns:xsi="http://www.w3.org/2001/XMLSchema-instance" xsi:schemaLocation="http://schema.primaresearch.org/PAGE/gts/pagecontent/2013-07-15 http://schema.primaresearch.org/PAGE/gts/pagecontent/2013-07-15/pagecontent.xsd">
    <Metadata>
        <Creator>prov=University of Rostock/Institute of Mathematics/CITlab|PLANET AI GmbH/Gundram Leifert/gundram.leifert@planet-ai.de:name=German_Kurrent_XVI-XVIII_M5.4(htr_id=38771)::::v=2.6.7
prov=University of Rostock/Institute of Mathematics/CITlab|PLANET AI GmbH/Tobias Gruening/tobias.gruening@planet-ai.de:name=de.uros.citlab.module.baseline2polygon.B2PSeamMultiOriented:v=2.6.7
prov=University of Rostock/Institute of Mathematics/CITlab|PLANET AI GmbH/Tobias Gruening/tobias.gruening@planet-ai.de:name=/net_tf/LA73_249_0mod360.pb:de.uros.citlab.segmentation.CITlab_LA_ML:v=2.6.7
Transkribus</Creator>
        <Created>2022-06-16T09:29:18.668+02:00</Created>
        <LastChange>2022-09-12T15:41:14.376+02:00</LastChange>
        <TranskribusMetadata docId="1334852" pageId="52363835" pageNr="211" tsid="114645915" status="IN_PROGRESS" userId="9570" imgUrl="https://files.transkribus.eu/Get?id=YWZNXBVSQULNDJZODOEGGICK&amp;fileType=view" xmlUrl="https://files.transkribus.eu/Get?id=GLOHMTMJIVKMVBULZXXQUKLT" imageId="35485821"/>
    </Metadata>
    <Page imageFilename="IMG_7963.jpg" imageWidth="3024" imageHeight="4032">
        <ReadingOrder>
            <OrderedGroup id="ro_1687513612937" caption="Regions reading order">
                <RegionRefIndexed index="0" regionRef="r1"/>
                <RegionRefIndexed index="1" regionRef="r2"/>
                <RegionRefIndexed index="2" regionRef="r3"/>
                <RegionRefIndexed index="3" regionRef="r4"/>
                <RegionRefIndexed index="4" regionRef="r5"/>
            </OrderedGroup>
        </ReadingOrder>
        <TextRegion orientation="0.0" id="r1" custom="readingOrder {index:0;}">
            <Coords points="251,2836 251,3241 459,3241 459,2836"/>
            <TextLine id="r1l1" custom="readingOrder {index:0;}">
                <Coords points="314,2974 329,2971 360,2995 384,2983 407,2998 460,2971 457,2865 415,2864 379,2833 358,2844 324,2827 310,2830"/>
                <Baseline points="320,2939 346,2940 372,2939 399,2936 425,2936 452,2939"/>
                <TextEquiv>
                    <Unicode>Ing</Unicode>
                </TextEquiv>
            </TextLine>
            <TextLine id="r1l2" custom="readingOrder {index:1;}">
                <Coords points="246,3246 267,3246 281,3231 395,3192 427,3191 467,3219 464,3108 419,3104 380,3119 333,3086 300,3104 259,3146 243,3143"/>
                <Baseline points="251,3191 277,3187 303,3185 329,3182 355,3182 381,3182 407,3182 433,3183 459,3183"/>
                <TextEquiv>
                    <Unicode>Amts¬</Unicode>
                </TextEquiv>
            </TextLine>
            <TextEquiv>
                <Unicode>Ing
Amts¬</Unicode>
            </TextEquiv>
        </TextRegion>
        <TextRegion orientation="0.0" id="r2" custom="readingOrder {index:1;}">
            <Coords points="345,325 345,481 510,481 510,325"/>
            <TextLine id="r2l1" custom="readingOrder {index:0;}">
                <Coords points="338,447 385,445 400,454 434,457 442,465 473,452 499,451 516,444 519,375 502,369 478,379 442,350 427,352 414,364 380,353 341,365"/>
                <Baseline points="345,425 372,426 400,426 427,428 455,428 482,429 510,431"/>
                <TextEquiv>
                    <Unicode>420.</Unicode>
                </TextEquiv>
            </TextLine>
            <TextEquiv>
                <Unicode>420.</Unicode>
            </TextEquiv>
        </TextRegion>
        <TextRegion orientation="0.0" id="r3" custom="readingOrder {index:2;}">
            <Coords points="446,542 446,3442 1470,3442 1470,542"/>
            <TextLine id="r3l1" custom="readingOrder {index:0;}">
                <Coords points="533,585 1186,595 1280,651 1331,624 1385,670 1454,660 1459,579 1397,577 1334,514 1106,498 953,526 887,477 719,514 538,507"/>
                <Baseline points="540,575 585,576 630,576 676,578 721,578 767,578 812,578 857,578 903,578 948,578 994,579 1039,581 1084,584 1130,587 1175,591 1221,596 1266,603 1311,612 1357,622 1402,634 1448,648"/>
                <TextEquiv>
                    <Unicode>Obbedeüter sein Mentschricht</Unicode>
                </TextEquiv>
            </TextLine>
            <TextLine id="r3l2" custom="readingOrder {index:1;}">
                <Coords points="531,660 990,659 1126,674 1177,716 1225,681 1390,710 1412,672 1253,627 1202,650 1107,596 947,598 879,642 758,644 606,580 533,608"/>
                <Baseline points="537,648 580,651 623,653 667,654 710,656 753,656 797,656 840,656 883,657 927,657 970,657 1013,659 1057,660 1100,662 1143,665 1187,669 1230,673 1273,679 1317,685 1360,693 1404,702"/>
                <TextEquiv>
                    <Unicode>daferne sele, und nach einer</Unicode>
                </TextEquiv>
            </TextLine>
            <TextLine id="r3l3" custom="readingOrder {index:2;}">
                <Coords points="520,760 574,740 615,783 749,735 958,762 1159,739 1252,795 1297,765 1341,805 1410,782 1470,817 1474,743 1374,742 1303,681 1178,716 1124,675 993,699 888,657 525,673"/>
                <Baseline points="528,732 574,735 621,735 668,737 715,737 762,737 808,737 855,737 902,737 949,737 996,737 1042,738 1089,741 1136,744 1183,749 1230,755 1276,762 1323,771 1370,782 1417,794 1464,809"/>
                <TextEquiv>
                    <Unicode>buchen Weil, habe Er an gehaben</Unicode>
                </TextEquiv>
            </TextLine>
            <TextLine id="r3l4" custom="readingOrder {index:3;} place {offset:4; length:7;}">
                <Coords points="539,840 684,821 807,870 862,827 1006,819 1322,848 1412,890 1442,877 1445,807 1407,781 1339,804 1294,768 1226,819 1139,808 1061,747 909,778 748,737 541,801"/>
                <Baseline points="546,815 590,816 635,816 679,816 724,816 768,816 813,816 857,816 902,816 946,816 991,818 1035,819 1080,822 1124,824 1169,828 1213,833 1258,838 1302,844 1347,852 1391,861 1436,873"/>
                <TextEquiv>
                    <Unicode>von Religen kommend, über das</Unicode>
                </TextEquiv>
            </TextLine>
            <TextLine id="r3l5" custom="readingOrder {index:4;}">
                <Coords points="555,931 602,910 651,954 748,965 836,909 938,904 1059,957 1179,913 1464,989 1480,925 1436,897 1356,913 1278,852 1084,828 986,824 864,884 708,825 561,829"/>
                <Baseline points="564,896 609,900 654,902 699,905 745,906 790,906 835,906 881,906 926,906 971,906 1017,906 1062,908 1107,909 1152,912 1198,915 1243,921 1288,929 1334,938 1379,948 1424,962 1470,977"/>
                <TextEquiv>
                    <Unicode>feld, gegen Ortschwaben gehen,</Unicode>
                </TextEquiv>
            </TextLine>
            <TextLine id="r3l6" custom="readingOrder {index:5;}">
                <Coords points="533,993 642,985 778,1047 899,1028 928,1050 1102,999 1160,1042 1302,1055 1449,1029 1368,983 1218,972 1155,921 982,972 804,934 693,966 602,910 536,937"/>
                <Baseline points="540,972 585,975 630,978 675,981 720,981 765,983 810,984 856,984 901,985 946,986 991,987 1036,989 1081,990 1126,993 1172,996 1217,1000 1262,1006 1307,1012 1352,1019 1397,1027 1443,1038"/>
                <TextEquiv>
                    <Unicode>da seyn Er gegen ihn gegangen</Unicode>
                </TextEquiv>
            </TextLine>
            <TextLine id="r3l7" custom="readingOrder {index:6;}">
                <Coords points="520,1060 682,1108 796,1057 1223,1078 1281,1131 1347,1095 1413,1109 1415,1046 1204,1056 1119,999 928,1050 741,1043 674,983 523,996"/>
                <Baseline points="527,1056 571,1056 615,1058 659,1058 703,1059 747,1059 791,1060 835,1061 879,1062 923,1062 967,1064 1011,1065 1055,1067 1099,1068 1143,1072 1187,1075 1231,1080 1275,1083 1319,1089 1363,1095 1407,1101"/>
                <TextEquiv>
                    <Unicode>als sie zusammen gekommen, habe</Unicode>
                </TextEquiv>
            </TextLine>
            <TextLine id="r3l8" custom="readingOrder {index:7;}">
                <Coords points="507,1179 575,1144 821,1136 1078,1170 1127,1149 1266,1203 1329,1177 1417,1209 1438,1117 1240,1137 1185,1089 985,1063 769,1063 693,1117 635,1120 592,1081 510,1108"/>
                <Baseline points="515,1137 560,1139 606,1139 651,1139 697,1139 743,1139 788,1139 834,1140 880,1140 925,1141 971,1142 1017,1144 1062,1146 1108,1148 1154,1152 1199,1156 1245,1162 1291,1167 1336,1173 1382,1181 1428,1190"/>
                <TextEquiv>
                    <Unicode>ihme das Mentsch vorgehalten</Unicode>
                </TextEquiv>
            </TextLine>
            <TextLine id="r3l9" custom="readingOrder {index:8;} place {offset:11; length:9;}">
                <Coords points="522,1220 592,1261 638,1231 749,1259 849,1212 948,1225 1003,1268 1154,1228 1235,1289 1309,1243 1371,1280 1415,1229 1265,1217 1216,1169 1116,1210 1037,1143 576,1144 524,1174"/>
                <Baseline points="528,1214 574,1214 620,1214 666,1214 713,1214 759,1215 805,1215 851,1217 898,1218 944,1219 990,1220 1036,1223 1083,1226 1129,1229 1175,1233 1221,1237 1268,1241 1314,1245 1360,1252 1407,1257"/>
                <TextEquiv>
                    <Unicode>es habe zu Kittligen lange auf</Unicode>
                </TextEquiv>
            </TextLine>
            <TextLine id="r3l10" custom="readingOrder {index:9;}">
                <Coords points="520,1330 569,1300 643,1341 693,1301 900,1297 935,1324 1088,1311 1149,1354 1257,1324 1347,1395 1460,1382 1465,1288 1393,1268 1291,1306 1133,1237 1003,1268 893,1220 706,1275 525,1238"/>
                <Baseline points="528,1292 574,1292 620,1292 667,1293 713,1293 759,1293 806,1295 852,1295 898,1296 945,1298 991,1300 1037,1302 1084,1306 1130,1309 1176,1312 1223,1318 1269,1323 1315,1328 1362,1336 1408,1342 1455,1352"/>
                <TextEquiv>
                    <Unicode>ihne gewartet, habe ihne gefragt,</Unicode>
                </TextEquiv>
            </TextLine>
            <TextLine id="r3l11" custom="readingOrder {index:10;}">
                <Coords points="526,1380 845,1366 879,1400 1091,1385 1161,1431 1211,1395 1456,1431 1403,1375 1346,1395 1268,1322 1074,1366 957,1310 678,1360 571,1305 528,1326"/>
                <Baseline points="533,1371 578,1373 624,1373 670,1374 716,1376 762,1376 807,1377 853,1377 899,1379 945,1380 991,1382 1036,1383 1082,1385 1128,1388 1174,1391 1220,1396 1265,1400 1311,1405 1357,1413 1403,1420 1449,1428"/>
                <TextEquiv>
                    <Unicode>warum Er so lange nicht gekommen</Unicode>
                </TextEquiv>
            </TextLine>
            <TextLine id="r3l12" custom="readingOrder {index:11;}">
                <Coords points="513,1498 665,1453 1071,1466 1175,1515 1393,1493 1396,1425 1268,1397 1103,1444 997,1383 872,1402 752,1366 594,1412 519,1381"/>
                <Baseline points="522,1446 565,1447 608,1448 651,1449 694,1451 738,1451 781,1452 824,1454 867,1455 910,1457 954,1458 997,1460 1040,1462 1083,1464 1126,1467 1170,1469 1213,1473 1256,1476 1299,1479 1342,1483 1386,1488"/>
                <TextEquiv>
                    <Unicode>Er ihme aber etwas erdichteten</Unicode>
                </TextEquiv>
            </TextLine>
            <TextLine id="r3l13" custom="readingOrder {index:12;}">
                <Coords points="518,1541 599,1583 641,1558 686,1579 785,1530 830,1549 865,1549 889,1530 923,1551 927,1467 893,1457 849,1489 829,1476 801,1484 762,1460 722,1465 661,1506 589,1491 519,1499"/>
                <Baseline points="525,1523 551,1523 577,1523 603,1524 629,1524 656,1526 682,1526 708,1527 734,1529 760,1530 787,1531 813,1532 839,1533 865,1535 891,1535 918,1535"/>
                <TextEquiv>
                    <Unicode>vorgeschütet.</Unicode>
                </TextEquiv>
            </TextLine>
            <TextLine id="r3l14" custom="readingOrder {index:13;}">
                <Coords points="546,1658 713,1612 784,1661 973,1623 1443,1661 1446,1590 1288,1548 1188,1572 857,1544 778,1592 741,1563 630,1590 550,1568"/>
                <Baseline points="555,1608 599,1608 643,1608 687,1610 731,1610 775,1611 819,1612 863,1613 907,1615 951,1616 996,1618 1040,1620 1084,1622 1128,1625 1172,1626 1216,1629 1260,1632 1304,1634 1348,1637 1392,1640 1437,1643"/>
                <TextEquiv>
                    <Unicode>darauf er ihme den Korb voll</Unicode>
                </TextEquiv>
            </TextLine>
            <TextLine id="r3l15" custom="readingOrder {index:14;}">
                <Coords points="497,1696 683,1693 767,1755 889,1693 1026,1734 1335,1722 1375,1749 1407,1739 1410,1663 979,1623 900,1664 793,1665 652,1614 579,1665 498,1664"/>
                <Baseline points="504,1683 548,1686 593,1689 638,1691 683,1692 728,1694 773,1695 817,1697 862,1698 907,1700 952,1701 997,1703 1042,1704 1087,1706 1131,1709 1176,1710 1221,1712 1266,1715 1311,1718 1356,1721 1401,1724"/>
                <TextEquiv>
                    <Unicode>Kleider, solt auf dem Kopf</Unicode>
                </TextEquiv>
            </TextLine>
            <TextLine id="r3l16" custom="readingOrder {index:15;}">
                <Coords points="517,1803 609,1787 682,1830 805,1783 893,1834 1026,1788 1222,1827 1289,1805 1343,1845 1457,1820 1460,1752 1220,1720 1008,1768 874,1726 787,1763 679,1750 628,1697 520,1741"/>
                <Baseline points="525,1772 571,1773 617,1775 664,1776 710,1778 756,1779 803,1780 849,1781 895,1782 942,1784 988,1785 1034,1787 1081,1789 1127,1791 1173,1793 1220,1796 1266,1798 1312,1801 1359,1805 1405,1809 1452,1812"/>
                <TextEquiv>
                    <Unicode>getragen, abgenommen und selbs getra¬</Unicode>
                </TextEquiv>
            </TextLine>
            <TextLine id="r3l17" custom="readingOrder {index:16;}">
                <Coords points="507,1862 971,1865 1092,1896 1328,1878 1433,1910 1470,1898 1472,1840 1027,1790 952,1844 804,1784 709,1840 508,1814"/>
                <Baseline points="513,1850 560,1851 608,1853 655,1854 703,1856 750,1857 798,1859 845,1860 893,1861 940,1863 988,1863 1036,1865 1083,1867 1131,1869 1178,1871 1226,1872 1273,1875 1321,1878 1368,1881 1416,1884 1464,1887"/>
                <TextEquiv>
                    <Unicode>gen, mit einander also biß in die</Unicode>
                </TextEquiv>
            </TextLine>
            <TextLine id="r3l18" custom="readingOrder {index:17;}">
                <Coords points="492,1930 601,1970 837,1937 940,1990 1232,1940 1438,1966 1439,1913 1329,1880 1225,1930 1137,1875 493,1866"/>
                <Baseline points="498,1923 544,1927 591,1931 637,1934 684,1935 731,1937 777,1938 824,1939 871,1940 917,1941 964,1941 1011,1942 1057,1943 1104,1943 1151,1944 1197,1946 1244,1947 1291,1948 1337,1950 1384,1952 1431,1956"/>
                <TextEquiv>
                    <Unicode>Straß auf Ortschwaben und von</Unicode>
                </TextEquiv>
            </TextLine>
            <TextLine id="r3l19" custom="readingOrder {index:18;} person {offset:11; length:5;}">
                <Coords points="486,2030 611,2006 1435,2037 1445,1968 1317,1977 1233,1940 1191,1974 1016,1961 963,1995 890,1948 811,1974 751,1941 685,1990 554,1931 487,1947"/>
                <Baseline points="492,1998 539,2001 586,2004 633,2006 681,2009 728,2010 775,2012 822,2012 870,2013 917,2013 964,2013 1011,2015 1059,2015 1106,2015 1153,2015 1200,2016 1248,2017 1295,2018 1342,2019 1389,2021 1437,2022"/>
                <TextEquiv>
                    <Unicode>dannen der Straß nach biß zu der</Unicode>
                </TextEquiv>
            </TextLine>
            <TextLine id="r3l20" custom="readingOrder {index:19;} person {offset:18; length:6;}">
                <Coords points="486,2102 1091,2095 1173,2128 1222,2104 1267,2143 1361,2105 1443,2120 1445,2041 1068,2014 989,2079 926,2080 791,2012 690,2057 553,2016 487,2048"/>
                <Baseline points="492,2075 539,2079 586,2082 633,2086 681,2088 728,2090 775,2091 822,2091 870,2093 917,2093 964,2093 1011,2093 1059,2093 1106,2094 1153,2094 1200,2095 1248,2096 1295,2097 1342,2099 1389,2102 1437,2105"/>
                <TextEquiv>
                    <Unicode>so genanten Durch Haüßli gehend,</Unicode>
                </TextEquiv>
            </TextLine>
            <TextLine id="r3l21" custom="readingOrder {index:20;}">
                <Coords points="504,2160 646,2176 697,2214 823,2172 1387,2188 1425,2180 1426,2114 1266,2144 1225,2105 1135,2111 1087,2147 1018,2124 936,2158 745,2112 677,2144 606,2089 505,2089"/>
                <Baseline points="510,2153 555,2157 600,2160 646,2162 691,2165 737,2166 782,2168 828,2169 873,2170 919,2171 964,2171 1009,2172 1055,2172 1100,2172 1146,2172 1191,2173 1237,2174 1282,2174 1328,2174 1373,2174 1419,2175"/>
                <TextEquiv>
                    <Unicode>dorten er ihme auf wiederholten</Unicode>
                </TextEquiv>
            </TextLine>
            <TextLine id="r3l22" custom="readingOrder {index:21;}">
                <Coords points="495,2250 569,2287 633,2244 1002,2278 1080,2251 1453,2259 1398,2195 1262,2171 1184,2201 965,2181 924,2213 867,2176 749,2221 664,2191 622,2221 496,2166"/>
                <Baseline points="501,2232 548,2237 595,2240 642,2243 690,2244 737,2246 784,2247 831,2247 879,2247 926,2247 973,2247 1020,2247 1068,2247 1115,2247 1162,2247 1209,2247 1257,2248 1304,2249 1351,2250 1398,2252 1446,2255"/>
                <TextEquiv>
                    <Unicode>Begehren, den Korb wieder über¬</Unicode>
                </TextEquiv>
            </TextLine>
            <TextLine id="r3l23" custom="readingOrder {index:22;}">
                <Coords points="485,2317 1328,2348 1410,2334 1411,2274 1161,2251 1088,2297 945,2308 843,2252 772,2306 622,2251 561,2294 485,2290"/>
                <Baseline points="491,2313 536,2313 582,2315 627,2316 673,2317 719,2318 764,2319 810,2321 856,2321 901,2322 947,2322 993,2323 1038,2324 1084,2324 1130,2324 1175,2324 1221,2324 1267,2324 1312,2324 1358,2323 1404,2322"/>
                <TextEquiv>
                    <Unicode>geben müßen. Es habe nun</Unicode>
                </TextEquiv>
            </TextLine>
            <TextLine id="r3l24" custom="readingOrder {index:23;}">
                <Coords points="480,2400 932,2400 1043,2439 1151,2401 1196,2423 1419,2401 1259,2324 1085,2320 995,2371 922,2328 745,2345 688,2314 612,2337 515,2311 481,2333"/>
                <Baseline points="486,2384 532,2387 578,2388 625,2390 671,2391 717,2393 764,2394 810,2396 856,2397 903,2397 949,2399 995,2399 1042,2399 1088,2400 1134,2400 1181,2400 1227,2399 1273,2399 1320,2399 1366,2397 1413,2397"/>
                <TextEquiv>
                    <Unicode>den Korb wieder selbs getragen</Unicode>
                </TextEquiv>
            </TextLine>
            <TextLine id="r3l25" custom="readingOrder {index:24;}">
                <Coords points="472,2500 523,2481 633,2529 751,2470 1223,2476 1311,2520 1449,2471 1450,2419 1385,2441 1330,2398 1147,2405 1060,2441 933,2402 864,2441 800,2406 741,2445 654,2399 473,2414"/>
                <Baseline points="479,2463 527,2465 575,2466 623,2466 671,2468 720,2469 768,2471 816,2472 864,2473 912,2474 961,2475 1009,2475 1057,2475 1105,2475 1153,2475 1202,2475 1250,2474 1298,2474 1346,2472 1394,2469 1443,2466"/>
                <TextEquiv>
                    <Unicode>und seyen von dannen dem Wegnat</Unicode>
                </TextEquiv>
            </TextLine>
            <TextLine id="r3l26" custom="readingOrder {index:25;} person {offset:13; length:5;}">
                <Coords points="472,2584 543,2544 704,2596 936,2548 1199,2581 1424,2554 1425,2477 1313,2531 1208,2479 1006,2475 849,2533 754,2477 631,2529 473,2499"/>
                <Baseline points="479,2543 528,2543 577,2546 627,2547 676,2547 726,2549 775,2550 824,2552 874,2552 923,2553 973,2553 1022,2553 1072,2553 1121,2553 1170,2553 1220,2552 1269,2550 1319,2549 1368,2546 1418,2543"/>
                <TextEquiv>
                    <Unicode>gegen Herren Vogel biß in das</Unicode>
                </TextEquiv>
            </TextLine>
            <TextLine id="r3l27" custom="readingOrder {index:26;}">
                <Coords points="475,2660 577,2617 615,2650 880,2622 945,2669 1017,2634 1061,2676 1158,2631 1260,2671 1310,2629 1398,2644 1398,2605 1338,2597 1154,2614 1074,2552 833,2580 790,2556 717,2600 531,2545 475,2585"/>
                <Baseline points="482,2621 527,2622 572,2623 618,2624 663,2625 709,2627 754,2628 800,2629 845,2630 891,2630 936,2631 981,2631 1027,2631 1072,2631 1118,2631 1163,2630 1209,2630 1254,2628 1300,2625 1345,2623 1391,2621"/>
                <TextEquiv>
                    <Unicode>kholt, an das Ohrt gegangen,</Unicode>
                </TextEquiv>
            </TextLine>
            <TextLine id="r3l28" custom="readingOrder {index:27;}">
                <Coords points="476,2700 702,2701 788,2767 851,2720 945,2750 1097,2711 1168,2760 1236,2712 1426,2705 1437,2669 1310,2629 1162,2698 959,2663 836,2687 766,2632 646,2657 576,2619 476,2674"/>
                <Baseline points="482,2694 529,2697 576,2700 624,2703 671,2706 719,2708 766,2709 813,2711 861,2712 908,2712 956,2712 1003,2712 1050,2712 1098,2712 1145,2711 1193,2709 1240,2708 1287,2705 1335,2702 1382,2700 1430,2696"/>
                <TextEquiv>
                    <Unicode>alles er die grausamme that ver¬</Unicode>
                </TextEquiv>
            </TextLine>
            <TextLine id="r3l29" custom="readingOrder {index:28;}">
                <Coords points="455,2788 501,2781 557,2822 595,2799 634,2808 659,2791 715,2807 741,2798 744,2720 704,2702 659,2717 631,2702 555,2756 534,2740 518,2750 484,2724 457,2740"/>
                <Baseline points="462,2778 489,2780 516,2780 543,2781 571,2782 598,2783 625,2784 653,2784 680,2786 707,2787 735,2789"/>
                <TextEquiv>
                    <Unicode>erichtet.</Unicode>
                </TextEquiv>
            </TextLine>
            <TextLine id="r3l30" custom="readingOrder {index:29;}">
                <Coords points="489,2964 811,2942 974,2974 1079,2937 1266,2984 1333,2934 1434,2930 1433,2901 1372,2910 1287,2853 1031,2891 904,2843 782,2885 574,2838 488,2862"/>
                <Baseline points="495,2934 541,2936 588,2937 634,2939 681,2940 728,2942 774,2943 821,2943 867,2945 914,2945 961,2945 1007,2943 1054,2943 1100,2942 1147,2942 1194,2939 1240,2938 1287,2934 1333,2933 1380,2930 1427,2925"/>
                <TextEquiv>
                    <Unicode>Auf welche Weis Er diese gran¬</Unicode>
                </TextEquiv>
            </TextLine>
            <TextLine id="r3l31" custom="readingOrder {index:30;}">
                <Coords points="477,3058 511,3033 539,3047 572,3031 679,3070 746,3041 1095,3038 1095,3016 1056,3015 1006,2972 948,3007 902,2966 811,2943 680,3016 616,2981 477,2991"/>
                <Baseline points="483,3018 513,3023 543,3025 573,3027 604,3030 634,3030 664,3032 694,3032 725,3033 755,3033 785,3033 815,3033 846,3032 876,3032 906,3032 936,3032 967,3030 997,3030 1027,3030 1057,3030 1088,3032"/>
                <TextEquiv>
                    <Unicode>samme that verübet.</Unicode>
                </TextEquiv>
            </TextLine>
            <TextLine id="r3l32" custom="readingOrder {index:31;}">
                <Coords points="519,3201 669,3182 764,3244 851,3198 901,3231 997,3189 1339,3175 1437,3213 1435,3091 1401,3085 1320,3118 1167,3109 1106,3157 1042,3113 827,3147 753,3111 701,3128 599,3069 517,3081"/>
                <Baseline points="525,3182 570,3183 615,3185 660,3186 706,3188 751,3189 796,3191 841,3192 887,3192 932,3192 977,3192 1022,3192 1068,3191 1113,3189 1158,3186 1203,3185 1249,3181 1294,3178 1339,3173 1384,3168 1430,3161"/>
                <TextEquiv>
                    <Unicode>Dad Ann seye vorand im Weg</Unicode>
                </TextEquiv>
            </TextLine>
            <TextLine id="r3l33" custom="readingOrder {index:32;}">
                <Coords points="461,3297 539,3261 755,3292 1142,3265 1204,3304 1272,3255 1407,3249 1405,3164 1199,3212 996,3189 900,3232 857,3204 770,3255 460,3236"/>
                <Baseline points="467,3261 513,3263 560,3265 606,3267 653,3269 700,3270 746,3270 793,3272 840,3272 886,3273 933,3272 980,3272 1026,3270 1073,3269 1120,3267 1166,3264 1213,3260 1260,3257 1306,3252 1353,3245 1400,3239"/>
                <TextEquiv>
                    <Unicode>gegangen, den Korb auf dem</Unicode>
                </TextEquiv>
            </TextLine>
            <TextLine id="r3l34" custom="readingOrder {index:33;}">
                <Coords points="478,3378 575,3392 659,3350 744,3395 801,3354 979,3368 1076,3338 1129,3384 1177,3349 1452,3331 1451,3291 1271,3256 1204,3303 1028,3274 927,3301 874,3271 761,3302 654,3266 531,3330 476,3318"/>
                <Baseline points="483,3353 531,3350 579,3349 627,3348 675,3348 723,3348 771,3348 819,3348 867,3348 915,3348 964,3348 1012,3348 1060,3348 1108,3347 1156,3344 1204,3341 1252,3337 1300,3332 1348,3326 1396,3318 1445,3309"/>
                <TextEquiv>
                    <Unicode>hopf tragend, und er hinter ihme</Unicode>
                </TextEquiv>
            </TextLine>
            <TextLine id="r3l35" custom="readingOrder {index:34;}">
                <Coords points="439,3431 552,3460 662,3416 736,3469 1029,3473 1181,3435 1220,3462 1440,3394 1439,3360 1343,3322 1169,3400 1079,3338 1018,3387 857,3354 743,3395 658,3351 553,3395 439,3377"/>
                <Baseline points="446,3423 495,3420 544,3419 594,3419 643,3417 692,3419 742,3419 791,3420 840,3422 890,3422 939,3423 988,3423 1038,3423 1087,3423 1136,3422 1186,3420 1235,3416 1284,3412 1334,3405 1383,3398 1433,3389"/>
                <TextEquiv>
                    <Unicode>da habe er von hinten, mit einem</Unicode>
                </TextEquiv>
            </TextLine>
            <TextEquiv>
                <Unicode>Obbedeüter sein Mentschricht
daferne sele, und nach einer
buchen Weil, habe Er an gehaben
von Religen kommend, über das
feld, gegen Ortschwaben gehen,
da seyn Er gegen ihn gegangen
als sie zusammen gekommen, habe
ihme das Mentsch vorgehalten
es habe zu Kittligen lange auf
ihne gewartet, habe ihne gefragt,
warum Er so lange nicht gekommen
Er ihme aber etwas erdichteten
vorgeschütet.
darauf er ihme den Korb voll
Kleider, solt auf dem Kopf
getragen, abgenommen und selbs getra¬
gen, mit einander also biß in die
Straß auf Ortschwaben und von
dannen der Straß nach biß zu der
so genanten Durch Haüßli gehend,
dorten er ihme auf wiederholten
Begehren, den Korb wieder über¬
geben müßen. Es habe nun
den Korb wieder selbs getragen
und seyen von dannen dem Wegnat
gegen Herren Vogel biß in das
kholt, an das Ohrt gegangen,
alles er die grausamme that ver¬
erichtet.
Auf welche Weis Er diese gran¬
samme that verübet.
Dad Ann seye vorand im Weg
gegangen, den Korb auf dem
hopf tragend, und er hinter ihme
da habe er von hinten, mit einem</Unicode>
            </TextEquiv>
        </TextRegion>
        <TextRegion orientation="0.0" id="r4" custom="readingOrder {index:3;}">
            <Coords points="1539,2674 1539,3059 1664,3059 1664,2674"/>
            <TextLine id="r4l1" custom="readingOrder {index:0;}">
                <Coords points="1549,2809 1564,2809 1586,2787 1607,2779 1624,2786 1631,2782 1643,2785 1665,2774 1662,2712 1637,2709 1616,2693 1599,2701 1587,2701 1570,2690 1559,2690 1554,2696 1544,2694"/>
                <Baseline points="1554,2780 1580,2776 1606,2775 1632,2775 1659,2774"/>
                <TextEquiv>
                    <Unicode>Inna</Unicode>
                </TextEquiv>
            </TextLine>
            <TextLine id="r4l2" custom="readingOrder {index:1;}">
                <Coords points="1532,3010 1555,3017 1573,3015 1580,3022 1591,3016 1607,3018 1613,3012 1637,3021 1656,3016 1670,3021 1674,2930 1660,2926 1651,2931 1644,2924 1612,2930 1604,2922 1565,2919 1536,2931"/>
                <Baseline points="1539,3002 1564,3004 1589,3005 1614,3006 1639,3007 1664,3009"/>
                <TextEquiv>
                    <Unicode>Antb</Unicode>
                </TextEquiv>
            </TextLine>
            <TextEquiv>
                <Unicode>Inna
Antb</Unicode>
            </TextEquiv>
        </TextRegion>
        <TextRegion orientation="0.0" id="r5" custom="readingOrder {index:4;}">
            <Coords points="1680,476 1680,3483 2696,3483 2696,476"/>
            <TextLine id="r5l1" custom="readingOrder {index:0;}">
                <Coords points="2500,535 2518,544 2545,533 2565,539 2590,530 2602,541 2615,539 2659,560 2663,471 2633,481 2613,458 2587,458 2552,444 2531,460 2504,466"/>
                <Baseline points="2508,512 2537,513 2566,514 2596,516 2625,518 2655,521"/>
                <TextEquiv>
                    <Unicode>435.</Unicode>
                </TextEquiv>
            </TextLine>
            <TextLine id="r5l2" custom="readingOrder {index:1;}">
                <Coords points="1694,682 1836,653 2229,661 2291,711 2367,664 2632,673 2633,594 2342,617 2218,576 2120,599 1696,563"/>
                <Baseline points="1701,663 1747,659 1793,657 1839,654 1885,653 1932,653 1978,653 2024,653 2070,653 2116,654 2163,656 2209,657 2255,659 2301,660 2347,663 2394,664 2440,666 2486,668 2532,670 2578,671 2625,672"/>
                <TextEquiv>
                    <Unicode>sanigen Steken, so Er unterbers</Unicode>
                </TextEquiv>
            </TextLine>
            <TextLine id="r5l3" custom="readingOrder {index:2;}">
                <Coords points="1685,790 1819,731 2247,735 2323,787 2405,735 2597,763 2669,750 2669,697 2560,669 2477,721 2361,666 2290,719 2230,662 2103,692 2055,657 1973,719 1902,656 1837,652 1685,716"/>
                <Baseline points="1691,752 1739,746 1788,741 1836,737 1885,734 1934,732 1982,731 2031,731 2079,731 2128,731 2177,732 2225,733 2274,735 2322,737 2371,738 2420,740 2468,741 2517,741 2565,743 2614,743 2663,741"/>
                <TextEquiv>
                    <Unicode>gefunden, dem Mensch einen Streich</Unicode>
                </TextEquiv>
            </TextLine>
            <TextLine id="r5l4" custom="readingOrder {index:3;}">
                <Coords points="1696,856 1896,809 2227,810 2376,819 2414,856 2516,817 2574,863 2657,866 2682,769 2625,752 2571,791 2511,743 2405,736 2318,788 2249,737 2179,787 2064,731 1820,731 1696,789"/>
                <Baseline points="1703,822 1751,817 1800,813 1848,811 1897,810 1946,809 1994,807 2043,807 2091,807 2140,809 2189,809 2237,810 2286,812 2334,813 2383,815 2432,817 2480,819 2529,820 2577,822 2626,822 2675,824"/>
                <TextEquiv>
                    <Unicode>rechter Seits an den Kopf geschla¬</Unicode>
                </TextEquiv>
            </TextLine>
            <TextLine id="r5l5" custom="readingOrder {index:4;}">
                <Coords points="1689,909 2137,881 2202,934 2269,893 2533,911 2557,831 2500,816 2417,858 2251,811 2113,867 2045,815 1953,815 1846,870 1690,854"/>
                <Baseline points="1695,897 1737,894 1780,890 1823,888 1866,887 1908,886 1951,885 1994,885 2037,885 2079,886 2122,887 2165,888 2208,889 2250,890 2293,891 2336,893 2379,894 2421,896 2464,896 2507,897 2550,897"/>
                <TextEquiv>
                    <Unicode>gaen, darvon Er plötzlich von</Unicode>
                </TextEquiv>
            </TextLine>
            <TextLine id="r5l6" custom="readingOrder {index:5;}">
                <Coords points="1695,976 2184,959 2253,1002 2353,975 2537,999 2676,979 2677,901 2606,893 2457,954 2397,900 2205,937 2141,880 2100,915 1696,909"/>
                <Baseline points="1701,965 1749,963 1797,962 1846,960 1894,960 1943,960 1991,960 2039,960 2088,962 2136,962 2185,963 2233,964 2281,965 2330,966 2378,968 2427,969 2475,971 2523,972 2572,974 2620,975 2669,975"/>
                <TextEquiv>
                    <Unicode>Sin̄en zu Boden gefallen, auf den</Unicode>
                </TextEquiv>
            </TextLine>
            <TextLine id="r5l7" custom="readingOrder {index:6;}">
                <Coords points="1697,1051 2059,1032 2137,1077 2269,1039 2356,1084 2467,1044 2510,1080 2555,1048 2593,1084 2697,1081 2697,972 2471,1026 2403,992 2261,1009 2188,962 2134,998 1990,958 1897,1001 1846,967 1698,974"/>
                <Baseline points="1704,1047 1753,1046 1802,1043 1852,1041 1901,1040 1950,1038 2000,1038 2049,1037 2098,1037 2148,1037 2197,1037 2246,1037 2296,1038 2345,1040 2394,1040 2444,1041 2493,1043 2542,1045 2592,1047 2641,1049 2691,1050"/>
                <TextEquiv>
                    <Unicode>Boden habe er ihme noch ein zweyter</Unicode>
                </TextEquiv>
            </TextLine>
            <TextLine id="r5l8" custom="readingOrder {index:7;}">
                <Coords points="1674,1147 2028,1113 2607,1125 2606,1047 2393,1098 2272,1040 2152,1086 2062,1037 1914,1033 1829,1082 1673,1058"/>
                <Baseline points="1680,1137 1726,1132 1772,1127 1818,1124 1864,1120 1910,1118 1956,1115 2002,1114 2048,1112 2094,1112 2140,1112 2186,1112 2232,1112 2278,1112 2324,1113 2370,1114 2416,1115 2462,1116 2508,1118 2554,1119 2600,1119"/>
                <TextEquiv>
                    <Unicode>Streich mit dem Stehen an den</Unicode>
                </TextEquiv>
            </TextLine>
            <TextLine id="r5l9" custom="readingOrder {index:8;}">
                <Coords points="1680,1213 1861,1247 1907,1210 1973,1243 2115,1196 2662,1210 2682,1120 2625,1157 2498,1124 2452,1162 2299,1117 2186,1179 2024,1120 1928,1171 1680,1186"/>
                <Baseline points="1686,1202 1735,1200 1785,1198 1834,1196 1884,1194 1933,1194 1983,1194 2032,1193 2082,1193 2131,1194 2181,1194 2230,1194 2280,1196 2329,1196 2379,1197 2428,1197 2478,1199 2527,1199 2577,1199 2626,1200 2676,1200"/>
                <TextEquiv>
                    <Unicode>kopf geschlagen, darauf und da</Unicode>
                </TextEquiv>
            </TextLine>
            <TextLine id="r5l10" custom="readingOrder {index:9;}">
                <Coords points="1676,1335 1791,1303 1871,1328 1954,1273 2011,1318 2074,1285 2144,1321 2229,1276 2429,1264 2627,1289 2639,1204 2544,1227 2481,1197 2301,1201 2250,1233 2134,1198 2063,1258 1902,1212 1809,1256 1740,1218 1675,1253"/>
                <Baseline points="1682,1286 1729,1284 1777,1282 1824,1280 1872,1278 1919,1277 1967,1276 2014,1275 2062,1274 2109,1274 2157,1272 2205,1272 2252,1272 2300,1271 2347,1271 2395,1271 2442,1271 2490,1269 2537,1269 2585,1268 2633,1268"/>
                <TextEquiv>
                    <Unicode>Er gesehen, daß das Mentsch</Unicode>
                </TextEquiv>
            </TextLine>
            <TextLine id="r5l11" custom="readingOrder {index:10;}">
                <Coords points="1682,1397 1797,1347 1859,1391 1950,1364 2104,1407 2182,1348 2571,1351 2570,1286 2365,1269 2221,1327 2087,1287 2012,1318 1951,1274 1872,1328 1790,1303 1681,1337"/>
                <Baseline points="1688,1361 1731,1358 1775,1355 1819,1353 1863,1351 1907,1349 1950,1349 1994,1347 2038,1346 2082,1346 2126,1344 2169,1344 2213,1344 2257,1343 2301,1343 2345,1341 2388,1341 2432,1340 2476,1338 2520,1337 2564,1335"/>
                <TextEquiv>
                    <Unicode>sich nicht mehr gerühret noch</Unicode>
                </TextEquiv>
            </TextLine>
            <TextLine id="r5l12" custom="readingOrder {index:11;}">
                <Coords points="1686,1487 1835,1430 1893,1479 1998,1434 2114,1482 2274,1427 2604,1435 2658,1424 2657,1373 2461,1338 2269,1345 2109,1406 1916,1408 1813,1356 1684,1394"/>
                <Baseline points="1691,1427 1739,1428 1787,1428 1835,1430 1883,1430 1931,1428 1979,1428 2027,1428 2075,1427 2123,1425 2171,1425 2219,1424 2267,1422 2315,1422 2363,1421 2411,1421 2459,1419 2507,1419 2555,1419 2603,1419 2651,1419"/>
                <TextEquiv>
                    <Unicode>geschreyen, Er alsobald darvon</Unicode>
                </TextEquiv>
            </TextLine>
            <TextLine id="r5l13" custom="readingOrder {index:12;}">
                <Coords points="1695,1553 1822,1508 2583,1521 2671,1508 2669,1428 2454,1453 2331,1430 2099,1492 1925,1456 1892,1479 1835,1430 1759,1486 1693,1482"/>
                <Baseline points="1700,1509 1748,1509 1796,1508 1844,1508 1892,1506 1941,1506 1989,1505 2037,1505 2085,1505 2133,1503 2182,1502 2230,1502 2278,1500 2326,1499 2374,1497 2423,1496 2471,1495 2519,1493 2567,1491 2615,1489 2664,1487"/>
                <TextEquiv>
                    <Unicode>gesprungen; Ein Steinwurff</Unicode>
                </TextEquiv>
            </TextLine>
            <TextLine id="r5l14" custom="readingOrder {index:13;}">
                <Coords points="1703,1592 2179,1582 2273,1612 2358,1576 2423,1615 2485,1574 2634,1591 2662,1538 2577,1550 2518,1514 2449,1549 2357,1505 2297,1541 2166,1502 2069,1561 1996,1514 1821,1509 1702,1569"/>
                <Baseline points="1709,1584 1756,1583 1803,1581 1851,1580 1898,1580 1946,1578 1993,1578 2040,1578 2088,1577 2135,1577 2183,1577 2230,1577 2277,1577 2325,1575 2372,1575 2420,1574 2467,1573 2514,1571 2562,1569 2609,1567 2657,1565"/>
                <TextEquiv>
                    <Unicode>weit das von aber seye ihme in</Unicode>
                </TextEquiv>
            </TextLine>
            <TextLine id="r5l15" custom="readingOrder {index:14;}">
                <Coords points="1685,1669 1928,1656 2027,1684 2160,1652 2230,1692 2263,1664 2697,1643 2696,1584 2587,1567 2317,1634 2151,1582 2016,1624 1878,1583 1825,1621 1684,1588"/>
                <Baseline points="1691,1656 1741,1658 1791,1658 1841,1658 1891,1659 1941,1658 1991,1658 2041,1658 2091,1658 2141,1656 2191,1656 2241,1655 2291,1653 2341,1653 2391,1652 2441,1650 2491,1649 2541,1647 2591,1646 2641,1644 2691,1643"/>
                <TextEquiv>
                    <Unicode>Sinn kommen, es möchte nicht tod seyn,</Unicode>
                </TextEquiv>
            </TextLine>
            <TextLine id="r5l16" custom="readingOrder {index:15;}">
                <Coords points="1695,1761 1773,1742 1833,1779 1934,1734 2167,1750 2245,1723 2524,1754 2670,1721 2669,1685 2542,1651 2413,1653 2323,1694 2263,1663 2217,1698 2157,1652 2003,1691 1924,1656 1837,1703 1758,1662 1693,1672"/>
                <Baseline points="1701,1734 1749,1733 1797,1733 1845,1732 1893,1731 1941,1730 1989,1730 2037,1728 2085,1728 2133,1727 2182,1725 2230,1725 2278,1724 2326,1723 2374,1722 2422,1722 2470,1721 2518,1721 2566,1721 2614,1721 2663,1721"/>
                <TextEquiv>
                    <Unicode>darauf er wieder zuruk geloffen</Unicode>
                </TextEquiv>
            </TextLine>
            <TextLine id="r5l17" custom="readingOrder {index:16;}">
                <Coords points="1695,1816 2502,1802 2537,1830 2664,1800 2663,1766 2603,1735 2556,1772 2445,1742 2379,1781 2311,1734 2213,1727 2050,1777 1935,1734 1861,1794 1777,1743 1694,1760"/>
                <Baseline points="1701,1809 1748,1809 1796,1811 1844,1809 1892,1809 1940,1808 1987,1808 2035,1806 2083,1805 2131,1803 2179,1802 2226,1800 2274,1800 2322,1799 2370,1797 2418,1797 2465,1797 2513,1797 2561,1798 2609,1799 2657,1800"/>
                <TextEquiv>
                    <Unicode>und mit seinem Sakmeßer ihme</Unicode>
                </TextEquiv>
            </TextLine>
            <TextLine id="r5l18" custom="readingOrder {index:17;}">
                <Coords points="1692,1896 2565,1896 2563,1792 2413,1867 2212,1805 1929,1820 1876,1863 1776,1816 1691,1868"/>
                <Baseline points="1698,1887 1741,1887 1784,1887 1827,1887 1870,1887 1913,1887 1956,1887 1999,1886 2042,1886 2085,1884 2128,1884 2171,1883 2214,1881 2257,1881 2300,1880 2343,1878 2386,1878 2429,1877 2472,1877 2515,1875 2558,1875"/>
                <TextEquiv>
                    <Unicode>obschon wie vor auf dem Landen</Unicode>
                </TextEquiv>
            </TextLine>
            <TextLine id="r5l19" custom="readingOrder {index:18;}">
                <Coords points="1698,2021 1804,1977 1878,2003 2045,1967 2196,2009 2291,1963 2440,1992 2620,1959 2525,1883 2432,1930 2357,1881 2229,1914 2160,1887 1946,1946 1849,1894 1697,1958"/>
                <Baseline points="1704,1971 1749,1971 1794,1971 1840,1971 1885,1970 1931,1970 1976,1968 2022,1967 2067,1965 2113,1964 2158,1963 2203,1962 2249,1961 2294,1959 2340,1959 2385,1958 2431,1958 2476,1958 2522,1958 2567,1959 2613,1959"/>
                <TextEquiv>
                    <Unicode>eigend, an̄och den Hals aufge¬</Unicode>
                </TextEquiv>
            </TextLine>
            <TextLine id="r5l20" custom="readingOrder {index:19;}">
                <Coords points="1695,2097 2059,2047 2174,2099 2294,2040 2445,2071 2504,2041 2609,2054 2607,1961 2313,2017 2262,1984 2166,2021 2045,1967 1955,1972 1854,2028 1782,1984 1730,2026 1693,2016"/>
                <Baseline points="1700,2051 1745,2051 1790,2051 1835,2050 1880,2049 1925,2048 1970,2047 2016,2046 2061,2045 2106,2043 2151,2042 2196,2040 2241,2040 2286,2039 2332,2039 2377,2037 2422,2037 2467,2037 2512,2037 2557,2037 2603,2039"/>
                <TextEquiv>
                    <Unicode>schreizet, darnach er eilends,</Unicode>
                </TextEquiv>
            </TextLine>
            <TextLine id="r5l21" custom="readingOrder {index:20;}">
                <Coords points="1703,2135 2118,2120 2195,2170 2286,2103 2414,2156 2477,2115 2513,2146 2639,2111 2638,2049 2424,2071 2383,2039 2150,2101 2059,2047 1945,2091 1702,2108"/>
                <Baseline points="1709,2121 1755,2121 1801,2121 1847,2121 1893,2121 1940,2120 1986,2120 2032,2118 2078,2118 2124,2117 2171,2115 2217,2114 2263,2114 2309,2112 2355,2111 2402,2111 2448,2111 2494,2109 2540,2109 2586,2109 2633,2109"/>
                <TextEquiv>
                    <Unicode>keinem Weg nach durchs Holt</Unicode>
                </TextEquiv>
            </TextLine>
            <TextLine id="r5l22" custom="readingOrder {index:21;}">
                <Coords points="1698,2251 1772,2200 1908,2194 2002,2239 2039,2208 2243,2220 2329,2185 2692,2187 2680,2132 2536,2166 2477,2115 2397,2159 2289,2105 2173,2178 2090,2120 1985,2152 1696,2141"/>
                <Baseline points="1704,2190 1753,2192 1802,2194 1851,2195 1900,2195 1949,2195 1998,2195 2047,2194 2096,2193 2145,2192 2194,2190 2243,2189 2292,2187 2341,2186 2390,2186 2439,2184 2488,2184 2537,2184 2586,2184 2635,2185 2685,2187"/>
                <TextEquiv>
                    <Unicode>hinaus geloffen, biß in die Straß</Unicode>
                </TextEquiv>
            </TextLine>
            <TextLine id="r5l23" custom="readingOrder {index:22;} place {offset:20; length:10;}">
                <Coords points="1691,2283 2005,2269 2053,2301 2134,2265 2412,2260 2471,2295 2530,2259 2635,2283 2634,2212 2336,2188 2198,2248 2059,2220 1994,2250 1908,2194 1690,2226"/>
                <Baseline points="1697,2267 1743,2270 1790,2271 1836,2273 1883,2273 1929,2273 1976,2273 2022,2273 2069,2271 2115,2270 2162,2268 2209,2267 2255,2265 2302,2263 2348,2262 2395,2261 2441,2259 2488,2259 2534,2258 2581,2258 2628,2259"/>
                <TextEquiv>
                    <Unicode>von dannen Er gegen Stukishaus</Unicode>
                </TextEquiv>
            </TextLine>
            <TextLine id="r5l24" custom="readingOrder {index:23;} person {offset:28; length:6; continued:true;}">
                <Coords points="1685,2371 2021,2339 2142,2370 2202,2332 2296,2380 2386,2330 2682,2342 2702,2264 2530,2260 2468,2297 2414,2262 2268,2265 2201,2303 2136,2267 2051,2301 2009,2269 1684,2300"/>
                <Baseline points="1691,2336 1741,2337 1791,2339 1841,2340 1892,2340 1942,2340 1992,2340 2042,2339 2093,2337 2143,2336 2193,2334 2243,2332 2294,2331 2344,2329 2394,2327 2444,2327 2495,2325 2545,2325 2595,2326 2645,2327 2696,2328"/>
                <TextEquiv>
                    <Unicode>hinab, und dorten durch die Matten</Unicode>
                </TextEquiv>
            </TextLine>
            <TextLine id="r5l25" custom="readingOrder {index:24;} person {offset:0; length:5; continued:true;}">
                <Coords points="1680,2447 1768,2412 2060,2407 2141,2454 2181,2413 2307,2403 2384,2453 2459,2407 2664,2396 2544,2333 2468,2382 2360,2337 2276,2384 2204,2338 2143,2369 1975,2344 1922,2385 1863,2346 1679,2379"/>
                <Baseline points="1685,2402 1733,2405 1782,2408 1830,2409 1879,2411 1928,2411 1976,2411 2025,2411 2073,2410 2122,2409 2171,2408 2219,2406 2268,2405 2316,2403 2365,2402 2414,2401 2462,2400 2511,2399 2559,2399 2608,2400 2657,2400"/>
                <TextEquiv>
                    <Unicode>Zinab in seinen Heimweg gekommen</Unicode>
                </TextEquiv>
            </TextLine>
            <TextLine id="r5l26" custom="readingOrder {index:25;}">
                <Coords points="1697,2486 1886,2476 1955,2505 2072,2479 2129,2508 2226,2475 2337,2518 2541,2471 2485,2434 2382,2452 2322,2404 2243,2441 2191,2410 2139,2455 2079,2408 1995,2410 1933,2456 1875,2410 1836,2439 1788,2412 1696,2435"/>
                <Baseline points="1703,2478 1744,2478 1786,2477 1827,2477 1869,2477 1910,2477 1952,2477 1993,2475 2035,2475 2076,2475 2118,2475 2160,2474 2201,2474 2243,2473 2284,2472 2326,2471 2367,2470 2409,2469 2450,2468 2492,2466 2534,2465"/>
                <TextEquiv>
                    <Unicode>und demselben strats gegen</Unicode>
                </TextEquiv>
            </TextLine>
            <TextLine id="r5l27" custom="readingOrder {index:26;} place {offset:0; length:10;}">
                <Coords points="1676,2569 1893,2555 2006,2607 2074,2550 2287,2546 2431,2593 2670,2526 2658,2457 2324,2519 2222,2477 2141,2519 2059,2481 1982,2519 1898,2481 1816,2511 1674,2491"/>
                <Baseline points="1682,2556 1731,2555 1780,2553 1829,2553 1878,2552 1927,2552 1976,2550 2025,2549 2074,2549 2123,2547 2172,2546 2221,2546 2270,2544 2319,2543 2368,2543 2417,2541 2466,2540 2515,2539 2564,2538 2613,2537 2663,2534"/>
                <TextEquiv>
                    <Unicode>Steinidweg zu, also er ohngelehrt</Unicode>
                </TextEquiv>
            </TextLine>
            <TextLine id="r5l28" custom="readingOrder {index:27;}">
                <Coords points="1676,2652 1866,2626 1996,2665 2107,2639 2186,2675 2260,2636 2467,2641 2501,2626 2501,2588 2392,2583 2333,2549 2295,2574 2227,2554 2160,2600 2073,2551 2008,2605 1916,2564 1866,2602 1804,2560 1675,2579"/>
                <Baseline points="1682,2625 1722,2625 1763,2625 1803,2625 1844,2624 1885,2624 1925,2624 1966,2622 2007,2622 2047,2621 2088,2621 2129,2619 2169,2619 2210,2618 2251,2618 2291,2616 2332,2616 2373,2616 2413,2616 2454,2615 2495,2615"/>
                <TextEquiv>
                    <Unicode>halber 6. Ihr angekommen</Unicode>
                </TextEquiv>
            </TextLine>
            <TextLine id="r5l29" custom="readingOrder {index:28;}">
                <Coords points="1709,2778 2364,2769 2427,2801 2471,2766 2637,2780 2637,2741 2473,2678 2322,2710 2061,2681 1887,2721 1801,2687 1708,2696"/>
                <Baseline points="1715,2777 1760,2775 1806,2772 1852,2772 1898,2770 1943,2769 1989,2769 2035,2768 2081,2768 2126,2768 2172,2768 2218,2768 2264,2768 2309,2768 2355,2768 2401,2768 2447,2766 2492,2766 2538,2765 2584,2763 2630,2762"/>
                <TextEquiv>
                    <Unicode>Wad ihne zu dieser grausammen</Unicode>
                </TextEquiv>
            </TextLine>
            <TextLine id="r5l30" custom="readingOrder {index:29;}">
                <Coords points="1704,2896 1824,2851 2255,2839 2389,2893 2463,2846 2532,2844 2531,2821 2424,2815 2366,2769 2159,2793 2114,2767 1929,2793 1871,2772 1790,2803 1703,2781"/>
                <Baseline points="1710,2853 1750,2850 1791,2849 1832,2847 1873,2846 1913,2844 1954,2843 1995,2843 2036,2841 2076,2841 2117,2840 2158,2840 2199,2840 2239,2840 2280,2840 2321,2838 2362,2838 2402,2838 2443,2838 2484,2838 2525,2838"/>
                <TextEquiv>
                    <Unicode>That verleitet, und bewogen.</Unicode>
                </TextEquiv>
            </TextLine>
            <TextLine id="r5l31" custom="readingOrder {index:30;}">
                <Coords points="1719,3008 2439,2983 2522,3052 2613,3001 2611,2892 2540,2917 2453,2882 2292,2900 2220,2966 2024,2901 1942,2951 1847,2926 1717,2946"/>
                <Baseline points="1725,3006 1769,3004 1813,3002 1857,3000 1901,2997 1945,2996 1989,2994 2033,2993 2077,2990 2121,2989 2166,2988 2210,2987 2254,2987 2298,2985 2342,2985 2386,2987 2430,2987 2474,2988 2518,2990 2562,2991 2607,2994"/>
                <TextEquiv>
                    <Unicode>Er konne keine andere Ursach</Unicode>
                </TextEquiv>
            </TextLine>
            <TextLine id="r5l32" custom="readingOrder {index:31;}">
                <Coords points="1692,3120 1755,3084 1815,3110 2015,3076 2150,3108 2330,3059 2382,3097 2520,3071 2582,3095 2681,3071 2681,3018 2582,2999 2517,3053 2436,2983 1979,3002 1916,3050 1786,3065 1691,3044"/>
                <Baseline points="1698,3086 1746,3083 1795,3080 1844,3078 1893,3076 1942,3075 1991,3074 2039,3072 2088,3071 2137,3071 2186,3071 2235,3069 2284,3069 2333,3069 2381,3069 2430,3069 2479,3071 2528,3071 2577,3071 2626,3071 2675,3071"/>
                <TextEquiv>
                    <Unicode>geben, als daß seines Freund und</Unicode>
                </TextEquiv>
            </TextLine>
            <TextLine id="r5l33" custom="readingOrder {index:32;}">
                <Coords points="1697,3164 2347,3143 2420,3178 2467,3147 2585,3149 2584,3108 2505,3074 2382,3097 2330,3058 2218,3126 2129,3094 2075,3115 2012,3076 1930,3136 1766,3085 1696,3123"/>
                <Baseline points="1703,3158 1746,3158 1790,3156 1834,3156 1878,3155 1922,3153 1965,3153 2009,3152 2053,3150 2097,3149 2141,3147 2184,3147 2228,3146 2272,3144 2316,3144 2360,3144 2403,3143 2447,3143 2491,3143 2535,3144 2579,3144"/>
                <TextEquiv>
                    <Unicode>Cammeraden ihne mit diesem</Unicode>
                </TextEquiv>
            </TextLine>
            <TextLine id="r5l34" custom="readingOrder {index:33;}">
                <Coords points="1680,3242 1958,3228 2079,3271 2167,3226 2252,3256 2702,3228 2701,3171 2553,3152 2418,3176 2333,3143 2029,3212 1929,3160 1679,3179"/>
                <Baseline points="1686,3234 1736,3233 1787,3231 1837,3230 1888,3230 1938,3228 1989,3227 2039,3227 2090,3225 2140,3225 2191,3224 2241,3224 2292,3224 2342,3224 2393,3224 2443,3224 2494,3224 2544,3224 2595,3225 2645,3225 2696,3227"/>
                <TextEquiv>
                    <Unicode>Mentsch ausgemacht, und daßelbe</Unicode>
                </TextEquiv>
            </TextLine>
            <TextLine id="r5l35" custom="readingOrder {index:34;}">
                <Coords points="1684,3331 1807,3354 1910,3313 2194,3326 2248,3296 2420,3336 2633,3302 2691,3337 2689,3228 2579,3259 2480,3226 2253,3256 2168,3226 2024,3276 1958,3228 1824,3276 1683,3235"/>
                <Baseline points="1691,3317 1740,3315 1790,3314 1839,3312 1889,3311 1939,3309 1988,3307 2038,3305 2088,3303 2137,3303 2187,3302 2237,3300 2286,3300 2336,3300 2386,3299 2435,3300 2485,3300 2535,3300 2584,3302 2634,3303 2684,3305"/>
                <TextEquiv>
                    <Unicode>verachtet, annebens haben sie gesagt,</Unicode>
                </TextEquiv>
            </TextLine>
            <TextLine id="r5l36" custom="readingOrder {index:35;}">
                <Coords points="1704,3436 2282,3387 2426,3437 2541,3387 2679,3385 2678,3338 2533,3302 2380,3364 2245,3298 1990,3368 1885,3322 1802,3355 1702,3321"/>
                <Baseline points="1710,3395 1758,3393 1806,3392 1854,3392 1902,3390 1950,3389 1998,3389 2046,3387 2094,3386 2142,3386 2191,3384 2239,3384 2287,3383 2335,3383 2383,3381 2431,3381 2479,3380 2527,3380 2575,3380 2623,3380 2672,3378"/>
                <TextEquiv>
                    <Unicode>es habe einen Schaden an sich, laße</Unicode>
                </TextEquiv>
            </TextLine>
            <TextLine id="r5l37" custom="readingOrder {index:36;}">
                <Coords points="2503,3470 2528,3467 2571,3488 2586,3476 2597,3480 2609,3473 2650,3481 2657,3413 2631,3415 2608,3393 2592,3388 2580,3389 2569,3399 2556,3388 2514,3420 2508,3419"/>
                <Baseline points="2511,3455 2538,3455 2565,3459 2592,3463 2619,3465 2646,3464"/>
                <TextEquiv>
                    <Unicode>das e</Unicode>
                </TextEquiv>
            </TextLine>
            <TextEquiv>
                <Unicode>435.
sanigen Steken, so Er unterbers
gefunden, dem Mensch einen Streich
rechter Seits an den Kopf geschla¬
gaen, darvon Er plötzlich von
Sin̄en zu Boden gefallen, auf den
Boden habe er ihme noch ein zweyter
Streich mit dem Stehen an den
kopf geschlagen, darauf und da
Er gesehen, daß das Mentsch
sich nicht mehr gerühret noch
geschreyen, Er alsobald darvon
gesprungen; Ein Steinwurff
weit das von aber seye ihme in
Sinn kommen, es möchte nicht tod seyn,
darauf er wieder zuruk geloffen
und mit seinem Sakmeßer ihme
obschon wie vor auf dem Landen
eigend, an̄och den Hals aufge¬
schreizet, darnach er eilends,
keinem Weg nach durchs Holt
hinaus geloffen, biß in die Straß
von dannen Er gegen Stukishaus
hinab, und dorten durch die Matten
Zinab in seinen Heimweg gekommen
und demselben strats gegen
Steinidweg zu, also er ohngelehrt
halber 6. Ihr angekommen
Wad ihne zu dieser grausammen
That verleitet, und bewogen.
Er konne keine andere Ursach
geben, als daß seines Freund und
Cammeraden ihne mit diesem
Mentsch ausgemacht, und daßelbe
verachtet, annebens haben sie gesagt,
es habe einen Schaden an sich, laße
das e</Unicode>
            </TextEquiv>
        </TextRegion>
    </Page>
</PcGts>
