3024 4032
298 171 398 260 14.
297 1142 441 1286 Grag.
300 1485 457 1593 Auts.
481 275 1594 488 Fur eine Stades zu trincken gebe, ob
478 394 1576 573 er nicht dargegen geprägte Stück nemmen
472 487 703 584 wolte
802 515 1609 677 Er habe aber diesem Lock stücklin
466 596 1591 765 allezeit mit der hulf Gottes widerstehen
465 681 1590 841 können, und dem Moser sein begehren
466 772 866 923 abgeschlagen.
980 800 1548 931 welcher Moser Reith
444 890 1587 1035 zweyen Jahren aus der Such gekommen
469 975 1023 1137 und herum ziehe.
484 1151 1576 1278 ob dieses nun seine aufrichtige Gebaut¬
460 1254 1544 1377 uß seye, in wie weit er sich in der
460 1327 1102 1485 Untren vergriffen.
497 1495 1570 1628 ta. Er betheure bey seinem Gewißen
470 1582 1537 1721 daß der Stahli auf diesem Fuß ihne
458 1699 1591 1806 zur Untren verleitet, und er sich weiters
482 1787 1516 1918 nicht vergangen, welches er herzlich
477 1887 1539 2025 bereue und dem Stahl unter augen
478 1980 922 2131 erhalten dörffe.
659 2138 1282 2314 Confrontation
472 2293 1522 2446 Nachdeme hierauf der Christen
439 2403 1563 2571 Mähl Ihme vorgestelt und dem
465 2490 1604 2640 stellen deß Speichs gegenwärtige Bekant
467 2596 1574 2749 nuß wörtlich abgelesen worden, hat
468 2686 1576 2850 Er Wahl auf langes handeren folgendes
454 2786 1534 2926 eingestanden. Er bekenne, daß er
467 2891 1542 3032 dem Speich in vormals gehaltener
464 2941 1543 3139 Confrontation unrecht gethan und
464 3097 1539 3239 Ihne fälschlich beklaget, daß er ihme
468 3173 1559 3315 zu der Untren den Antrag gemacht
470 3255 1572 3413 und anlas gegeben, mithin gestehe er¬
462 3362 1578 3507 daß er sich schon zuvor in der Münz¬
471 3445 1435 3609 vergriffen, als der speich darvon
2783 342 2872 439 18.
1819 406 2853 579 Einiche wißenschafft gehabt, und ihme
1823 537 2834 653 darnach, wie der Speich außgesagt, die
1801 601 2864 726 6. geprägete zu Münsingen, und 57.
1823 687 2869 819 und ein andermahl 11. Stuck unge¬
1797 774 2799 891 prägete zum außwechßlen gegen
1817 860 2866 986 geprägete, um selbe unter sich zu ver¬
2468 965 2869 1064 Er bekenne und
1822 959 2364 1064 theillen, zugestelt.
1816 1045 2787 1153 müße auch gestehen, daß er diese
1810 1123 2869 1240 ungeprägete Stuck ohne vorwißen noch¬
1797 1212 2856 1325 geheiß deß Speichs in der Silber Streibe
1807 1284 2829 1411 entwendet und dem speich zugebracht.
1817 1376 2830 1503 so daß er den Sprich zu dieser Untreu¬
1806 1458 2817 1597 verleitet, welches ihme herzlich leyd¬
2142 1550 2837 1681 Bätte um eine gnädige
1792 1566 1929 1678 sige
1803 1644 2517 1776 Straaff seines Verbrechens.
1889 1762 2584 1909 abgelesen und bestätiget.
1817 1918 2843 2065 actum in der Oberen Gefangenschafft
1810 2008 2878 2140 durch Meine gnädigen Herrn Großweibel und Gricht¬
1804 2115 2676 2277 Schreiber den 6ten Aprilis 1759.
2280 3188 2835 3375 Information
