3024 4032
261 251 378 369 195.
738 254 941 361 Poten
421 345 1434 549 Nachdemme die haber eingemachet, haben
415 442 1390 603 er begehrt, daß seine frau die Weil
409 518 1411 681 Bilder, so geholfen bezahle, oder ein
391 609 1363 761 emahl ihnen etwas znacht ruste
405 682 1402 840 Selbige aber weder eintes noch anderer
398 784 1349 911 thun wollen, sonderen gesagt, die
393 854 1363 1006 wolle die dann schon befriedigen
383 941 1410 1101 darüber haben Sie nun wiedermalen
401 1009 1346 1148 mit einander gezanket und worte
374 1097 1346 1264 gewachslet, hierauf habe Er Ihr
375 1159 1375 1326 ein Glas Stein auß einer Plassen, da¬
370 1281 1309 1415 erin er noch ein wenig sein halte
382 1356 1382 1502 anerbotten, seine Frau ihme aber solcher
361 1437 1391 1594 abgeschlagen, obschon er ihr darfür ange¬
369 1527 1408 1668 halten, Bald darnach habe seine Frau
350 1603 1398 1739 ihme ein wenig burgen zu machen ange¬
351 1683 1369 1829 ebotten, Er Inquisit aber ihr erwiederet
853 1808 884 1845 d
904 1797 958 1854 1
349 1784 1355 1925 weilen Sie nicht ihme zu Gefallen ein
348 1867 1362 2025 Glas Mein abnemmen wollen, so begehre
347 1979 1365 2107 er auch nicht von ihrer Buschen, Er wolle
336 2043 1382 2173 sich im stirtshauß schon etwas zu Nacht
327 2126 1369 2259 Esßen rüsten laßen, und seye hierauf
340 2209 1370 2369 ins Wirtshauß gewesen, allwo Er zwey
1200 2357 1299 2440 llen
328 2309 1027 2455 Viertel. Stein getrunken.
308 2402 1238 2553 halber 10 Uhr ohngefard seye er
313 2496 1306 2641 auß dem stirtshauß wider fort gegangen
316 2592 1274 2718 er habe deß wirths Leuten erzehlet
305 2676 1318 2812 daß er mit seiner frau Streit gehabt
306 2757 1279 2905 und deßwegen wolle er nicht seyn,
318 2824 1274 2983 sonder wolle auf Murten gehen,
300 2921 1219 3056 die Leute aber haben ihme solches
302 3004 1290 3150 außgeredet und vorgestellet, es seye
298 3092 1295 3242 nun viel zu spath hinbegg zu gehen
295 3192 1248 3336 wann er nicht seyn wolle, so solle
297 3273 1246 3407 er allda übernacht bleiben, allein
282 3369 1255 3493 er werde am besten thun, naher
1058 3451 1282 3589 sauff etc.
2616 226 2765 340 199.
1964 252 2244 374 Aplicken
1900 364 2075 454 ggehen
1635 373 2687 562 Hauß zu verren, darauf habe er ein halb
1639 478 2632 623 Saas mit genommen, und seye heym
2024 555 2719 693 Auf sein Ankommen habe.
1621 594 2010 735 gegangen,
1619 620 2763 782 er alles verschloßen gefunden, habe gerusten
1617 703 2716 851 Wiemand habe ihme weder antworten
1616 785 2662 936 noch auffmachen wollen, darauf habe Er
1622 871 2704 1046 auf der Lauben der Haußfrau gerussen,
1624 966 2632 1117 welche ihme zwar Bescheid gegeben und
1623 1047 2689 1209 Riecht gehalt dennoch aber mehr als eine
1622 1139 2632 1275 halbe Stund warten laßen, und nicht
1630 1228 2605 1383 aufgemachet, so daß er endlich sehr
1601 1299 2693 1462 vertrüßig und Hornig worden, und in
1614 1392 2751 1536 allein Horn alle Fenster gegen dem Gaden
1608 1480 2723 1607 auf der Lauben eingeschlagen; hierauf
1593 1561 2674 1685 haben sie im Hanß Kermen gemacht
1617 1625 2695 1761 und haben Leute herbey geruffen; da
1608 1709 2669 1847 er aber solches gemercket und gestehen
1606 1787 2693 1920 habe er auß dem Baden ein fusil /: so
1597 1871 2713 2009 er zum Vögel Schießen gebraucht ge¬
1594 1955 2696 2108 nommen, und sich damit vor das Hauß an
1611 2050 2656 2169 Eiben gestellet, dorten habe er lauthe,
1723 2120 1814 2188 Colle
1594 2140 2725 2282 so er nicht gekennet, noch gestehen, gehört
1605 2222 2655 2359 Reden; Auf nahes herbey kommen.
1586 2290 2645 2417 habe er zu denen Leuten gerichten
2466 2380 2526 2432 d.
1589 2389 2654 2517 wann einer Ihme vor sein Zinß unter
1587 2448 2677 2618 das Tachtraus treite, werde er Ihne
1588 2546 2729 2693 Siederschießen, worauf man geantwortet,
1597 2618 2592 2751 Ja zu wohl. Man wird die den
1588 2709 2211 2839 Meisterschon zeigen.
2294 2728 2702 2871 hierauf habe
1595 2781 2647 2922 Er in aller Fürchterniß, ohne Jemand zu
1589 2850 2687 3030 sehen, von ohngefurd den Schuß loßge¬
1574 2956 2699 3113 struckt, so unglückhaffter Weis einen ihme
1470 3036 2691 3202 völlig unbekanten Mentschen getroffen, welches
1585 3131 2730 3292 Ihne herzlich betreibe, und darfurer Godt
1592 3215 2704 3397 und die hohe Oberkeit um Barmherzig¬
1587 3287 2308 3454 keit und Gnad anflehe.
1473 3422 2618 3629 Frag erstage in obiger außag, es habe vor
2428 3597 2598 3725 dem p
