3024 4032
264 299 384 379 236.
425 355 1390 562 der Samen gefloßen, den er nicht in
452 499 1379 624 die C. v. Stuten verlohren, sonderen
439 563 1392 709 sich also gleich als der Niggli kommen
430 634 1382 767 zurück gezogen, das Liecht so in dem
437 720 1407 854 Stall in einer Lauternen aufgehandt
424 809 1400 943 wäre, außgeloschen, und aus dem Statt
406 886 1413 1068 jedoch nicht völlig darvon kauffen wollen,
409 961 1406 1108 allein habe er die Porten verschloßen
423 1054 1394 1197 befunden, die der Riggli Mollet zu
400 1140 1389 1289 gemacht, und den Schlanggen außen
403 1214 863 1327 eher eingehaubt.
1027 1239 1383 1365 Wann dieser
411 1307 1308 1431 Riggli darzu nicht kommen wäre
400 1393 1326 1526 und ihne verjagt hätte, so hätte
388 1474 1229 1600 er die that völlig vollbracht
1233 1532 1326 1605 .
388 1564 1399 1684 gedachter Riggli, als er in Stall kommen
368 1640 1359 1784 habe gesagt, was nächst Hanßli, was
389 1720 1357 1834 mächst, und seye wider zum Stall
377 1803 826 1936 hinausgangen.
931 1800 1317 1928 dieses laster
372 1892 1313 2005 habe er weder mit diesem weder
377 1964 1362 2091 mit einem anderen c. v. Reich sonst
372 2060 1360 2187 niemahls begangen, habe ihme auch
377 2150 1350 2267 niemand etwas darvon geredt, weder
379 2233 1309 2351 darzu anleitung gegeben. Am
374 2322 1356 2447 Tag deß verbrechens seye er um 6.
364 2410 1332 2539 Uhren Abendes noch auf dem Feld¬
358 2496 1317 2620 gewesen, und kurz vor der That
364 2559 866 2676 beym Stihrtshaus.
1023 2585 1335 2697 Und ob zwar
358 2663 1334 2786 ihme sonst wohl belaüßt, daß dieses
361 2739 1353 2875 ein sehr abscheuliches höchst strafbares
364 2808 1236 2951 Koster, so habe er zu dieser Zeit
364 2896 1322 3042 daran soweit nit gedenkt, darum
363 2991 1336 3149 ihme sehr leid, er wünschte, er hätte
376 3054 852 3181 solches nit gethan.
1000 3105 1322 3232 Welchemnach¬
370 3150 1319 3284 der Übel Thäter dieser seiner Ver¬
339 3216 1337 3350 gicht nochmalen offentlich bekant¬
346 3304 1347 3459 rlich gewesen, und durch seinen ver¬
1066 3432 1324 3538 gonten
2563 361 2666 453 237.
1629 429 2634 603 vorgenten Bürsprechen seinen Reumuth
1646 563 2625 662 bezeuget, Gott und eine hohe Oberkeit
1641 621 2628 741 um Gnad und in Beherzigung seiner
1635 699 2648 811 Jugens und der allbereits überstande
1612 776 2569 885 ener sehr beschwarter Gefängnuß,
1625 852 2599 967 um ein miltes Urtheil gebetten
1637 927 2641 1078 mit versprechen sich ernstlich zu beße¬
1739 1025 1780 1081 d
1603 1034 1738 1110 wren
2037 1015 2638 1146 Worüberhin H. Josens
1607 1096 2629 1213 Riclaus Freyweibel zu Hindelbanck
1636 1176 2543 1291 in Nahmen und anstadt seiner
1626 1272 2614 1371 gnädigen Herren und Oberen
1633 1337 2597 1461 Lobl. Standts Bern, durch Urs
1621 1422 2628 1526 Rudtlich Stadthalter seinen verwil¬
1615 1495 2599 1619 eligten fursprechen begehrt, daß
1632 1578 2652 1704 weilen der Delinquent der begangenen
1624 1640 2600 1773 c. v. veychischen That, als in der
1606 1713 2621 1864 Vergicht enthalten, bekantlich, der¬
1612 1826 2518 1955 selbige in Krafft der verträgen
1599 1906 2661 2017 seinen Gnädigen Herren und Oberen
1624 1983 2604 2107 mit leib und Guth, mit samt dem
1603 2052 2641 2188 C. v. Reich, mit welchem er sich vergrif¬
1618 2114 2498 2264 fen, zugesprochen werden solle.
1622 2227 2612 2333 Hierauf wurden die dahin dienende
1620 2288 2581 2422 Punkten der Vertragen annorum
1618 2376 2608 2491 1451. und 1516. ablestend verhört, und
1621 2457 2605 2602 nach mein deß Richters gehaltener
1610 2520 2592 2661 Umfrag über Hans unziter von
1607 2610 2620 2753 Moos feran mit Urtheil und Recht
1616 2676 1959 2797 gesprochen.
2191 2713 2607 2851 daß derselbige
1608 2786 2549 2896 in anstehen er dieserer großen
1609 2859 2535 2971 Mißethat bekantlich, mit leib
1613 2924 2606 3070 und Gut Hohem Stand Bern, und
1605 3000 2597 3136 Ihne nach seinem verdienen abzu¬
1591 3072 2594 3219 straffen zu erkennt mithin herrn
1583 3155 2635 3289 Freyweibel mit samt der C. v. Stuten
1600 3242 2602 3380 mit welcher er sich vertrabet, gegen
1601 3303 2612 3451 Erlang aller billich mäßigen Kösten
2193 3434 2597 3527 überantwortet
