<?xml version="1.0" encoding="UTF-8" standalone="yes"?>
<PcGts xmlns="http://schema.primaresearch.org/PAGE/gts/pagecontent/2013-07-15" xmlns:xsi="http://www.w3.org/2001/XMLSchema-instance" xsi:schemaLocation="http://schema.primaresearch.org/PAGE/gts/pagecontent/2013-07-15 http://schema.primaresearch.org/PAGE/gts/pagecontent/2013-07-15/pagecontent.xsd">
    <Metadata>
        <Creator>prov=University of Rostock/Institute of Mathematics/CITlab|PLANET AI GmbH/Gundram Leifert/gundram.leifert@planet-ai.de:name=German_Kurrent_XVI-XVIII_M5.4(htr_id=38771)::::v=2.6.7
prov=University of Rostock/Institute of Mathematics/CITlab|PLANET AI GmbH/Tobias Gruening/tobias.gruening@planet-ai.de:name=de.uros.citlab.module.baseline2polygon.B2PSeamMultiOriented:v=2.6.7
prov=University of Rostock/Institute of Mathematics/CITlab|PLANET AI GmbH/Tobias Gruening/tobias.gruening@planet-ai.de:name=/net_tf/LA73_249_0mod360.pb:de.uros.citlab.segmentation.CITlab_LA_ML:v=2.6.7
Transkribus</Creator>
        <Created>2022-06-16T09:29:18.031+02:00</Created>
        <LastChange>2022-09-12T15:40:11.090+02:00</LastChange>
        <TranskribusMetadata docId="1334852" pageId="52363600" pageNr="172" tsid="114645630" status="IN_PROGRESS" userId="9570" imgUrl="https://files.transkribus.eu/Get?id=DTUAXARTERUGICQIBQZNAOHU&amp;fileType=view" xmlUrl="https://files.transkribus.eu/Get?id=FJWHNUSKKBOAUKEDIXFBKMQJ" imageId="35485775"/>
    </Metadata>
    <Page imageFilename="IMG_7923.jpg" imageWidth="3024" imageHeight="4032">
        <ReadingOrder>
            <OrderedGroup id="ro_1687513611561" caption="Regions reading order">
                <RegionRefIndexed index="0" regionRef="r1"/>
                <RegionRefIndexed index="1" regionRef="r2"/>
            </OrderedGroup>
        </ReadingOrder>
        <TextRegion orientation="0.0" id="r1" custom="readingOrder {index:0;}">
            <Coords points="356,505 356,3650 1524,3650 1524,505"/>
            <TextLine id="r1l1" custom="readingOrder {index:0;}">
                <Coords points="352,568 390,555 411,558 418,551 451,565 464,554 476,560 499,548 538,548 540,504 507,502 480,478 465,487 445,481 431,494 410,485 400,491 388,485 371,493 354,491"/>
                <Baseline points="360,542 388,545 417,545 445,545 474,545 502,546 531,551"/>
                <TextEquiv>
                    <Unicode>343.</Unicode>
                </TextEquiv>
            </TextLine>
            <TextLine id="r1l2" custom="readingOrder {index:1;}">
                <Coords points="540,703 631,650 1446,698 1480,692 1483,624 1048,574 862,609 546,544"/>
                <Baseline points="549,656 595,651 641,648 687,646 733,645 780,645 826,645 872,647 918,648 964,651 1011,654 1057,657 1103,660 1149,662 1195,666 1242,669 1288,671 1334,674 1380,675 1426,675 1473,677"/>
                <TextEquiv>
                    <Unicode>zu lenken geneigt, auch die Secirte</Unicode>
                </TextEquiv>
            </TextLine>
            <TextLine id="r1l3" custom="readingOrder {index:2;}">
                <Coords points="559,725 644,774 745,733 1416,763 1417,725 1341,678 1246,717 1095,658 996,704 912,649 733,700 704,678 662,700 609,653 560,683"/>
                <Baseline points="566,728 608,725 650,724 692,723 734,723 777,723 819,723 861,724 903,725 945,727 988,729 1030,730 1072,732 1114,734 1156,737 1199,738 1241,740 1283,742 1325,743 1367,744 1410,746"/>
                <TextEquiv>
                    <Unicode>Lunge auf dem Waßer oben</Unicode>
                </TextEquiv>
            </TextLine>
            <TextLine id="r1l4" custom="readingOrder {index:3;}">
                <Coords points="568,842 1010,805 1078,840 1262,817 1352,853 1450,833 1451,784 1363,745 1327,774 1078,735 960,788 728,735 569,777"/>
                <Baseline points="576,813 619,811 662,808 706,806 749,804 792,804 836,804 879,804 922,804 966,806 1009,807 1052,809 1096,810 1139,812 1182,815 1226,818 1269,820 1312,822 1356,824 1399,827 1443,830"/>
                <TextEquiv>
                    <Unicode>geschkommen, welches letztere</Unicode>
                </TextEquiv>
            </TextLine>
            <TextLine id="r1l5" custom="readingOrder {index:4;}">
                <Coords points="553,900 979,887 1186,951 1285,897 1362,900 1518,945 1529,871 1458,827 1355,878 1262,817 1141,851 1010,804 555,847"/>
                <Baseline points="561,884 609,881 657,879 705,878 753,876 801,876 849,876 897,876 945,878 993,878 1041,880 1089,882 1137,885 1185,888 1233,890 1281,894 1329,897 1377,902 1425,906 1473,909 1521,914"/>
                <TextEquiv>
                    <Unicode>em probables Beweiß thun, daß</Unicode>
                </TextEquiv>
            </TextLine>
            <TextLine id="r1l6" custom="readingOrder {index:5;}">
                <Coords points="553,966 860,954 913,993 959,966 1064,993 1171,959 1318,971 1371,1007 1489,999 1490,961 1413,903 1285,897 1207,946 807,880 555,906"/>
                <Baseline points="561,959 607,959 653,959 699,959 745,957 791,957 837,957 883,957 929,957 975,957 1021,957 1067,958 1113,959 1159,960 1205,962 1251,965 1297,969 1343,972 1389,978 1435,984 1482,990"/>
                <TextEquiv>
                    <Unicode>das kind vor seinem tod Athem</Unicode>
                </TextEquiv>
            </TextLine>
            <TextLine id="r1l7" custom="readingOrder {index:6;}">
                <Coords points="554,1084 688,1095 850,1028 998,1073 1089,1039 1185,1067 1264,1052 1263,1008 1195,983 1124,1018 1077,986 1033,1014 964,970 918,994 854,959 753,986 678,969 622,1014 553,995"/>
                <Baseline points="561,1046 595,1044 630,1043 665,1043 700,1041 735,1041 769,1040 804,1039 839,1038 874,1038 909,1038 943,1037 978,1037 1013,1037 1048,1038 1083,1038 1117,1040 1152,1040 1187,1042 1222,1044 1257,1046"/>
                <TextEquiv>
                    <Unicode>geschöpfet haben müße,</Unicode>
                </TextEquiv>
            </TextLine>
            <TextLine id="r1l8" custom="readingOrder {index:7;}">
                <Coords points="1283,1035 1300,1035 1319,1055 1386,1046 1429,1085 1486,1070 1501,1083 1526,1085 1532,1015 1501,998 1477,1001 1431,981 1368,1011 1348,1005 1298,1027 1285,1019"/>
                <Baseline points="1289,1050 1314,1050 1340,1050 1366,1051 1391,1052 1417,1053 1443,1056 1468,1060 1494,1066 1520,1073"/>
                <TextEquiv>
                    <Unicode>Rugend</Unicode>
                </TextEquiv>
            </TextLine>
            <TextLine id="r1l9" custom="readingOrder {index:8;}">
                <Coords points="550,1131 793,1112 932,1188 1043,1118 1201,1165 1347,1126 1387,1160 1531,1167 1532,1105 1490,1072 1367,1053 1299,1084 1128,1045 1006,1084 852,1027 695,1094 551,1092"/>
                <Baseline points="558,1122 606,1121 654,1119 702,1119 751,1118 799,1116 847,1116 896,1116 944,1116 992,1117 1041,1118 1089,1119 1137,1121 1185,1122 1234,1124 1282,1127 1330,1131 1379,1134 1427,1139 1475,1145 1524,1149"/>
                <TextEquiv>
                    <Unicode>ist was die Ehre haben zu berichten.</Unicode>
                </TextEquiv>
            </TextLine>
            <TextLine id="r1l10" custom="readingOrder {index:9;}">
                <Coords points="540,1236 667,1203 773,1247 822,1214 938,1241 988,1208 1104,1246 1217,1241 1262,1206 1378,1216 1378,1142 1352,1131 1247,1132 1206,1167 1053,1132 930,1185 788,1115 703,1177 540,1128"/>
                <Baseline points="546,1205 587,1203 628,1203 669,1202 711,1202 752,1202 793,1202 834,1202 876,1200 917,1200 958,1200 999,1202 1041,1202 1082,1202 1123,1202 1164,1202 1206,1203 1247,1203 1288,1203 1329,1204 1371,1205"/>
                <TextEquiv>
                    <Unicode>dern den 12. Marty 1763.</Unicode>
                </TextEquiv>
            </TextLine>
            <TextLine id="r1l11" custom="readingOrder {index:10;}">
                <Coords points="572,1379 623,1359 668,1382 708,1365 791,1377 858,1368 917,1334 1025,1350 1086,1334 1084,1271 1024,1249 903,1269 842,1264 797,1237 747,1255 674,1236 626,1260 568,1248"/>
                <Baseline points="578,1343 603,1341 628,1340 653,1340 678,1339 703,1338 728,1337 753,1337 778,1335 803,1335 828,1335 853,1334 878,1333 903,1332 928,1332 953,1331 978,1331 1003,1330 1028,1329 1053,1328 1079,1328"/>
                <TextEquiv>
                    <Unicode>Unterschrieben</Unicode>
                </TextEquiv>
            </TextLine>
            <TextLine id="r1l12" custom="readingOrder {index:11;}">
                <Coords points="895,1451 940,1436 1001,1457 1028,1447 1097,1482 1162,1450 1333,1459 1369,1429 1411,1431 1412,1381 1357,1353 1300,1379 1252,1349 1187,1393 1144,1382 1064,1401 965,1343 896,1383"/>
                <Baseline points="903,1436 928,1438 953,1439 978,1440 1003,1441 1028,1442 1053,1442 1078,1442 1103,1442 1128,1443 1153,1443 1178,1443 1203,1443 1228,1443 1253,1443 1278,1443 1303,1444 1328,1445 1353,1446 1378,1447 1404,1448"/>
                <TextEquiv>
                    <Unicode>Herzog M. D.</Unicode>
                </TextEquiv>
            </TextLine>
            <TextLine id="r1l13" custom="readingOrder {index:12;} person {offset:8; length:13;}">
                <Coords points="883,1519 930,1492 991,1530 1073,1525 1152,1569 1352,1527 1494,1565 1506,1496 1482,1506 1436,1468 1329,1493 1269,1452 1202,1473 1179,1452 1099,1492 1037,1448 938,1437 885,1460"/>
                <Baseline points="891,1508 921,1512 951,1514 981,1515 1012,1517 1042,1519 1072,1520 1103,1521 1133,1521 1163,1523 1194,1523 1224,1524 1254,1524 1284,1526 1315,1527 1345,1528 1375,1529 1406,1532 1436,1534 1466,1537 1497,1541"/>
                <TextEquiv>
                    <Unicode>6. Jac. Hartmann Cure.</Unicode>
                </TextEquiv>
            </TextLine>
            <TextLine id="r1l14" custom="readingOrder {index:13;}">
                <Coords points="887,1602 1000,1603 1064,1628 1122,1609 1247,1640 1299,1624 1428,1654 1517,1623 1518,1582 1353,1529 1158,1571 1108,1567 1071,1528 1020,1549 950,1495 889,1517"/>
                <Baseline points="894,1586 924,1587 955,1589 986,1589 1017,1589 1048,1590 1079,1590 1109,1590 1140,1590 1171,1590 1202,1591 1233,1592 1264,1592 1295,1593 1325,1594 1356,1596 1387,1598 1418,1600 1449,1603 1480,1605 1511,1610"/>
                <TextEquiv>
                    <Unicode>Nicl: König Gürung.</Unicode>
                </TextEquiv>
            </TextLine>
            <TextLine id="r1l15" custom="readingOrder {index:14;}">
                <Coords points="350,1884 1480,1894 1461,1792 1375,1852 1251,1793 980,1782 779,1840 696,1787 439,1813 350,1766"/>
                <Baseline points="356,1872 411,1871 467,1871 523,1869 579,1869 635,1868 691,1868 746,1866 802,1866 858,1865 914,1865 970,1865 1026,1865 1082,1865 1137,1866 1193,1866 1249,1868 1305,1870 1361,1872 1417,1875 1473,1878"/>
                <TextEquiv>
                    <Unicode>Dedul An Herrn Rahthauß Amman und</Unicode>
                </TextEquiv>
            </TextLine>
            <TextLine id="r1l16" custom="readingOrder {index:15;} person {offset:16; length:6;}">
                <Coords points="523,1965 1367,1964 1417,1959 1417,1883 1261,1903 1055,1872 994,1902 963,1874 795,1913 748,1874 661,1918 576,1875 523,1901"/>
                <Baseline points="530,1953 574,1953 618,1953 662,1953 706,1953 750,1953 794,1953 838,1953 882,1953 926,1953 970,1952 1014,1952 1058,1952 1102,1952 1146,1952 1190,1952 1234,1952 1278,1952 1322,1952 1366,1952 1410,1953"/>
                <TextEquiv>
                    <Unicode>Vice Großweibel Sinner und</Unicode>
                </TextEquiv>
            </TextLine>
            <TextLine id="r1l17" custom="readingOrder {index:16;} person {offset:23; length:6;}">
                <Coords points="527,2083 645,2047 843,2080 910,2049 986,2079 1071,2053 1176,2086 1300,2039 1429,2047 1428,1964 1386,1956 1156,1955 1085,1999 975,1953 878,1992 816,1960 650,1997 574,1950 527,1969"/>
                <Baseline points="534,2033 578,2034 622,2034 667,2035 711,2036 756,2036 800,2036 844,2034 889,2034 933,2034 978,2033 1022,2033 1066,2031 1111,2031 1155,2031 1200,2030 1244,2030 1288,2030 1333,2031 1377,2031 1422,2033"/>
                <TextEquiv>
                    <Unicode>Herrn Gricht schreiber Studer.</Unicode>
                </TextEquiv>
            </TextLine>
            <TextLine id="r1l18" custom="readingOrder {index:17;}">
                <Coords points="505,2207 590,2166 717,2211 784,2177 898,2216 959,2190 1016,2213 1081,2173 1434,2187 1434,2139 1234,2097 1051,2125 891,2085 695,2086 505,2125"/>
                <Baseline points="512,2174 557,2174 603,2172 649,2172 695,2172 740,2172 786,2174 832,2174 878,2174 923,2175 969,2175 1015,2175 1061,2175 1106,2175 1152,2175 1198,2175 1244,2174 1289,2174 1335,2172 1381,2171 1427,2168"/>
                <TextEquiv>
                    <Unicode>Es haben Meine gnädige Herren und euerer</Unicode>
                </TextEquiv>
            </TextLine>
            <TextLine id="r1l19" custom="readingOrder {index:18;}">
                <Coords points="521,2306 565,2268 1432,2260 1441,2166 1163,2200 1117,2176 1011,2215 794,2179 650,2243 519,2211"/>
                <Baseline points="527,2267 572,2265 617,2264 663,2263 708,2262 754,2261 799,2259 845,2258 890,2258 936,2256 981,2255 1026,2253 1072,2253 1117,2252 1163,2250 1208,2250 1254,2249 1299,2249 1345,2247 1390,2247 1436,2246"/>
                <TextEquiv>
                    <Unicode>Herrn vill Großweibels und</Unicode>
                </TextEquiv>
            </TextLine>
            <TextLine id="r1l20" custom="readingOrder {index:19;}">
                <Coords points="521,2384 656,2354 864,2383 922,2349 984,2383 1091,2340 1165,2389 1250,2388 1352,2332 1500,2350 1499,2301 1328,2246 1240,2292 1173,2257 1098,2318 955,2256 888,2303 802,2267 668,2322 519,2306"/>
                <Baseline points="527,2349 575,2349 623,2349 671,2349 720,2349 768,2348 816,2348 865,2346 913,2345 961,2343 1010,2341 1058,2339 1106,2337 1154,2336 1203,2334 1251,2333 1299,2331 1348,2330 1396,2328 1444,2327 1493,2325"/>
                <TextEquiv>
                    <Unicode>Herrn Gricht Schreiber Hochdenen</Unicode>
                </TextEquiv>
            </TextLine>
            <TextLine id="r1l21" custom="readingOrder {index:20;}">
                <Coords points="517,2465 567,2434 799,2434 863,2465 999,2424 1135,2440 1450,2401 1428,2368 1313,2351 1213,2392 1107,2350 982,2383 928,2357 872,2390 807,2363 720,2406 626,2357 516,2396"/>
                <Baseline points="524,2432 569,2431 615,2430 661,2430 707,2430 753,2429 799,2429 845,2428 891,2427 937,2426 983,2426 1028,2424 1074,2423 1120,2421 1166,2420 1212,2418 1258,2416 1304,2414 1350,2411 1396,2407 1442,2405"/>
                <TextEquiv>
                    <Unicode>selben abgestatteten Relation</Unicode>
                </TextEquiv>
            </TextLine>
            <TextLine id="r1l22" custom="readingOrder {index:21;}">
                <Coords points="524,2522 620,2520 691,2564 877,2513 914,2538 948,2511 1246,2524 1342,2497 1406,2532 1479,2496 1478,2444 1343,2437 1244,2485 1138,2457 1038,2481 970,2432 888,2470 735,2431 522,2462"/>
                <Baseline points="530,2513 577,2513 624,2514 671,2514 718,2514 765,2514 812,2514 859,2514 906,2513 953,2513 1001,2511 1048,2511 1095,2510 1142,2508 1189,2505 1236,2502 1283,2499 1330,2496 1377,2491 1424,2487 1472,2481"/>
                <TextEquiv>
                    <Unicode>wie auch der aufgenommenen Infor¬</Unicode>
                </TextEquiv>
            </TextLine>
            <TextLine id="r1l23" custom="readingOrder {index:22;}">
                <Coords points="499,2623 574,2600 800,2633 917,2600 1282,2608 1438,2576 1418,2525 1209,2553 1125,2509 1029,2554 956,2511 744,2563 497,2549"/>
                <Baseline points="506,2601 552,2600 598,2600 644,2598 690,2598 737,2598 783,2598 829,2598 875,2598 921,2598 968,2597 1014,2597 1060,2595 1106,2594 1152,2592 1199,2589 1245,2586 1291,2582 1337,2578 1383,2573 1430,2567"/>
                <TextEquiv>
                    <Unicode>mation und dem Diso reperto</Unicode>
                </TextEquiv>
            </TextLine>
            <TextLine id="r1l24" custom="readingOrder {index:23;}">
                <Coords points="521,2681 914,2711 1088,2685 1184,2735 1271,2671 1364,2694 1485,2662 1483,2592 1342,2580 1245,2633 1177,2600 927,2600 798,2648 749,2624 520,2654"/>
                <Baseline points="527,2675 574,2675 622,2676 669,2676 717,2678 764,2678 812,2679 859,2679 907,2679 954,2679 1002,2679 1050,2679 1097,2678 1145,2676 1192,2675 1240,2672 1287,2668 1335,2664 1382,2659 1430,2652 1478,2643"/>
                <TextEquiv>
                    <Unicode>vernommen, daß gestrigen Tagsin</Unicode>
                </TextEquiv>
            </TextLine>
            <TextLine id="r1l25" custom="readingOrder {index:24;} person {offset:4; length:5;}">
                <Coords points="507,2788 983,2770 1048,2795 1116,2770 1155,2802 1241,2796 1326,2750 1400,2760 1434,2717 1271,2671 1186,2738 1136,2700 1054,2748 880,2686 790,2742 686,2683 505,2687"/>
                <Baseline points="513,2757 558,2759 604,2759 650,2760 695,2761 741,2762 787,2763 832,2765 878,2765 924,2765 970,2766 1015,2765 1061,2765 1107,2763 1152,2762 1198,2758 1244,2755 1289,2751 1335,2746 1381,2739 1427,2733"/>
                <TextEquiv>
                    <Unicode>der Stein Gruben bey Oster¬</Unicode>
                </TextEquiv>
            </TextLine>
            <TextLine id="r1l26" custom="readingOrder {index:25;} person {offset:13; length:17;}">
                <Coords points="511,2851 637,2888 774,2843 1156,2869 1355,2825 1434,2844 1477,2826 1473,2721 1245,2799 1114,2771 1050,2806 920,2771 791,2807 680,2782 510,2809"/>
                <Baseline points="518,2838 565,2840 613,2841 660,2842 708,2843 755,2844 803,2846 850,2846 898,2847 945,2847 993,2846 1041,2846 1088,2844 1136,2841 1183,2839 1231,2835 1278,2830 1326,2824 1373,2819 1421,2810 1469,2801"/>
                <TextEquiv>
                    <Unicode>männigen die Magdalena Reitsch</Unicode>
                </TextEquiv>
            </TextLine>
            <TextLine id="r1l27" custom="readingOrder {index:26;}">
                <Coords points="510,2935 648,2926 757,2966 834,2926 1128,2956 1204,2916 1283,2943 1329,2902 1465,2897 1462,2799 1407,2840 1205,2842 1148,2881 942,2846 838,2879 771,2844 666,2889 508,2889"/>
                <Baseline points="516,2916 563,2919 610,2921 657,2924 704,2925 751,2927 798,2928 845,2928 892,2930 939,2930 986,2930 1033,2928 1080,2926 1127,2924 1174,2921 1221,2918 1268,2912 1315,2906 1362,2900 1409,2891 1457,2882"/>
                <TextEquiv>
                    <Unicode>eine ledige Weibs persohn von 23.</Unicode>
                </TextEquiv>
            </TextLine>
            <TextLine id="r1l28" custom="readingOrder {index:27;}">
                <Coords points="508,3046 713,3008 990,3049 1067,3005 1192,3049 1325,2987 1501,2970 1500,2928 1371,2899 1248,2932 1201,2983 834,2928 693,2984 504,2932"/>
                <Baseline points="513,2997 562,3000 611,3002 660,3004 709,3005 758,3006 807,3008 856,3008 905,3009 954,3008 1003,3008 1052,3006 1101,3005 1150,3002 1199,2999 1248,2994 1297,2990 1346,2984 1395,2977 1444,2968 1493,2960"/>
                <TextEquiv>
                    <Unicode>jahren Alters, heimlich- und ihrer</Unicode>
                </TextEquiv>
            </TextLine>
            <TextLine id="r1l29" custom="readingOrder {index:28;}">
                <Coords points="513,3121 615,3133 686,3087 857,3130 958,3091 1253,3102 1443,3070 1442,2996 1325,2987 1205,3057 1069,3007 980,3064 912,3022 770,3063 702,3009 654,3047 512,3044"/>
                <Baseline points="519,3074 564,3076 610,3078 656,3080 702,3081 748,3084 794,3084 839,3086 885,3087 931,3087 977,3087 1023,3086 1069,3086 1115,3083 1160,3081 1206,3078 1252,3074 1298,3069 1344,3064 1390,3057 1436,3050"/>
                <TextEquiv>
                    <Unicode>vorgeben nach, mit einem statten</Unicode>
                </TextEquiv>
            </TextLine>
            <TextLine id="r1l30" custom="readingOrder {index:29;}">
                <Coords points="499,3168 912,3200 994,3166 1331,3169 1461,3119 1459,3049 1321,3070 1190,3138 1122,3099 1034,3122 960,3091 843,3138 769,3086 722,3112 673,3091 599,3142 539,3108 498,3136"/>
                <Baseline points="506,3153 553,3156 600,3159 648,3161 695,3164 743,3165 790,3167 837,3168 885,3168 932,3168 980,3168 1027,3168 1074,3167 1122,3163 1169,3161 1217,3155 1264,3151 1311,3145 1359,3137 1406,3128 1454,3119"/>
                <TextEquiv>
                    <Unicode>Knäbli darnieder kommen, und wid</Unicode>
                </TextEquiv>
            </TextLine>
            <TextLine id="r1l31" custom="readingOrder {index:30;}">
                <Coords points="500,3259 1060,3257 1187,3296 1252,3233 1504,3216 1499,3101 1382,3180 1274,3159 1211,3217 992,3167 896,3221 717,3163 497,3168"/>
                <Baseline points="507,3237 556,3239 605,3240 655,3242 704,3243 754,3244 803,3245 853,3246 902,3246 952,3246 1001,3246 1050,3245 1100,3242 1149,3239 1199,3235 1248,3230 1298,3223 1347,3215 1397,3206 1446,3195 1496,3183"/>
                <TextEquiv>
                    <Unicode>sich des ferneren dabey ergeben, nichen</Unicode>
                </TextEquiv>
            </TextLine>
            <TextLine id="r1l32" custom="readingOrder {index:31;}">
                <Coords points="500,3339 592,3323 681,3355 824,3325 1001,3352 1124,3321 1163,3348 1419,3282 1403,3250 1330,3272 1253,3233 1188,3300 1080,3308 1012,3261 799,3245 741,3273 555,3235 498,3283"/>
                <Baseline points="506,3320 551,3320 596,3321 641,3322 687,3323 732,3324 777,3326 823,3326 868,3326 913,3326 959,3326 1004,3325 1049,3323 1094,3321 1140,3318 1185,3314 1230,3309 1276,3302 1321,3296 1366,3287 1412,3276"/>
                <TextEquiv>
                    <Unicode>daß Ihr dieselbe biß auf fernere</Unicode>
                </TextEquiv>
            </TextLine>
            <TextLine id="r1l33" custom="readingOrder {index:32;}">
                <Coords points="494,3418 529,3399 638,3448 711,3405 884,3412 932,3454 1027,3401 1172,3444 1401,3345 1398,3291 1356,3289 1202,3345 1118,3322 985,3387 896,3329 758,3362 703,3333 490,3344"/>
                <Baseline points="500,3411 544,3410 589,3408 634,3407 678,3405 723,3405 768,3405 812,3405 857,3404 902,3404 947,3402 991,3402 1036,3400 1081,3397 1125,3394 1170,3389 1215,3384 1259,3378 1304,3369 1349,3360 1394,3348"/>
                <TextEquiv>
                    <Unicode>Meine gnädigen Herren verfügung durch zuer</Unicode>
                </TextEquiv>
            </TextLine>
            <TextLine id="r1l34" custom="readingOrder {index:33;}">
                <Coords points="515,3516 641,3480 880,3516 1077,3471 1209,3488 1326,3439 1358,3461 1380,3379 1176,3446 1021,3403 933,3453 890,3414 743,3430 713,3406 638,3448 560,3418 512,3449"/>
                <Baseline points="521,3485 563,3483 606,3482 649,3482 692,3482 734,3482 777,3482 820,3482 863,3482 905,3482 948,3482 991,3480 1034,3479 1076,3477 1119,3473 1162,3469 1205,3464 1247,3458 1290,3450 1333,3440 1376,3429"/>
                <TextEquiv>
                    <Unicode>thurn weitel, daselbs bewagen. Das</Unicode>
                </TextEquiv>
            </TextLine>
            <TextLine id="r1l35" custom="readingOrder {index:34;}">
                <Coords points="491,3574 647,3606 809,3580 880,3613 1148,3591 1318,3513 1374,3547 1430,3522 1492,3475 1486,3383 1192,3512 1076,3471 882,3519 484,3482"/>
                <Baseline points="497,3560 546,3558 595,3558 645,3558 694,3560 744,3560 793,3561 842,3561 892,3563 941,3561 991,3561 1040,3558 1089,3556 1139,3551 1188,3544 1238,3536 1287,3526 1336,3515 1386,3499 1435,3482 1485,3462"/>
                <TextEquiv>
                    <Unicode>Kindlin aber auf alldortigem Kirchst</Unicode>
                </TextEquiv>
            </TextLine>
            <TextLine id="r1l36" custom="readingOrder {index:35;}">
                <Coords points="1156,3658 1192,3641 1297,3650 1334,3616 1360,3622 1382,3604 1399,3606 1447,3564 1438,3523 1370,3552 1306,3519 1281,3539 1268,3537 1236,3569 1196,3549 1143,3601"/>
                <Baseline points="1157,3632 1182,3629 1208,3625 1234,3621 1260,3615 1286,3609 1312,3603 1338,3595 1364,3589 1390,3584 1416,3578 1442,3575"/>
                <TextEquiv>
                    <Unicode>berdigend</Unicode>
                </TextEquiv>
            </TextLine>
            <TextEquiv>
                <Unicode>343.
zu lenken geneigt, auch die Secirte
Lunge auf dem Waßer oben
geschkommen, welches letztere
em probables Beweiß thun, daß
das kind vor seinem tod Athem
geschöpfet haben müße,
Rugend
ist was die Ehre haben zu berichten.
dern den 12. Marty 1763.
Unterschrieben
Herzog M. D.
6. Jac. Hartmann Cure.
Nicl: König Gürung.
Dedul An Herrn Rahthauß Amman und
Vice Großweibel Sinner und
Herrn Gricht schreiber Studer.
Es haben Meine gnädige Herren und euerer
Herrn vill Großweibels und
Herrn Gricht Schreiber Hochdenen
selben abgestatteten Relation
wie auch der aufgenommenen Infor¬
mation und dem Diso reperto
vernommen, daß gestrigen Tagsin
der Stein Gruben bey Oster¬
männigen die Magdalena Reitsch
eine ledige Weibs persohn von 23.
jahren Alters, heimlich- und ihrer
vorgeben nach, mit einem statten
Knäbli darnieder kommen, und wid
sich des ferneren dabey ergeben, nichen
daß Ihr dieselbe biß auf fernere
Meine gnädigen Herren verfügung durch zuer
thurn weitel, daselbs bewagen. Das
Kindlin aber auf alldortigem Kirchst
berdigend</Unicode>
            </TextEquiv>
        </TextRegion>
        <TextRegion orientation="0.0" id="r2" custom="readingOrder {index:1;}">
            <Coords points="1718,455 1718,3705 2844,3705 2844,455"/>
            <TextLine id="r2l1" custom="readingOrder {index:0;}">
                <Coords points="2642,541 2673,533 2707,556 2745,532 2764,534 2771,526 2789,531 2852,495 2849,444 2823,449 2799,432 2779,438 2743,431 2715,444 2705,439 2669,443 2656,454 2637,452"/>
                <Baseline points="2646,501 2674,500 2702,498 2730,496 2759,494 2787,493 2815,492 2844,492"/>
                <TextEquiv>
                    <Unicode>343.</Unicode>
                </TextEquiv>
            </TextLine>
            <TextLine id="r2l2" custom="readingOrder {index:1;}">
                <Coords points="2487,669 2506,675 2535,659 2570,673 2670,644 2704,658 2769,637 2834,646 2827,572 2777,566 2724,598 2700,585 2682,594 2638,583 2607,565 2515,614 2481,609"/>
                <Baseline points="2493,660 2518,658 2544,656 2569,653 2595,650 2620,648 2646,644 2671,641 2697,638 2722,636 2748,634 2773,632 2799,630 2825,629"/>
                <TextEquiv>
                    <Unicode>Spannung</Unicode>
                </TextEquiv>
            </TextLine>
            <TextLine id="r2l3" custom="readingOrder {index:2;}">
                <Coords points="1776,730 1844,735 1964,707 1989,724 2013,707 2122,692 2154,707 2295,679 2291,635 2197,613 1960,642 1920,621 1840,654 1769,644"/>
                <Baseline points="1782,717 1807,717 1832,716 1857,714 1883,714 1908,711 1933,711 1959,708 1984,706 2009,704 2035,702 2060,699 2085,696 2110,694 2136,692 2161,689 2186,687 2212,684 2237,681 2262,679 2288,677"/>
                <TextEquiv>
                    <Unicode>verdigen laßen.</Unicode>
                </TextEquiv>
            </TextLine>
            <TextLine id="r2l4" custom="readingOrder {index:3;}">
                <Coords points="1777,817 2048,773 2180,795 2268,754 2389,747 2425,778 2510,733 2736,756 2830,737 2823,646 2749,642 2680,693 2375,661 2190,724 2130,692 2009,738 1967,707 1914,748 1770,731"/>
                <Baseline points="1782,795 1834,791 1886,787 1938,783 1990,779 2042,774 2094,770 2146,765 2198,760 2250,756 2302,752 2354,748 2406,744 2458,741 2510,737 2562,733 2614,731 2666,727 2718,725 2770,723 2822,720"/>
                <TextEquiv>
                    <Unicode>and allen Umständen sich nur allzu¬</Unicode>
                </TextEquiv>
            </TextLine>
            <TextLine id="r2l5" custom="readingOrder {index:4;}">
                <Coords points="1749,891 2790,805 2718,743 2556,760 2509,733 2431,784 2382,748 2200,796 2119,771 2015,831 1876,789 1745,832"/>
                <Baseline points="1755,875 1806,871 1857,867 1909,864 1960,859 2012,855 2063,851 2114,846 2166,841 2217,837 2269,833 2320,829 2371,824 2423,820 2474,816 2526,813 2577,809 2628,807 2680,804 2731,803 2783,800"/>
                <TextEquiv>
                    <Unicode>sehr vermuten laßet, daß diesere</Unicode>
                </TextEquiv>
            </TextLine>
            <TextLine id="r2l6" custom="readingOrder {index:5;}">
                <Coords points="1759,964 2529,893 2825,915 2829,840 2698,869 2548,818 2469,877 2356,826 2169,870 2127,843 2064,894 1934,864 1862,910 1754,886"/>
                <Baseline points="1764,942 1817,939 1870,936 1923,932 1976,928 2029,925 2082,920 2135,918 2188,913 2241,910 2294,906 2347,903 2400,900 2453,897 2506,896 2559,893 2612,891 2665,890 2718,888 2771,888 2825,888"/>
                <TextEquiv>
                    <Unicode>Reuch in dem leidigen Casu einer</Unicode>
                </TextEquiv>
            </TextLine>
            <TextLine id="r2l7" custom="readingOrder {index:6;}">
                <Coords points="1752,1030 2642,1001 2689,992 2685,899 2360,916 2272,959 2128,924 1973,936 1924,972 1749,961"/>
                <Baseline points="1758,1017 1804,1014 1850,1012 1896,1010 1942,1007 1988,1004 2034,1002 2081,999 2127,998 2173,995 2219,993 2265,990 2311,989 2357,987 2404,986 2450,984 2496,983 2542,983 2588,981 2634,981 2681,981"/>
                <TextEquiv>
                    <Unicode>Kinds Mörderin sich befindet;</Unicode>
                </TextEquiv>
            </TextLine>
            <TextLine id="r2l8" custom="readingOrder {index:7;}">
                <Coords points="1745,1110 2821,1081 2786,988 2581,1032 2454,993 2415,1033 2292,994 2233,1037 2102,998 1981,1045 1743,1035"/>
                <Baseline points="1752,1097 1805,1093 1858,1090 1911,1086 1964,1083 2017,1081 2070,1079 2123,1077 2176,1074 2229,1073 2282,1071 2335,1070 2388,1068 2441,1067 2494,1065 2547,1064 2600,1062 2653,1061 2706,1059 2759,1058 2813,1056"/>
                <TextEquiv>
                    <Unicode>Als werdet Ihr Herr Vice Groß¬</Unicode>
                </TextEquiv>
            </TextLine>
            <TextLine id="r2l9" custom="readingOrder {index:8;}">
                <Coords points="1751,1204 1980,1164 2121,1197 2255,1154 2403,1191 2770,1155 2767,1101 2711,1070 2660,1102 2515,1067 2429,1099 2344,1080 2255,1135 2162,1089 2128,1124 2076,1087 2007,1120 1861,1102 1749,1157"/>
                <Baseline points="1757,1187 1807,1183 1857,1179 1907,1175 1958,1172 2008,1169 2058,1166 2108,1163 2159,1160 2209,1158 2259,1157 2309,1154 2360,1152 2410,1151 2460,1149 2510,1147 2561,1145 2611,1143 2661,1142 2711,1140 2762,1139"/>
                <TextEquiv>
                    <Unicode>Weibel und Herr Gricht Schreiber</Unicode>
                </TextEquiv>
            </TextLine>
            <TextLine id="r2l10" custom="readingOrder {index:9;}">
                <Coords points="1757,1263 1824,1296 1895,1253 2022,1275 2133,1245 2201,1285 2317,1231 2437,1266 2579,1220 2802,1236 2815,1132 2440,1200 2258,1157 2148,1213 1976,1169 1756,1233"/>
                <Baseline points="1764,1257 1816,1254 1868,1252 1921,1250 1973,1248 2025,1245 2078,1243 2130,1241 2182,1238 2235,1235 2287,1233 2339,1232 2392,1229 2444,1227 2496,1226 2549,1224 2601,1223 2653,1223 2706,1221 2758,1221 2811,1221"/>
                <TextEquiv>
                    <Unicode>auch auf diesem Fuß gegen dieselbe</Unicode>
                </TextEquiv>
            </TextLine>
            <TextLine id="r2l11" custom="readingOrder {index:10;}">
                <Coords points="1750,1354 1882,1393 1947,1336 2030,1358 2068,1323 2578,1333 2739,1302 2723,1223 2580,1256 2499,1232 2443,1267 2389,1227 2315,1275 2241,1246 2198,1288 2128,1243 2028,1305 1896,1253 1821,1299 1785,1271 1748,1294"/>
                <Baseline points="1757,1338 1805,1337 1854,1334 1903,1331 1952,1329 2000,1326 2049,1325 2098,1322 2147,1320 2195,1319 2244,1317 2293,1316 2342,1314 2390,1311 2439,1310 2488,1308 2537,1306 2585,1304 2634,1302 2683,1299 2732,1296"/>
                <TextEquiv>
                    <Unicode>verfahren, dan̄ethin die Anstalt</Unicode>
                </TextEquiv>
            </TextLine>
            <TextLine id="r2l12" custom="readingOrder {index:11;}">
                <Coords points="1742,1444 1900,1416 1944,1448 2162,1398 2254,1428 2323,1389 2639,1386 2757,1424 2807,1416 2805,1347 2598,1366 2469,1307 2288,1344 2198,1322 2095,1379 1951,1335 1884,1393 1785,1345 1739,1375"/>
                <Baseline points="1748,1415 1800,1413 1853,1412 1905,1410 1958,1407 2010,1406 2063,1403 2115,1401 2168,1400 2220,1398 2273,1397 2326,1395 2378,1392 2431,1392 2483,1391 2536,1389 2588,1388 2641,1388 2693,1386 2746,1386 2799,1386"/>
                <TextEquiv>
                    <Unicode>vorzukehren, daß so bald immer mög¬</Unicode>
                </TextEquiv>
            </TextLine>
            <TextLine id="r2l13" custom="readingOrder {index:12;}">
                <Coords points="1738,1528 2045,1482 2213,1511 2358,1478 2390,1501 2424,1466 2488,1493 2713,1474 2684,1408 2627,1443 2571,1405 2461,1423 2348,1393 2256,1429 2160,1399 1952,1451 1888,1426 1790,1470 1736,1456"/>
                <Baseline points="1745,1496 1793,1493 1841,1491 1889,1488 1937,1487 1985,1485 2033,1484 2081,1482 2129,1482 2177,1481 2225,1479 2273,1479 2321,1478 2369,1476 2417,1476 2465,1475 2513,1473 2561,1472 2609,1470 2657,1469 2706,1467"/>
                <TextEquiv>
                    <Unicode>rlich, und die Umständ, worinn sie</Unicode>
                </TextEquiv>
            </TextLine>
            <TextLine id="r2l14" custom="readingOrder {index:13;}">
                <Coords points="1742,1619 1817,1568 1998,1559 2044,1590 2116,1550 2165,1588 2450,1546 2762,1590 2821,1569 2820,1506 2665,1475 2473,1500 2425,1466 2390,1501 2043,1482 1740,1527"/>
                <Baseline points="1748,1562 1801,1562 1854,1560 1907,1559 1961,1559 2014,1557 2067,1556 2121,1554 2174,1553 2227,1551 2281,1551 2334,1550 2387,1548 2440,1547 2494,1545 2547,1545 2600,1544 2654,1542 2707,1541 2760,1541 2814,1539"/>
                <TextEquiv>
                    <Unicode>sich befindt, so wohl als die Witterung</Unicode>
                </TextEquiv>
            </TextLine>
            <TextLine id="r2l15" custom="readingOrder {index:14;}">
                <Coords points="1733,1654 1867,1694 1959,1648 2342,1633 2514,1668 2610,1618 2720,1654 2744,1562 2621,1602 2387,1552 2309,1609 2214,1564 2060,1609 1991,1572 1898,1596 1817,1567 1732,1623"/>
                <Baseline points="1740,1647 1792,1646 1845,1644 1897,1644 1950,1643 2002,1641 2055,1640 2108,1638 2160,1637 2213,1635 2265,1633 2318,1631 2370,1629 2423,1628 2476,1626 2528,1625 2581,1623 2633,1622 2686,1619 2739,1619"/>
                <TextEquiv>
                    <Unicode>es zugeben werden, dieselbige auf</Unicode>
                </TextEquiv>
            </TextLine>
            <TextLine id="r2l16" custom="readingOrder {index:15;} person {offset:4; length:9;}">
                <Coords points="1746,1730 2604,1720 2683,1704 2682,1667 2577,1623 2494,1672 2342,1634 2290,1666 2235,1640 2165,1683 1965,1654 1880,1703 1744,1691"/>
                <Baseline points="1752,1724 1798,1722 1844,1721 1890,1719 1936,1718 1982,1718 2028,1715 2075,1714 2121,1712 2167,1710 2213,1709 2259,1707 2305,1705 2351,1703 2398,1702 2444,1700 2490,1698 2536,1695 2582,1694 2628,1692 2675,1691"/>
                <TextEquiv>
                    <Unicode>einem Branquard oder andere</Unicode>
                </TextEquiv>
            </TextLine>
            <TextLine id="r2l17" custom="readingOrder {index:16;}">
                <Coords points="1742,1826 1874,1790 2803,1775 2800,1680 2598,1741 2166,1711 2086,1743 1836,1724 1740,1773"/>
                <Baseline points="1748,1793 1800,1791 1852,1790 1905,1788 1957,1787 2009,1785 2062,1783 2114,1782 2166,1779 2219,1777 2271,1775 2323,1773 2376,1770 2428,1769 2480,1766 2533,1764 2585,1763 2637,1760 2690,1758 2742,1756 2795,1754"/>
                <TextEquiv>
                    <Unicode>gutfindende Weid, wohl eingemacht, in</Unicode>
                </TextEquiv>
            </TextLine>
            <TextLine id="r2l18" custom="readingOrder {index:17;}">
                <Coords points="1738,1885 2741,1836 2778,1826 2776,1780 2067,1787 1894,1830 1789,1803 1736,1841"/>
                <Baseline points="1745,1865 1796,1863 1847,1862 1898,1859 1950,1857 2001,1854 2052,1851 2104,1849 2155,1846 2206,1844 2258,1840 2309,1838 2360,1835 2411,1833 2463,1830 2514,1829 2565,1827 2617,1826 2668,1824 2719,1823 2771,1823"/>
                <TextEquiv>
                    <Unicode>hiesigen Spittahl transportiert, da</Unicode>
                </TextEquiv>
            </TextLine>
            <TextLine id="r2l19" custom="readingOrder {index:18;}">
                <Coords points="1728,1968 1846,1927 1996,1959 2032,1926 2102,1962 2339,1908 2394,1938 2445,1908 2496,1939 2541,1909 2641,1931 2760,1914 2758,1862 2661,1821 2519,1860 2392,1835 2257,1894 2045,1861 1975,1910 1906,1863 1799,1872 1725,1913"/>
                <Baseline points="1733,1934 1784,1933 1835,1932 1886,1929 1937,1928 1988,1926 2039,1923 2090,1920 2141,1918 2192,1916 2243,1913 2294,1910 2345,1908 2396,1905 2447,1902 2498,1901 2549,1899 2600,1898 2651,1896 2702,1895 2753,1893"/>
                <TextEquiv>
                    <Unicode>selbsten zu sicherer und sorgfältiger</Unicode>
                </TextEquiv>
            </TextLine>
            <TextLine id="r2l20" custom="readingOrder {index:19;}">
                <Coords points="1729,2034 1858,2052 2098,1992 2383,2026 2781,1986 2779,1943 2714,1904 2582,1956 2339,1908 2176,1959 2038,1928 1912,1981 1841,1930 1727,1967"/>
                <Baseline points="1736,2006 1787,2004 1839,2003 1891,2001 1943,2000 1995,1998 2047,1997 2099,1995 2151,1993 2203,1991 2255,1989 2306,1987 2358,1985 2410,1983 2462,1982 2514,1982 2566,1980 2618,1979 2670,1979 2722,1979 2774,1979"/>
                <TextEquiv>
                    <Unicode>Pfleg in das gewohnte Zimmer über¬</Unicode>
                </TextEquiv>
            </TextLine>
            <TextLine id="r2l21" custom="readingOrder {index:20;}">
                <Coords points="1720,2092 2244,2070 2285,2098 2510,2054 2807,2080 2805,1995 2519,1993 2437,2037 2098,1992 1921,2051 1718,2045"/>
                <Baseline points="1727,2081 1780,2080 1834,2078 1887,2076 1941,2075 1995,2073 2048,2072 2102,2070 2155,2067 2209,2066 2263,2064 2316,2061 2370,2060 2423,2058 2477,2057 2531,2055 2584,2054 2638,2052 2691,2051 2745,2049 2799,2049"/>
                <TextEquiv>
                    <Unicode>geben, und daselbs biß nach geendeten</Unicode>
                </TextEquiv>
            </TextLine>
            <TextLine id="r2l22" custom="readingOrder {index:21;}">
                <Coords points="1727,2177 2758,2138 2755,2066 2664,2106 2550,2054 2440,2117 2355,2062 2179,2109 2120,2072 1906,2118 1724,2091"/>
                <Baseline points="1733,2153 1783,2150 1834,2148 1885,2146 1936,2144 1987,2142 2038,2141 2088,2139 2139,2138 2190,2136 2241,2136 2292,2135 2343,2133 2394,2132 2444,2130 2495,2129 2546,2127 2597,2126 2648,2124 2699,2121 2750,2118"/>
                <TextEquiv>
                    <Unicode>Wochen enthalten werde, da dann nach</Unicode>
                </TextEquiv>
            </TextLine>
            <TextLine id="r2l23" custom="readingOrder {index:22;}">
                <Coords points="1732,2240 2089,2217 2177,2255 2271,2213 2349,2240 2584,2200 2695,2217 2692,2129 2392,2133 2320,2165 1910,2151 1827,2181 1780,2152 1730,2178"/>
                <Baseline points="1739,2220 1786,2220 1833,2220 1881,2219 1928,2219 1976,2217 2023,2216 2070,2214 2118,2212 2165,2210 2213,2208 2260,2207 2307,2205 2355,2203 2402,2202 2450,2199 2497,2199 2544,2198 2592,2198 2639,2198 2687,2198"/>
                <TextEquiv>
                    <Unicode>deren Auslauf Ihr solche, üblicher</Unicode>
                </TextEquiv>
            </TextLine>
            <TextLine id="r2l24" custom="readingOrder {index:23;} place {offset:11; length:14;}">
                <Coords points="1721,2312 1992,2322 2148,2285 2283,2325 2393,2285 2511,2328 2551,2298 2620,2334 2775,2311 2774,2268 2669,2269 2585,2200 2360,2252 2282,2223 2156,2262 2078,2217 1915,2270 1847,2226 1720,2262"/>
                <Baseline points="1727,2295 1779,2297 1831,2297 1883,2297 1935,2297 1987,2295 2039,2295 2091,2294 2143,2292 2195,2292 2247,2291 2299,2289 2351,2289 2403,2288 2455,2288 2507,2288 2559,2288 2611,2289 2663,2290 2715,2292 2768,2295"/>
                <TextEquiv>
                    <Unicode>maßen in die Obere Gefangen</Unicode>
                </TextEquiv>
            </TextLine>
            <TextLine id="r2l25" custom="readingOrder {index:24;}">
                <Coords points="1722,2438 2068,2383 2124,2415 2329,2382 2429,2416 2539,2384 2606,2426 2689,2383 2758,2403 2758,2304 2687,2304 2620,2362 2475,2299 2215,2337 2157,2284 2076,2336 1860,2302 1721,2352"/>
                <Baseline points="1728,2382 1779,2382 1830,2382 1881,2382 1932,2382 1983,2381 2034,2381 2086,2381 2137,2381 2188,2379 2239,2379 2290,2379 2341,2378 2392,2378 2444,2378 2495,2379 2546,2379 2597,2381 2648,2382 2699,2383 2751,2385"/>
                <TextEquiv>
                    <Unicode>eschaft führen laßen, und hernach das</Unicode>
                </TextEquiv>
            </TextLine>
            <TextLine id="r2l26" custom="readingOrder {index:25;}">
                <Coords points="1731,2478 1778,2466 1820,2504 1887,2465 2689,2475 2689,2443 2619,2418 2383,2418 2318,2382 2189,2444 1956,2395 1912,2428 1794,2401 1731,2435"/>
                <Baseline points="1737,2462 1784,2462 1831,2463 1878,2463 1926,2463 1973,2463 2020,2463 2067,2463 2115,2463 2162,2463 2209,2463 2256,2463 2304,2463 2351,2463 2398,2463 2445,2463 2493,2465 2540,2465 2587,2465 2634,2465 2682,2465"/>
                <TextEquiv>
                    <Unicode>übliche Examen mit ihra vornemmen</Unicode>
                </TextEquiv>
            </TextLine>
            <TextLine id="r2l27" custom="readingOrder {index:26;}">
                <Coords points="1732,2554 1812,2562 1846,2542 1927,2577 1992,2544 2323,2552 2342,2544 2342,2502 2244,2520 2133,2464 2048,2499 1994,2471 1939,2491 1872,2467 1809,2515 1732,2517"/>
                <Baseline points="1740,2534 1769,2536 1799,2538 1829,2540 1858,2541 1888,2541 1918,2541 1947,2541 1977,2541 2007,2541 2037,2541 2066,2540 2096,2540 2126,2540 2155,2539 2185,2538 2215,2538 2244,2538 2274,2538 2304,2540 2334,2540"/>
                <TextEquiv>
                    <Unicode>werdet, für das einte.</Unicode>
                </TextEquiv>
            </TextLine>
            <TextLine id="r2l28" custom="readingOrder {index:27;}">
                <Coords points="2459,2568 2518,2568 2556,2544 2634,2553 2653,2564 2695,2554 2697,2473 2644,2468 2575,2504 2508,2465 2460,2472"/>
                <Baseline points="2466,2544 2493,2543 2521,2543 2549,2543 2577,2544 2604,2544 2632,2545 2660,2546 2688,2546"/>
                <TextEquiv>
                    <Unicode>für das</Unicode>
                </TextEquiv>
            </TextLine>
            <TextLine id="r2l29" custom="readingOrder {index:28;}">
                <Coords points="2343,2560 2360,2560 2365,2554 2372,2557 2379,2550 2403,2569 2421,2555 2432,2559 2441,2554 2455,2555 2454,2488 2442,2492 2437,2489 2411,2508 2387,2512 2366,2529 2343,2522"/>
                <Baseline points="2349,2544 2382,2546 2415,2545 2448,2544"/>
                <TextEquiv>
                    <Unicode>6</Unicode>
                </TextEquiv>
            </TextLine>
            <TextLine id="r2l30" custom="readingOrder {index:29;}">
                <Coords points="1726,2632 1818,2618 1872,2651 1964,2618 2072,2666 2232,2622 2350,2655 2472,2628 2654,2646 2689,2629 2690,2573 1991,2545 1880,2577 1843,2543 1727,2588"/>
                <Baseline points="1733,2613 1780,2615 1827,2615 1875,2615 1922,2616 1970,2616 2017,2618 2065,2618 2112,2619 2160,2621 2207,2621 2254,2622 2302,2624 2349,2625 2397,2627 2444,2628 2492,2629 2539,2631 2587,2633 2634,2634 2682,2636"/>
                <TextEquiv>
                    <Unicode>andere dann, ist mr Herrn Will</Unicode>
                </TextEquiv>
            </TextLine>
            <TextLine id="r2l31" custom="readingOrder {index:30;}">
                <Coords points="1732,2698 1958,2726 2268,2697 2313,2735 2528,2745 2705,2720 2706,2656 2616,2638 2452,2630 2403,2664 2241,2625 2114,2684 2014,2624 1892,2671 1818,2618 1733,2645"/>
                <Baseline points="1740,2690 1787,2693 1835,2694 1883,2694 1931,2696 1979,2696 2027,2697 2074,2697 2122,2699 2170,2699 2218,2700 2266,2700 2314,2702 2362,2703 2409,2705 2457,2705 2505,2708 2553,2710 2601,2712 2649,2715 2697,2720"/>
                <TextEquiv>
                    <Unicode>daß indeßen, und biß daß diese</Unicode>
                </TextEquiv>
            </TextLine>
            <TextLine id="r2l32" custom="readingOrder {index:31;}">
                <Coords points="1710,2778 1894,2820 2033,2775 2630,2797 2619,2720 2392,2750 2285,2718 2234,2738 2063,2701 1956,2725 1712,2694"/>
                <Baseline points="1718,2766 1763,2768 1808,2770 1853,2772 1898,2772 1944,2774 1989,2775 2034,2775 2079,2775 2124,2775 2170,2777 2215,2777 2260,2778 2305,2778 2350,2780 2396,2781 2441,2783 2486,2785 2531,2788 2576,2791 2622,2795"/>
                <TextEquiv>
                    <Unicode>Rentsch wird können transportirt</Unicode>
                </TextEquiv>
            </TextLine>
            <TextLine id="r2l33" custom="readingOrder {index:32;}">
                <Coords points="1720,2843 1916,2876 2023,2852 2087,2891 2147,2858 2428,2856 2727,2903 2743,2813 2465,2792 2402,2833 2341,2785 2183,2830 2037,2775 1888,2829 1722,2780"/>
                <Baseline points="1727,2841 1777,2843 1827,2844 1877,2846 1928,2847 1978,2847 2028,2849 2079,2849 2129,2850 2179,2851 2230,2852 2280,2853 2330,2855 2380,2856 2431,2859 2481,2861 2531,2865 2582,2869 2632,2874 2682,2879 2733,2885"/>
                <TextEquiv>
                    <Unicode>werden, Selbige an dem Ort ihres</Unicode>
                </TextEquiv>
            </TextLine>
            <TextLine id="r2l34" custom="readingOrder {index:33;}">
                <Coords points="1716,2949 1879,2928 2024,2978 2140,2935 2230,2966 2457,2943 2544,2981 2601,2952 2760,2974 2761,2930 2622,2870 2583,2901 2427,2858 2121,2893 2027,2851 1855,2888 1719,2868"/>
                <Baseline points="1724,2921 1775,2922 1826,2924 1878,2925 1929,2925 1981,2927 2032,2928 2084,2928 2135,2930 2187,2931 2238,2933 2289,2934 2341,2936 2392,2937 2444,2940 2495,2942 2547,2946 2598,2949 2650,2953 2701,2957 2753,2961"/>
                <TextEquiv>
                    <Unicode>gegenwärtigen Aufenthalte ferners</Unicode>
                </TextEquiv>
            </TextLine>
            <TextLine id="r2l35" custom="readingOrder {index:34;}">
                <Coords points="1720,3024 1840,3006 1912,3053 2040,3012 2334,3014 2507,3053 2673,3033 2674,2981 2621,2952 2546,2983 2376,2943 2298,2977 2192,2937 2026,2978 1879,2929 1805,2968 1722,2945"/>
                <Baseline points="1727,3003 1776,3005 1825,3006 1875,3006 1924,3008 1974,3008 2023,3009 2072,3009 2122,3011 2171,3011 2221,3012 2270,3014 2320,3015 2369,3017 2418,3019 2468,3023 2517,3025 2567,3029 2616,3033 2666,3038"/>
                <TextEquiv>
                    <Unicode>hin durch einen Thurn Weibel, oder</Unicode>
                </TextEquiv>
            </TextLine>
            <TextLine id="r2l36" custom="readingOrder {index:35;}">
                <Coords points="1732,3077 1937,3078 1997,3128 2067,3083 2525,3133 2754,3125 2756,3081 2582,3035 2472,3067 2312,3017 2115,3044 2083,3016 2022,3060 1959,3018 1915,3054 1840,3005 1777,3043 1734,3022"/>
                <Baseline points="1739,3071 1789,3074 1839,3076 1890,3078 1940,3080 1991,3081 2041,3083 2091,3084 2142,3086 2192,3087 2243,3089 2293,3090 2343,3092 2394,3094 2444,3096 2495,3099 2545,3101 2595,3105 2646,3108 2696,3112 2747,3117"/>
                <TextEquiv>
                    <Unicode>andere beeydigte Manner wohl be¬</Unicode>
                </TextEquiv>
            </TextLine>
            <TextLine id="r2l37" custom="readingOrder {index:36;}">
                <Coords points="1723,3160 1815,3191 1929,3158 2334,3204 2666,3195 2402,3096 2219,3115 2067,3084 1997,3127 1934,3079 1832,3126 1790,3081 1727,3083"/>
                <Baseline points="1731,3149 1777,3151 1823,3153 1870,3155 1916,3156 1962,3158 2009,3159 2055,3161 2101,3162 2148,3164 2194,3165 2240,3168 2287,3170 2333,3171 2379,3174 2426,3177 2472,3180 2518,3184 2565,3187 2611,3192 2658,3197"/>
                <TextEquiv>
                    <Unicode>wachet und von der geb Amman</Unicode>
                </TextEquiv>
            </TextLine>
            <TextLine id="r2l38" custom="readingOrder {index:37;}">
                <Coords points="1720,3257 1911,3239 1994,3284 2110,3240 2282,3290 2330,3256 2475,3297 2521,3271 2772,3295 2775,3229 2697,3259 2607,3188 2513,3229 2360,3192 2263,3234 2164,3169 1924,3158 1819,3213 1773,3162 1724,3171"/>
                <Baseline points="1728,3227 1779,3229 1831,3231 1883,3233 1935,3236 1987,3237 2039,3239 2090,3242 2142,3244 2194,3246 2246,3249 2298,3251 2350,3255 2402,3258 2453,3261 2505,3265 2557,3269 2609,3273 2661,3277 2713,3282 2765,3288"/>
                <TextEquiv>
                    <Unicode>ihren Umstanden nach besorget auch</Unicode>
                </TextEquiv>
            </TextLine>
            <TextLine id="r2l39" custom="readingOrder {index:38;}">
                <Coords points="1716,3321 1832,3307 1878,3356 2047,3315 2429,3366 2594,3347 2627,3383 2789,3380 2793,3323 2611,3273 2552,3306 2442,3263 2380,3291 2330,3256 2253,3306 2110,3240 2032,3289 1779,3233 1720,3257"/>
                <Baseline points="1724,3303 1779,3305 1835,3308 1891,3309 1946,3312 2002,3314 2058,3317 2114,3320 2169,3321 2225,3324 2281,3328 2337,3332 2392,3335 2448,3339 2504,3342 2560,3347 2615,3353 2671,3358 2727,3363 2783,3369"/>
                <TextEquiv>
                    <Unicode>fleißig geachtet werde, daß derselben</Unicode>
                </TextEquiv>
            </TextLine>
            <TextLine id="r2l40" custom="readingOrder {index:39;}">
                <Coords points="1726,3391 1928,3418 1995,3387 2122,3432 2292,3410 2327,3450 2406,3416 2779,3470 2785,3383 2678,3394 2593,3347 2362,3384 2293,3327 2244,3354 2046,3315 1923,3355 1832,3308 1729,3335"/>
                <Baseline points="1733,3377 1785,3378 1837,3380 1889,3383 1941,3384 1993,3387 2045,3390 2097,3394 2149,3396 2201,3399 2253,3404 2305,3407 2357,3411 2409,3414 2461,3419 2513,3423 2565,3427 2617,3430 2669,3435 2721,3440 2774,3444"/>
                <TextEquiv>
                    <Unicode>nichts nachtheilliges dargereichet werde.</Unicode>
                </TextEquiv>
            </TextLine>
            <TextLine id="r2l41" custom="readingOrder {index:40;}">
                <Coords points="1790,3482 1799,3479 1805,3483 1811,3480 1832,3484 1847,3476 1864,3474 1860,3391 1848,3388 1844,3393 1840,3389 1836,3393 1823,3395 1820,3392 1815,3397 1808,3394 1802,3398 1797,3394 1786,3394"/>
                <Baseline points="1796,3467 1826,3468 1856,3464"/>
                <TextEquiv>
                    <Unicode>.</Unicode>
                </TextEquiv>
            </TextLine>
            <TextLine id="r2l42" custom="readingOrder {index:41;}">
                <Coords points="1870,3475 2003,3506 2076,3474 2263,3482 2508,3534 2596,3510 2659,3563 2730,3533 2735,3464 2664,3499 2481,3422 2258,3450 2173,3402 2112,3434 1991,3387 1874,3407"/>
                <Baseline points="1878,3461 1920,3463 1962,3465 2004,3467 2047,3469 2089,3472 2131,3474 2174,3477 2216,3480 2258,3482 2301,3486 2343,3489 2385,3492 2427,3496 2470,3500 2512,3503 2554,3506 2597,3510 2639,3513 2681,3517 2724,3521"/>
                <TextEquiv>
                    <Unicode>Endlichen dann, werdet Ihr auch</Unicode>
                </TextEquiv>
            </TextLine>
            <TextLine id="r2l43" custom="readingOrder {index:42;}">
                <Coords points="1721,3545 1949,3588 2096,3558 2281,3617 2492,3585 2655,3635 2744,3620 2751,3539 2593,3566 2263,3482 2159,3535 1967,3499 1866,3520 1779,3444 1729,3449"/>
                <Baseline points="1730,3522 1780,3527 1830,3532 1881,3537 1931,3542 1982,3545 2032,3548 2082,3551 2133,3554 2183,3556 2234,3559 2284,3562 2334,3565 2385,3569 2435,3573 2486,3578 2536,3583 2586,3588 2637,3594 2687,3601 2738,3609"/>
                <TextEquiv>
                    <Unicode>die aufgenommene Informationen zu</Unicode>
                </TextEquiv>
            </TextLine>
            <TextLine id="r2l44" custom="readingOrder {index:43;}">
                <Coords points="2344,3660 2412,3684 2448,3662 2521,3679 2621,3678 2673,3705 2723,3693 2727,3654 2647,3653 2598,3617 2577,3626 2552,3600 2492,3585 2409,3606 2354,3568"/>
                <Baseline points="2352,3650 2378,3651 2404,3653 2430,3654 2456,3656 2482,3660 2508,3662 2534,3665 2560,3667 2586,3671 2612,3674 2638,3677 2664,3681 2690,3684 2717,3687"/>
                <TextEquiv>
                    <Unicode>vervollkommen etc.</Unicode>
                </TextEquiv>
            </TextLine>
            <TextEquiv>
                <Unicode>343.
Spannung
verdigen laßen.
and allen Umständen sich nur allzu¬
sehr vermuten laßet, daß diesere
Reuch in dem leidigen Casu einer
Kinds Mörderin sich befindet;
Als werdet Ihr Herr Vice Groß¬
Weibel und Herr Gricht Schreiber
auch auf diesem Fuß gegen dieselbe
verfahren, dan̄ethin die Anstalt
vorzukehren, daß so bald immer mög¬
rlich, und die Umständ, worinn sie
sich befindt, so wohl als die Witterung
es zugeben werden, dieselbige auf
einem Branquard oder andere
gutfindende Weid, wohl eingemacht, in
hiesigen Spittahl transportiert, da
selbsten zu sicherer und sorgfältiger
Pfleg in das gewohnte Zimmer über¬
geben, und daselbs biß nach geendeten
Wochen enthalten werde, da dann nach
deren Auslauf Ihr solche, üblicher
maßen in die Obere Gefangen
eschaft führen laßen, und hernach das
übliche Examen mit ihra vornemmen
werdet, für das einte.
für das
6
andere dann, ist mr Herrn Will
daß indeßen, und biß daß diese
Rentsch wird können transportirt
werden, Selbige an dem Ort ihres
gegenwärtigen Aufenthalte ferners
hin durch einen Thurn Weibel, oder
andere beeydigte Manner wohl be¬
wachet und von der geb Amman
ihren Umstanden nach besorget auch
fleißig geachtet werde, daß derselben
nichts nachtheilliges dargereichet werde.
.
Endlichen dann, werdet Ihr auch
die aufgenommene Informationen zu
vervollkommen etc.</Unicode>
            </TextEquiv>
        </TextRegion>
    </Page>
</PcGts>
