3024 4032
273 259 417 346 1504
327 401 461 530 Gr.
338 579 424 664 24.
273 894 430 1031 Fr.
279 1572 388 1792 A.
264 2011 409 2163 Dr.
288 2252 389 2329 2.
280 2328 411 2468 Fr.
299 2528 379 2624 2.
278 2695 421 2853 S
285 2895 404 3009 2.
269 3143 403 3244 S.
328 3261 365 3306 .
271 3302 383 3389 2.
249 3397 381 3502 Dr.
492 394 1459 534 Er habe doch verschiedene paar Strumpf davon
482 463 742 589 getragen.
494 551 1466 708 Er habe sie für die seinigen angestehen, anbey
483 652 1447 774 habe sein Weib für Leüth gebaschen, da er
493 728 1467 870 oftmahls viele dergleichen Strumpf zu Baschen
493 798 708 918 bekommen
484 915 1461 1053 Es seye ganz unwahr scheinlich, daß Er von diesem
489 986 1500 1124 Strümpf - Diebstahl in sonderheit keine gebracht,
487 1070 1493 1192 schaft gehabt habe, zumahlen sein Weib ihm als eine
473 1147 1448 1241 diebin bekant gewesen, seine Muter ihm den
468 1209 1433 1336 verdacht gegen sein weib entnebet. Er von
473 1294 1482 1384 gleicher Waar selbst getragen- und noch ein neüe
473 1361 1479 1474 paar Strümpf und eine Kappen auf der Lauten
472 1446 1454 1546 gefunden, die Er selbst in sein eigenen Tröglin
466 1513 1484 1623 zu seinen schriften verwahret. Dieses alles zeüge
471 1592 941 1698 offenbar wieder ihne.
467 1702 1469 1816 deßen ohngeacht versichere er von diesem und
1059 1787 1472 1905 Wißenschaft, mehr
464 1794 1058 1902 anderen diebstählen keine
1034 1876 1452 1975 Man solle ihm sein
458 1860 988 1957 noch Antheil zu haben.
452 1933 1163 2061 Weib unter die Augen stellen:
442 2021 1465 2161 So wolle Er also an dem Diebstahl im Moren,
455 2140 1456 2246 gang weder Antheil noch Wißenschaft haben.
452 2220 1387 2365 ja, darauf beharre er mit aller wahrheit.
457 2348 1468 2469 Ob ihm von dem diebstahl bey der Frau von
442 2447 1160 2549 Wattenwyl nichts bekant seye?
442 2516 1483 2652 Nein, außert, daß er von seinem Weib vernommen,
462 2622 1426 2735 man traue diesen diebstahl der Hagelstring.
448 2716 1469 2869 Er werde doch solche wohl in seiner Wohnung tröken
442 2834 766 2919 gestehen haben.
438 2890 1435 3045 Sein weib seye eine Warscherin, und habe allzeit
454 3021 1001 3118 kostbares Zeüg gewaschen.
451 3133 1444 3265 Ob ihm von allen übrigen wieder sein Weib ge¬
469 3214 1382 3344 klagten diebstählen nichts bekant seye.
428 3321 984 3441 Nein, nicht das geringste.
440 3413 1183 3520 Ob er diese Seiffen Rugeln kenne.
2701 234 2858 339 605.
1578 367 2833 579 A. Ja, seyen diejenigen, die ihme ein Herr von Luzern
1667 497 2167 637 zu Verrieres gegeben.
1684 550 2774 734 Gewas Qualitaet Er mit diesem Herrn gereißet:
1560 666 1680 769 Gr.
1685 682 2836 827 Er habe verschiedene Reisen mit ihme gemacht. Als
1583 772 1648 844 A.
1682 758 2839 892 Freymahl nach Genf, und zweymahl nach Pontarlier,
1693 836 2808 959 habe ihm Gestellschaft gehalten, und darfür habe Er
1675 914 2273 1047 ihm seinen taglohn bezahlt.
1687 992 2814 1133 Ob Er keine entwendten Sachen auf seinen Riesen
1578 1063 1677 1181 Je
1678 1119 1903 1207 verkauft.
1680 1239 1834 1332 Mein
1568 1211 1643 1322 4.
1675 1243 2642 1425 Diffet um eine geliedere Gefangenschaft.
1875 1350 2635 1498 Also abgelesen und bestäthiget.
1668 1456 2726 1581 Actum in der oberen Gefangenschaft durch
1674 1553 2757 1672 Metzger. Rahts Herrn Mittach mit Zuziehung
1665 1604 2738 1746 Meine gnädige Herrn Herrn Großweibel Bruners und
1672 1685 2724 1787 Herrn Gricht Schreiber Manueld. Ind
1659 1776 2544 1874 Morgend den 26ten Augusti 1765.
1591 2087 2770 2255 achdeme auf heute den 16ten Sept.
1656 2192 2677 2295 1765. die Criminal Procedur der
1653 2266 2765 2385 Mariana Düsren Mengeren
1666 2310 2781 2446 und Oberen Räth und Burger zur
1653 2393 2786 2517 Beurtheillung vorgetragen und abge¬
1667 2469 2805 2608 lesen worden, würde auf beschehene
1668 2532 2790 2691 verfrag, wegen der von der Delinquen¬
1653 2608 2787 2775 tin den 9ten diß Monats vorgege¬
1666 2663 2779 2830 benen Schwängerschafft, welche aber
1669 2756 2791 2901 von denen herren Expertis dem Medico
1664 2808 2665 2967 und Chirurgo nicht habe erkennet
1668 2890 2713 3053 werden mögen, ob dennoch mit der
1662 2964 2762 3125 Urtheil dißmal fort gefahren- oder
1671 3041 2737 3218 selbige biß zu sicherer Erfahrung
1670 3112 2772 3288 dieser vorgegebenen Schwängerschafft
1673 3179 2704 3355 verschoben werden solle? bist
1661 3236 2768 3427 an zwey stimmen einhälig erkent.
1662 3337 2786 3503 Wteilen ungebuß, ob der Delinquerten
