3024 4032
129 137 233 238 134.
343 302 1380 524 in 2 Rethen a parte zu beyden seiten,
339 401 1379 616 der Stuben gelegen, deß Meistern
337 498 1374 704 Rath seye, neben der Thür deß gebenden
338 602 1393 800 stüblind, alles die Jungfrau geschloßen
334 672 780 818 gestanden.
310 818 1380 1047 Der Meister und seine Frau haben
331 957 1348 1118 in zimmlicher Einigkeit mit ein
323 1043 1361 1222 andern gelebet, und obwohlen
296 1128 1350 1307 die Meisterin die Jungfrau
300 1244 1357 1408 gerne auß dem Hauß geschaffet
297 1335 1328 1509 hätte, so seye doch deß halber
304 1437 1353 1604 kein streit zwüschen ihnen mit¬
279 1538 1375 1688 standen. Anjezo sage Sie, Ac¬
298 1626 1342 1781 hätte Er mir doch gefolget, und das
280 1742 1295 1890 mentsch auß dem hauß geschikt.
280 1843 1325 1994 Und Übrigens habe Er bemerket,
274 1940 1319 2099 die Meisterin förchte und ge¬
287 2047 1331 2185 trauwe, Ihr Man̄ seye der Vatter
276 2124 661 2275 deß Kinds.
278 2266 1327 2398 Mehrers wüße Er hierüber nichts
269 2355 1281 2487 zusagen, abgelesen und be¬
264 2442 781 2590 stächtiget.
265 2712 1311 2858 Elsbeth Schmidli, ein lediges
154 2744 234 2839 3
240 2827 1293 2959 Mentsch ohngefehrd 36. Jahr alt,
253 2921 1296 3074 im Klapf der Kirchhöri Herzensee
521 3059 641 3143 .
239 3024 520 3143 Wohnhafft
41 3163 495 3349 Sagt Auß¬
234 3291 1316 3430 Alles Was es von diesen leydigen
230 3393 1340 3525 Sachen wüße, bestehe in folgendem
1106 3493 1299 3615 Nach¬
2577 318 2683 391 135
1612 387 2655 559 Nach deme die Anna Schlappach all¬
1604 501 2609 650 bereits nach Kilchdorff geführt
1608 584 2632 720 worden, und das gerücht von der Her¬
1594 679 2609 818 gangenheit schon unter allen leüthen
1601 765 2652 897 erschallen; so seye es auch also bald dort¬
1591 854 2666 979 hingegangen, sintemahlen die Elende
1604 940 2655 1067 An̄a Schlappach, seiner Schwester Tochter
1595 1023 2540 1152 und Ihra Deponentin lieb seye.
1598 1096 2659 1238 Auf dortiges ankommen, habe es die
1606 1195 2620 1332 Schlappach zu red gestoßen, so ihro
1595 1273 2671 1397 berennet, es habe ein Kind bekommen,
1594 1362 2658 1494 Auf befragen, wer der Vater darzu
1588 1448 2654 1588 seye? Antwortete Er. Er der Meister,
1595 1542 2645 1674 Deponentin fragte Weiters, wo das
1583 1631 2634 1767 Kind seye? Antwortete, Es habe
1592 1718 2636 1854 das Kind in ein kumpen einge¬
1589 1796 2636 1935 leiret, und im Hinteren Keller
1579 1887 2626 1992 in ein Melchteren, unter ein
1579 1975 2650 2120 Büli gethan, darauff die Schlappach
1582 2059 2664 2186 Ihr ein Schlüßel zu einem anderen
1590 2139 2642 2283 Keller in deß Sprins hauß übergeben,
1582 2213 2646 2351 Namlich zu dem Keller unter dem
1570 2302 2637 2445 Spycher, es seyen der Kelleren
1582 2393 2641 2524 drey, und der Ludwigspring habe
1564 2480 2647 2631 die anderen Schlüßel selbsten ge¬
1583 2560 2622 2699 habt, und hiemit auch zu dem
1577 2659 2625 2807 jenigen Keller, allwo das Kind
1573 2757 1926 2866 gelegen.
1578 2808 2575 2929 Als es nun deßselbigen Tags
1579 2904 2581 3040 gleich von Kilchdorff hinweg auf¬
1576 2995 2638 3124 Eggenhorn gewesen, um diesen
1572 3082 2616 3214 Schlüßel zu übergeben, habe es
1564 3161 2644 3296 den Ludwig Spring bey dem Brunnen
1582 3231 2651 3391 angetroffen, der Ihns gefragt, wie
1570 3325 2643 3456 Es gehe, darauf es geantwortet
2455 3453 2640 3552 Übel
