3024 4032
234 255 354 364 196.
721 258 912 371 Veter
428 343 1437 562 Ihne angehalten, zu Toden geworden
434 457 1428 611 und um halß gerüsten, da dann
404 536 1386 698 kint und andere von denen Nach¬
412 624 1307 756 gbahren auch herbey gekommen
410 702 1339 851 und den Anleiber aller erst vor
400 790 1339 923 dem hauß- und nachwerts in
398 876 1357 1018 deß Streits Stuben verwahren
391 951 1382 1138 geholffen, biß er diesen Morgen
387 1055 1362 1235 nach dern gefurth werden. In
380 1148 1389 1300 bedeüter Stuben habe der Anleiber
357 1258 1360 1398 gesagt, der Schuß habe den Lezen
373 1334 1397 1515 getroffen, ohne sich weiters darüber
367 1435 790 1557 zu erklären.
907 1460 1324 1603 beye alles was
354 1547 816 1680 Ihme in wißen
815 1517 862 1658 d
423 1686 1128 1843 Endeten ihre Außagen
398 1823 1238 1980 Abgelesen und bestätiget
349 1975 1382 2128 Actum ut supra die 15. tn Aug. 1760.
1967 329 2253 446 Anlichen
2601 349 2703 443 195.
1652 450 2603 596 Relatio Medico Chirurgica
1628 548 2722 662 Auf Befehl und in Beÿseÿn der WohlEdel¬
1631 603 2692 756 gebohrnen und HochgeEhrten Herren, Herrn
1625 690 2614 836 Großweibel Capelhoffer und Herrn
1627 758 2616 890 Grichtschreiber Sturler etc. haben Wie
1637 864 2672 1009 endts unterschriebene heute die 15 Augl. 1760.
1648 938 2675 1067 Nachmittags nach 3. Uhr zu Schwerlin der
1628 1024 2683 1167 Halden den leichnahm des Ullrich zuenders
1639 1102 2668 1228 eines Manns von etlich und 30. Jahren
1640 1185 2685 1335 alters, besichtiget und eröffnete Wir fanden
1617 1272 2659 1398 sten in dem Angesicht an der Oberen
1630 1345 2616 1449 Reffte des Sundes lieber Seits, wie
1625 1435 2623 1550 auch anfangs der Linten Tacke, nahe
1616 1503 2667 1633 bey der Stahe, einige kleine Contusionen
1625 1577 2610 1691 und Verwundungen, oder Ecaritures,
1625 1658 2684 1783 so vermutlich von dem nach empfangenem
1622 1733 2584 1870 Schuß gethanen fall aufs angesicht
1619 1817 1938 1899 entstanden.
1606 1882 2578 1977 9tens handen Wir die linte Seite der
1617 1961 2614 2094 drust, von der Ersten biß an die 5 te
1612 2034 2596 2177 Rippe, von oben gezehlet, von einem
1615 2124 2593 2254 Schuß Klegerner Amstel-Schröten
1612 2218 2568 2335 ganz durchlachert, nach abgenommener
1610 2302 2655 2403 Hauth und Muschen sahen wir das Brust
1611 2367 2572 2502 Stein, die 2. 3. und 2 Rippe, die
1613 2455 2646 2584 Muschen zwischen den Rippen, das Rippen
1612 2541 2653 2663 fehl, die Einte Lunge, das Herz fehl, das
1604 2625 2673 2756 Herte Selbsten mit seinen auricatis samt
1607 2698 2614 2842 denen grösten Klut gefäßen, so auß
1588 2782 2607 2924 dem Herzen entspringen, von diesen
1609 2874 2658 3002 Schroten ganz durchtrungen, woraus dan̄
1593 2946 2620 3077 entstanden, daß so wohl das Herz fehl
1609 3037 2554 3143 oder Herz Back als auch die Höhle der
1597 3119 2638 3257 Lincken drust ganz mit Blut angefüllet
1602 3201 2547 3332 waren. Die übrige Oberfläche des
1594 3288 2604 3421 Leibs, auch eingewerde der Brust und
1591 3360 2571 3488 deß Bauches waren in naturlichem
1590 3439 1856 3563 zustande.
2446 3533 2623 3664 auß.
