3024 4032
306 68 420 148 58.
423 240 1525 471 Inquisit von den ersten zehen Krauhere
452 319 1525 555 auch bey einem Thaler in Jettons entwerden
460 415 1508 610 und selbe dem Hans Moser, welches damal
443 483 1496 695 bey dem Prägstock gearbeitet, übergeben
431 576 1538 799 der Sie gleichfalls gegen geprägte vertausen
442 661 1184 801 und mit ihme getheillet.
431 737 1519 950 dieses seye nun alles, was er noch auf seinem
419 838 1461 995 gewißen gehabt, und zu offenbahren
422 924 1480 1068 begehret. Er habe aber, damit dem
404 1001 1458 1170 Moster kein unrecht geschehe, seither
417 1101 1485 1256 nachgedencket, wie es mit denen entwente
412 1192 1454 1351 alten Funf Jochen Stucken zugegangen
415 1302 1408 1435 seye, da er sich nicht mehr wohl zu
406 1400 1478 1523 erinneren wiße, ob er ieg. den Moser¬
394 1462 1474 1631 oder derselbe Ihne darzu verleitet, und
396 1584 1452 1728 welches zu erst darvon geredet. Wohl aber
377 1670 1467 1833 ersinne er sich, daß er inq. zu entwendung
385 1766 1460 1911 der Schrötlingen sich nicht habe gebrauchen
388 1849 1420 1998 laßen wollen, welches darauf der
379 1964 1060 2088 Möster unternommen.
220 2124 374 2249 Predig.
379 2113 1433 2262 Wann er zum ersten mahl untreu¬
373 2221 660 2331 worden?
224 2360 1387 2513 Antl. Er habe sich zu erst an den halben
362 2466 1430 2606 dazen mit vorwißen deß Speichsver¬
348 2550 640 2693 griffen.
210 2713 348 2861 lung
382 2715 1422 2842 Ob ihme nicht in wißen seye, daß
350 2796 1402 2945 der Speich auch für sich allein etwas
346 2891 705 2998 entwendet?
195 3043 341 3146 Antw
379 3036 1377 3199 Wein, es seye ihme nichts bekant¬
390 3152 1432 3308 Ob er niemalen Silber Geschier aus¬
198 3187 343 3311 Brag
400 3266 622 3338 Rathhaus.
338 3289 1385 3416 dem Gewölb in die Münz getragen.
191 3402 1304 3574 ants. Ja. zu verschiedenen mahlen.
1592 1533 1700 1683 brag
1584 1845 1702 1941 Elect. 2.
1604 410 1719 553 Suay
1599 681 1729 787 Antw
2770 30 2875 164 19
1723 219 2824 506 Es werde aus besonderem hohen Befelch
1748 290 2865 604 befragt, zu sagen, ob er darvon nichts
1739 526 2038 653 entwercket.
1758 525 2922 787 Er dörffe bey seinem Gewißen versicheren
1736 622 2855 854 daß er darvon nichts veruntreuet. Er
1741 744 2918 938 hätte solches nur nicht thun können, zumalen
1745 812 2911 1018 er nie allein gewesen, und der H. Müller¬
1745 884 2876 1098 ihme in dem Gewalt das Silber Geschier¬
1749 980 2900 1172 in einen Sack gethan und verbunden, welchen
1735 1071 2777 1273 er alsobald in begleit anderen in die
1720 1144 2848 1342 Wbuch getragen, und dem H. Jenner zu
1934 1258 2845 1461 Er bezeüge, daß er damal nur
1724 1325 1935 1437 gestelt.
1734 1383 2731 1564 keine gedancken zum stählen gehabt
1749 1507 2855 1628 ob er nun alles bekennet, was er in der
1731 1612 2879 1734 gantzen Zeit, als er in der Sunt fabrication
1720 1700 2456 1816 gearbeitet, veruntreuet?
1730 1836 2821 1968 Er betheure, daß er alle seine untreue
1706 1927 2870 2045 handlungen, so er in der Münz verubet,
1710 1992 2855 2156 gegenwärtig an den Tag gegeben. Wann
1714 2116 2750 2225 er noch was weiters gethan, so wolte er
1706 2189 2769 2329 solches sicherlich bekennen, indemeer
1711 2305 2861 2473 wohl gestühre, daß wegen seinem großen
1703 2420 2757 2576 verbrechen, sein Lebens Ende nahe
1692 2496 1849 2633 seyn.
1707 2618 2793 2811 Sätte also eine hohe Oberkeit um eine
1685 2727 2156 2874 Gnädige Urtheil.
1709 2909 2512 3073 abgelesen und bestätiget.
1741 3017 2759 3283 act. den 26ten Aprilis 1759.
