3024 4032
258 266 367 340 180.
406 357 1371 516 angemahnt worden, auf Sie zu
407 473 1353 617 Achten, seye ihme aber gantz
394 559 1392 711 und gar nüt bekant, daß Sie
397 635 1372 812 kindbeterin worden, noch daß
398 737 1142 854 Die Schwänger gewesen.
395 938 1367 1116 zeyde Inquisiten, nach denn Ihnen
387 1045 1378 1198 Ihre diß ortige vergichten Wört¬
385 1143 1392 1308 lich abgelesen worden, bestätigten
370 1198 1371 1336 solche von Wort zu Wort, und
365 1272 1386 1423 der Spring bezeügte, eine Reus wegen Host¬
368 1338 921 1425 nawigem ablaugnen
450 1380 1243 1508 beyde hatten Ein Hohe Oberkeit
597 1474 1241 1627 ein Gnädige Urtheil.
305 1614 1335 1802 Demnach wurden beyde wider
363 1735 1075 1884 an Ihr ort geführt
338 1888 1339 2072 Actum in der Oberen Gefan¬
313 2020 1329 2161 egenschafft den 2ten Juny 1760
2580 363 2679 450 181.
1839 328 2158 444 Urtheil
1582 406 2638 568 W. Schultheiß, Klein und
1607 510 2666 628 Große Raht der Stadt und Respublic
1622 588 2674 736 Bepre, Urkunden hiermit, als dann
1621 668 2660 817 Wir heute bey Erden verstandet, Unß
1619 777 2670 892 vortragen laßen, die Criminal Procedur
1621 833 2654 986 und Vergicht, der gegenwärtig allhier
1616 943 2675 1053 vor Gericht gestellten zwey Übelthäte,
1595 1010 2614 1160 eren mit Nahmen Ludwig Spring
1615 1094 2665 1217 von Eggenhorn, aus der Kirchhöre Kilch¬
1583 1167 2648 1294 dorff, und Anna Schlappach end¬
1610 1253 2656 1394 der Herrschafft Dießbach gebührtig, sein
1595 1331 2665 1468 deß Ludwig, Springs gewesene rienst Magd
1591 1412 2634 1551 daraus wir dann höchst mißfällig und
1621 1503 2598 1623 bedaurlich zu vernemmen gehabt
1604 1564 2607 1688 Welcher gestalten diese zwey elende
1597 1637 2634 1759 Sbentschen bekantlich werden müßen,
1598 1736 2638 1843 in unreiner unkensch ja Ehebre¬
1579 1799 2619 1936 scherischer fleischlicher Gemeinschafft
1595 1881 2643 2005 gelebet und sich vertraget zu haben
1597 1953 2600 2079 also daß die Schlappach Schwänger
2050 2035 2574 2151 Worauf Sie beyde
1583 2047 1930 2148 geworden.
1573 2114 2578 2240 zugleich sothane Schwängerschafft,
1590 2191 2667 2311 nicht nur vorsezlicher weis verschwigen.
1597 2282 2603 2395 und geheim gehalten, sonderen auf
1595 2351 2646 2492 beschehene Zumutung solche Greffent¬
1570 2452 2586 2571 rlich abgelaugnet. Endlichen aber
1592 2516 2643 2657 in beyseits sezung aller Menschlich¬
1567 2601 2652 2727 keit, bey erfolgter Genißt, so Frey¬
1569 2681 2617 2802 Tags den 18ten Aprill letzthin in der
1586 2754 2584 2881 Nacht beschehen, ihr unschuldiges mit
1588 2839 2566 2967 einander erzeugtes Lebendig zur
1581 2914 2580 3034 Welt gebohrnes Kind, alsobald am
1583 2998 2618 3133 kopff und hals gewaltsamm biß auf
1582 3070 2548 3215 den Tod getrucket, und auf diese
1579 3162 2415 3309 weis grausamlich Ermordet
1589 3306 2614 3431 Wann Wie nun von Gott dem Aller
1567 3396 2572 3538 höchsten Regenten, das Weltliche
2332 3492 2614 3600 Achwerdt etc.
