3024 4032
222 304 374 440 270.
439 330 1379 509 sie solchen auf einen Stuhl geselet, das
427 426 1339 564 Surch Zahl und den Roht, auch die C. v.
415 506 1364 663 Schuhe ausgezogen, und ihne darnach auf
416 582 1339 717 das Roll Rath geleget, allezeit glau¬
396 667 1353 821 bend, das Anglich sage nicht so groß¬
400 748 1320 901 Seyen darauf begg gegangen, und der
421 830 1311 973 Freyburghauß und Er Depl. haben
404 907 1346 1059 einander vor dem Hauß verlaßen,
401 983 1283 1135 da der Erste nach Wäberen, und er
377 1069 1323 1222 Depl. sich auch heim begeben. Diesen
387 1157 1268 1281 Morgen um 4. Uhr seye er in
385 1246 1248 1371 vorbey gang zu deß Burgis hauß
376 1320 1271 1445 gewesen, um zuschauen, wie er eine
368 1384 1303 1519 Nacht gehabt, und ob er mit ihme auf
364 1464 1299 1592 die Arbeit gehen könne. Weilen die
363 1536 1274 1697 Hauß thur offen gewesen, seyn er
355 1625 1292 1768 gleich in die Stuben gegangen, habe
357 1702 1270 1830 einen guten tag gewünschet, und wie
364 1780 1308 1890 der Burge nichts geantwortet, habe
355 1851 1323 1995 er sich zu dem Beth genäheret, und da
340 1934 1257 2082 Er keine Bewegung von sich gegeben,
344 2001 1268 2127 habe er den Man̄ an dem Schenkel
343 2072 1334 2218 und Arm berühret, und so gleich gesehen,
333 2144 1278 2286 daß er stare von seye, welches er dem
325 2221 1236 2370 Weib, so noch in dem oberen Dett
320 2313 1298 2461 gelegen, alsobald angekündet, die da¬
320 2391 1322 2543 erüber zimlich erschroken und gesammeret,
331 2474 1251 2627 darauf er gegen die Stadt zu, auf
333 2547 1280 2689 die Arbeit gegangen, habe dem De¬
328 2629 1283 2786 shießer Gesell erzählet, was schlechte
318 2699 1286 2836 Racht zugetragen, welcher ihm geraten,
318 2768 1263 2929 solches zu seiner Entladnuß dem Hohen
318 2846 1209 3029 Richter anzuzeigen, so Er auch ohne
327 2926 704 3072 Verzug gethan.
147 3022 288 3178 frag
322 3023 1316 3261 Wer die Indiene Truker Gesellen gebest
129 3192 1254 3393 Antl. Er kenne nur eines dem Nahmen nach,
991 3355 1234 3494 namste etc.
2466 300 2606 387 271.
1569 372 2578 530 Ramse sich Christen, die anderen diese
1580 471 2580 613 aber kenne er weiters nicht als von sehen
1574 619 2559 756 Welcher von denselben ihme, und dem
1397 658 1556 778 frag
1570 706 2374 845 Königer die Streichen versehet:
1576 868 2553 1001 Er hätte selbigen nicht gekennet, wann er
1405 883 1564 1016 Antb.
1573 954 2584 1087 nricht selbst heüt auf dem Rahtshauß be¬
1564 1035 2546 1183 ekennet, ihne auf das Aug geschlagen zu
1557 1137 2548 1259 haben, seither habe Er vernommen, er
1563 1196 1933 1332 heiße frobst.
1558 1319 2472 1453 Obäußert denen Vier Indiene
1390 1359 1549 1501 Frag
1563 1435 2574 1558 Trukeren und dem alten Baurs Mann,
1564 1511 2552 1642 sonst niemand mehr in deß H. von
1551 1607 2542 1709 Satels Keller gestern Abend ge¬
1539 1660 2554 1787 trunken, oder sonst dazu gegen ge¬
1562 1753 1739 1866 wesen.
1562 1835 2584 2030 erbüße niemand, außert, daß deß H
1402 1896 1530 1995 etb.
1592 1955 2517 2086 von Tatels Knecht zu der Zeit, als
1549 2025 2588 2168 der Freyburg Hanß unter dem Schopff
1549 2125 2565 2244 den ersten Streich empfangen, neben
1533 2188 2558 2340 ihme gestanden, und ihne Depl. ge¬
1538 2268 2560 2417 fraget, was Sie da machen. Dene
1533 2349 2569 2477 Er geantwortet, es seye nicht männerlich,
1539 2437 2485 2556 also tractiert zu werden, sie begehren
1537 2515 2537 2656 keine Händel noch Unglück. Darauf
1552 2584 2561 2715 seye der Knecht wegg gegangen, wel¬
1549 2663 2538 2806 schen er Depr. beder zuvor, noch her¬
1542 2734 2556 2863 nach seines wüßens nimmermehr ge¬
1553 2827 1720 2948 sehen
1380 2940 2535 3101 Frage, Ob sie von verschiedenen Männeren an¬
1537 3047 2029 3180 gegriffen worden.
1376 3153 1536 3292 Antb
1561 3163 2552 3339 dahr Desal. und der Königer geschlagen
1546 3283 2477 3413 worden, habe er nur einen gesehen, bo
2320 3377 2506 3485 aber etc.
