3024 4032
262 245 394 344 203
342 1824 400 1936 2.
344 1307 418 1463 2.
467 309 1309 487 zweytes Examen¬
482 414 1420 573 und Johann Oeten Aulichen
478 510 1418 650 durch Meine gnädigen Herren einlicher Fischer, als
464 582 1382 740 lauth obigen besolchs von MnGHH.
455 668 1466 830 wohlverordneten Ober Saaminatoren
448 772 1459 900 Rebst MnGHH. Gros Weibel und Gerichtschete
447 837 775 969 verführt St.
443 926 1421 1067 Nach einer vorhergegangenen ernstl.
446 1017 1423 1146 und auf die umstand gerichteten
440 1086 1421 1258 anred und Vermahnung, ist der Deling
430 1172 1310 1320 folgender maßen befragt worden
1369 1260 1418 1315 .
437 1304 1398 1464 da wie es scheine. Er Seul und beyd
429 1411 1434 1543 über seinen großen fehler und verbrechen
416 1503 1406 1635 verspühre, so solle es wann sein herr
410 1572 1402 1738 aufrichtig, seine That offenherzig
407 1675 881 1798 an tag legen.
412 1795 1312 1942 Es wolle gewüß nichts verhalen
391 1890 1377 2024 müße vor kummer über sein unglück
379 1969 1377 2110 vast verschmachten habe albereits
388 2058 1419 2193 im ersten Examine die völlige Wahrheit
383 2148 1371 2245 über alles außgesagt, und beharre
359 2230 1164 2347 darauff von wort zu wort.
366 2347 1402 2506 Hierauff wiederholte der Delinquent
353 2489 1393 2584 seine ersteren Außaagen, von puncten
358 2533 1383 2676 zu puncten, mit dieser beyläufigen
358 2623 1352 2745 erläuterung, daß da er vor dem
350 2720 1351 2853 Haus außen gerufen, um herein
359 2809 1270 2916 in des Haus zu kommen, und
356 2887 1331 3004 denoch ihme niemand bescheid
340 2969 1367 3093 geben wollen, habe er der Hand frauw
341 3065 1340 3165 . Näml. deß Bendicht Schnabels Weib,
342 3136 1361 3243 so unter deß Delinquenten gemach, wozu
322 3217 1354 3316 hafft, vnd annoch ein liecht hätte
338 3288 1354 3415 gerufen, welche unter die Hand thur
1003 3430 1323 3525 gekommen.
2648 379 2738 493 8
1685 473 2704 595 gekommen, da er ihr angehalten, sie solle
1684 533 2689 669 von ihrer Stuben (: durch das loch so auff
1681 616 2676 738 dem offen in der Thile) in sein Delingst
1677 691 2671 817 gemach steigen, ihme auf machen und
1684 768 2678 898 ein liecht anzunden. Diese Hand fol.
1672 843 2631 996 habe ihne aber bey einer halben stund
1683 913 2691 1082 lange worten laßen, und weder auf¬
1666 1004 2658 1141 gemacht noch liecht gegeben, worüber
1679 1094 2716 1235 er jez mehr und mehr von Zorn eingenommen,
1664 1168 2625 1314 auf sein golderen, seyen zwey Männer
1672 1248 2685 1362 in die Hostatt gekommen, darvon einer
1659 1305 2688 1437 der Ulli Streitt gewesen, so ihme zu¬
1656 1389 2580 1541 geredet und zum frieden und zur
1665 1485 2661 1603 olche vermahnet; habe geantwortet,
1657 1569 2644 1677 Sie sehen wohl, man wolle ihme nicht
1655 1625 2671 1771 auf thun, ob er dann auf der Gaßen
1660 1723 2695 1840 übernachten solle? Worauff er ihnen
1654 1793 2700 1929 ganz wohlmeinen zu trincken angeboten
1641 1888 2640 2017 so sie abgeschlagen, da sie hierauff
1653 1969 2673 2082 einander eine gute Nacht gewünschet
1648 2061 2670 2184 Er aber noch allezeit auß beschloßen
1648 2147 2664 2254 verblieben, seye er gantz Göring auff
1636 2210 2649 2319 die Lauben gewesen, und habe die
1639 2289 2673 2413 Fenster gegen dem Baden eingeschlagen,
1645 2368 2646 2501 als er nun durch das eingeschlagene
1630 2465 2622 2566 Fenster herein gestigen, habe er nicht
1634 2544 2652 2679 nur sein Weib nicht angetroffen,
1633 2625 2661 2744 sondern befunden, daß auch das
1628 2719 2515 2832 Betth fort genommen worden
1631 2803 2679 2914 darauff er allzeit unwilliger Wieder
1624 2889 2660 3034 herauß gegangen, und fort gefahren
1606 2973 2668 3122 zu polderen; So seye er eine Weil
1604 3052 2650 3187 hernach von einem Man̄, glaube
1624 3134 2661 3266 den Streitt, wiedermahlen abge¬
1622 3213 2673 3380 mehnet worden, Er aber im verdruh¬
2291 3392 2659 3505 geantwortet etc.
