3024 4032
268 239 368 344 196.
723 250 910 363 Poten
429 366 1427 552 Auß dieser oben erzahlten Verwunde
440 458 1433 621 in die Frust, da das Hertz an 16. orten
421 523 1374 657 verwundet, da einige Schroten die
416 588 1419 745 ganze Substantz deß Herzens penetiert
422 689 1418 826 andere aber biß in die Gotten deßelben
419 774 1413 912 gegangen Schließen wir, daß diese
428 836 1426 996 verlehungen absolute lethal angen be¬
455 928 1371 1051 dieses ist, was Eyd und Pflicht
402 1001 1399 1149 mäßig die Ehre haben einzuberichten.
538 1096 1337 1252 Signirt. D. R. Hh. M. D.
788 1196 1385 1352 J. Kuhn opet. Ins.
652 1403 848 1547 Zetel.
379 1489 1394 1651 An Herrn Großweibel Capelhoffer um
376 1582 1191 1700 Herrn Grichtschreiber Stürler.
374 1685 1329 1799 Auß Ewerer Herrn Großweibels und
374 1746 1361 1871 Herrn Grichtschreiber Köngl. heüte
359 1820 1387 1945 erstatteten schrifftlichen Relation, haben
356 1887 1326 2023 Ihr Gnaden deß Außführlicheren
346 1972 1320 2094 zu vernemmen gehabt, die Traurige
359 2048 1336 2179 Begebenheit, so sich dieser Tagen zu
336 2124 1357 2235 Scheerli zugetragen, da der gewesene
350 2191 1339 2313 Thurn beibel Anliker in voller Stuth,
342 2264 1286 2379 gewüßen Ullrich Zeender, allein
347 2338 1342 2461 Anstehen nach, vorsetzlicher Weise er¬
317 2408 1342 2540 schoßen, so daß nach dem abgelesenen
323 2486 1327 2621 Viso Reperto deßen Tod noht folglichen
316 2566 1271 2697 hat erfolgen müßen; Als haben
326 2642 1308 2791 Wege in genehmigung der diß orts
326 2724 1337 2862 verführten Informationen, Euch Herrn
301 2790 1329 2923 Großweibel und Herrn Grichtschreiber
304 2881 1307 3004 hierdurch befehlen wollen, nunmehro
316 2950 1244 3070 mit diesem Insassierten Anlieber¬
306 3028 1307 3137 nach Euerer anwohnenden Dexteritel
312 3097 1308 3222 und nach außweis der Informationen
293 3171 1298 3283 ein Examen zu verführen, und daßelbe
295 3239 880 3376 MngH. vorzutragen.
989 3253 1306 3361 Wie zu thun.
291 3324 1315 3463 ihr bestens wüßen werdet. Act. die 169
306 3390 609 3512 aug. 1760.
588 3475 1304 3627 Signirt Canzley Bern
1499 1500 1602 1638 Ra
1494 1953 1611 2047 Ant 3.
2594 309 2701 420 197.
1923 309 2214 414 Anlicher.
1832 397 1918 502 tes
1985 396 2385 534 Examen.
1738 428 1824 533 A.
1639 489 2588 612 Mit Johann Peter Anlicker
1645 593 2652 711 dabitant in allhier, ehemahliger Thurn
1633 674 2696 781 Weibel, seiner Profession ein Schumacher
1633 759 2631 876 d 2. Jahr alt verheyratet in 2 ten Ehe
1640 835 2684 983 mit Elßbeth Bünzlisperger von Groß
1636 923 2655 1050 höchstetten, von dera er keine Kinder
1618 1015 2674 1144 habe; In Erster Ehe seye Er verheyratet
1630 1088 2623 1229 geloesen, mit Anna Ester Merz von
1631 1166 2643 1275 Wurten, vort, welcher ein Töchterlin
1634 1250 2244 1347 habe bey leben habe &c.
1732 1327 2390 1431 Praemissa exhortatione.
1636 1491 2682 1631 Er stolle eine Stunde offenherzige Bekante
1598 1577 2628 1697 nuß abstatten, von dem leydigen und
1612 1644 2661 1778 Gottlosten verbrechen, so er begangen,
1610 1720 2604 1848 und um deßentwillen er anjezoin
1584 1806 2238 1932 schwären Handendige.
1649 1917 2684 2087 Ach. Erstere ein Elender Armer Mentsch,
1616 2036 2670 2172 seine fehler und Mißethaten steren zu
1614 2120 2655 2256 wohl am Tag, als daß er etwann noch
1618 2204 2641 2339 durch langnen dieselben wolle ver¬
1607 2295 2631 2417 größeren Er verspühre wie gröblich
1607 2366 2644 2501 er sich verschuldet, und bereue von herzen
1596 2453 2601 2592 sein verbrechen, werde ausrichtig und
1613 2538 2653 2674 wahrhafftig die ganze Hergangenheit un¬
1589 2616 2629 2742 ständlich außagen, und bitte Gott
1613 2692 2635 2795 und die Gnädige Oberkeit um Ver¬
1589 2769 2124 2902 szeichung und Gnad
2374 2785 2603 2907 In solch
1598 2852 2661 2988 deßen hat erfolgende Erzehlung gemacht.
1600 2961 2627 3116 Rinth ohngefärd 11. Tagen seye er mit
1591 3068 2604 3175 seiner Frau zu Rieder Schwerli auf
1594 3149 2643 3277 einem Ihra gehörigen Geschickli. Lezten
1586 3230 2607 3369 donstag Morgens aber, auß einem
1583 3324 2566 3440 geringen Anlas habe er mit seinem
1591 3394 2502 3534 Weib gezaubet, und auf den Abend
2381 3513 2624 3611 nachdeme
