3024 4032
334 327 470 434 472.
365 474 513 572 Antb.
337 786 475 924 Fr.
335 1205 436 1285 A.
369 1299 492 1416 Ir.
350 1668 467 1779 21.
343 1931 469 2062 Ju.
324 2260 420 2348 2.
342 2428 453 2556 se
327 2528 437 2667 A.
330 2748 461 2860 Dr.
347 2896 441 3022 2.
306 3118 445 3240 De
314 3384 439 3482 A.
538 468 1440 579 lin paar habe sie vor einem Jahr, und 5.
534 546 1455 651 ander paar am lezten Oster Märit un
520 607 1458 724 6. Begekauffet, und das 3ten paar habe
521 694 943 792 er schon lang gehabt.
512 793 1486 911 hiemit habe ihr Mann nur 5 neües paar gehabt,
518 877 1474 980 und doch habe er nach ihrer Meinung, 6. biß
525 943 1491 1044 l. Paar nemme, ohne sich deßen zu achten ange¬
519 1021 1485 1134 zogen, daraus erhole genug, daß er benig¬
514 1097 1134 1207 istend Wißenschaft gehabt.
514 1195 1175 1289 Sie könne darüber nichts stagen.
513 1300 1428 1397 Man habe in ihrem Schaft in Truken und
516 1366 1434 1485 Cassetlin, wo ihr Mann seine Schriften und
501 1439 1449 1538 Schärrmeßer verlehret, ein paar Strümpf
520 1505 1467 1621 und F. große Kappen gefunden. Dieses
506 1582 1335 1663 Zeuge abermal wieder ihren Mann.
504 1672 1476 1798 Sie buße hierüber nicht darders, als daß die
516 1770 1470 1868 große Koppen Sie ihrem Mann gekauffet,
520 1831 1242 1939 für auf die Wacht zu tragen.
518 1918 1428 2020 Ob der Mann dann Sie deßhalb niemahls
511 2015 1439 2122 befraget, und zu Red gestellt, mit Ver¬
510 2078 1413 2205 deüten, sie seye diesers diebstahls im
511 2153 721 2260 Verdacht.
497 2230 1451 2352 Jahr habe Sie einmal darfür angeredet, Sie
503 2324 1140 2430 habe es ihm aber gelaugnet.
489 2438 1065 2555 Wie lang es seit den seye.
491 2544 1457 2679 Sie bestimme sich nicht, es könne wohl zwey Monat
494 2647 629 2732 seyn.
502 2730 1461 2861 Es seye unter ihrem Zeug ein Stuk alte rothe¬
495 2812 1485 2933 Sudiene gefunden worden, wo solches herkommen
484 2929 1427 3053 Sie habe dieses Stuk schon lang, und noch ein
486 3024 1096 3125 Ziechlin von gleichem Zeug¬
491 3115 1460 3225 der Bentz Schönenberger erkenne es für das
494 3184 1467 3322 jenige, so ihm aus seiner Kutschen entwendet
493 3271 1462 3397 worden, und komme mit dem Muſter überein.
467 3394 1259 3516 Sie habe solches schon über ein Jahr
1580 544 1686 652 Gr
1592 707 1668 781 9.
1589 1082 1704 1184 Ir
1600 1250 1670 1357 4.
1567 1437 1682 1588 Se
1602 1565 1680 1685 et.
1554 1801 1681 1892 Inot.
1583 2042 1649 2147 4
1586 2234 1681 2331 Er
1600 2339 1669 2430 2.
2534 475 2642 567 473.
1734 515 2671 678 der grad Wihrt lauffer miße steller, Hand
1717 594 2225 723 Mäntel und zwahrlin.
1722 690 2680 837 Sie bekenne, daß als sie einsten dorten gebadet,
1723 763 2643 889 sie ein Zinnernes Steller im Verschuß in ihren
1708 840 2681 943 Korb gethan, und weggetragen, wie auch einen
1715 885 2682 1031 Gaad Mantel den ihre tochter für ihr geis
1735 967 1978 1062 angestehen.
1727 1058 2642 1186 Ob Sie nicht genaue Bekantschaft mit einer
1709 1149 2245 1258 gewißen Stettlerin habe?
1710 1229 2653 1344 Sie kenne selbe schon lange Zeit, habe aber keinen
1714 1310 2666 1417 genauen Umgang mit ihr, Sie seyn 20. oder 3.
1715 1373 2236 1487 mahl zu ihr gekommen:
1725 1453 2287 1568 Was sie bey ihr verrichtet.
1692 1573 2694 1648 Sie habe ihr 1. paar Strumpf und 1. Nostenkungen
1721 1636 2629 1731 zu waschen gebracht, auch in einem Körblin
1721 1698 2688 1815 1. Cossetiere und alte Schuh zu verwahren gegeben.
1724 1802 2622 1912 von ihren Nächsten Verwandten selbst, seye
1717 1877 2675 1980 der Gericht gefallen, daß Sie einen verdächti¬
1703 1948 2649 2044 rigen Umgang mit diesem Mensch gepflogen.
1699 2037 2666 2126 Sie beharre mit dieser Stettlerin keinen Um¬
1703 2125 2647 2225 gang zu haben, man könne Sie auch verhören.
1719 2197 2469 2329 Wo Sie die Seiffen Kuglen herhabe?
1714 2305 2637 2414 Sie habe selbe von einem Krämer in Beystein
1722 2408 2200 2517 des Mans gekauffet.
1691 2492 2601 2589 Auf nochmalige kräftige Vorstellung sich zu
1708 2552 2646 2669 begreiffen, und endlich zu bekennen, war ihr in
1714 2622 2663 2731 dem Mören gang zu dem Diebstahl geholffen.
1706 2674 2664 2805 verbliebe sie rest darauf, sie habe kein Mit¬
1703 2750 2661 2894 Gehülff gehabt, sonder die thet allein vern¬
1713 2866 1847 2961 bet.
2314 3221 2470 3342 3ten
2691 519 2718 578 s
