3024 4032
316 443 524 552 348.
585 520 1482 685 Habe sie alsobald vor dem Reth
587 631 1474 763 am Toden einen mit Tischen be¬
577 706 1507 858 streuten Plaz gewahret. Auch
589 791 1534 929 gefragen, was diß seye? Habe des
570 867 1515 1012 Madi ihr gesagt: Es habe sein Nacht
580 943 1520 1061 elßen F. G. von sich geben müßen.
567 1024 1519 1162 Sie Depl. aber, welche ein benig mit
589 1104 1476 1238 dem fuß gescharret, habe gantz
570 1183 1508 1305 etwas anders gefunden, so daß der
563 1257 1457 1382 Mädl. darauf verlautet, das
564 1335 1486 1477 komme von seinen Zeiten, welche ihm
567 1412 1494 1548 Schwald weise wiedergekommen. Als
559 1480 1468 1624 Sie das darbeit aufgehoben, habe
554 1566 1466 1703 sie gebahret, daß kein Leinlachen
659 1638 723 1690 D
549 1645 1450 1783 im seit mehr seye. Sie deßen
551 1713 1480 1867 habe darauf hin nichts beiters fragen
557 1785 1077 1896 noch schauen wollen.
1163 1814 1504 1946 Herr Muter
549 1868 1507 1995 hingegen habe in des Madis Gegen¬
544 1936 1398 2067 bart Sie Depl. geheißen die
536 2012 1459 2147 gebammen hohlen, um daßelbe zu
538 2093 1473 2202 visitieren, ob Er Kindbetterin seye
538 2164 1454 2296 oder nicht? Sie seyn eiligst zu der
541 2236 1426 2363 heb Ammann nach Ostermannigen
535 2315 1419 2426 gelauffen. Wo Sie selbe auf
532 2390 1451 2520 dem Aber abgeholet, welche sogleich
524 2467 981 2596 mit ihr gekommen.
1220 2475 1485 2590 Unterbers
516 2547 1466 2690 haben Sie den Chor Richter Juber, der
526 2629 1436 2753 zu Aker gefahren, mit genommen,
516 2694 1474 2825 derselbe dann habe den Waysen vogt
519 2774 1478 2910 Hans Hodel auch mit geführet, welche
550 2847 1405 2968 drey mit einander in des Hans
514 2901 1442 3070 Rentschen Haus sich begeben. Sie
519 2985 1468 3126 Alßt, aber habe die schon bey deß
531 3084 1441 3210 Godels Hauß verlaßen, so daß er
534 3157 1399 3285 unbekant, was auf diese hin in des
517 3238 1473 3365 Reütschen Behaußung weiters vorgen¬
527 3323 1471 3444 gangen. Wohl habe Sie vernommen,
516 3394 1443 3532 daß ein großes Unglich geschehen
2647 371 2851 485 349.
1738 504 2846 732 Seÿe, worüber sie höchstend erschroken.
1846 605 2819 791 Sie hätte aber eine solche Greuel
1767 704 2644 892 that dem Madlen nicht getrauet,
1763 779 2783 952 weilen Er äußerlich einen unver¬
1750 850 2785 1054 weißlichen Wandel geführt, nicht
1757 933 2788 1105 ausgelaßen gewesen, sonder Baber
1749 1071 2216 1217 gearbeitet habe.
1781 1115 2598 1275 Abgelesen und Bestätiget
1722 1188 2656 1339 Actum den 15ten Mart 1763.
1567 1499 2824 1668 Schreiben von Herrn Pfarrer Faßnacht
1723 1624 2137 1743 zu völligen.
2099 1693 2211 1788 den
1718 1708 2746 1916 Meine gnädige Herren Groß Weibel Bruner
1647 1887 1903 2035 s. Pet.
1714 2030 2779 2187 Mitkommend habe die Ehre die zwey
1709 2120 2727 2262 begehrten Schriften zu übersenden,
1723 2200 2757 2337 als welche keut bey versammelter Ehe¬
1720 2280 2798 2410 barkeit ausgefertigt und unterschrie¬
1708 2372 2702 2493 eben worden sind; Ein mehrers
1720 2451 2709 2557 haben bis nicht ausfündig machen
1726 2535 2774 2664 konnen dem sigrist und Ches
1723 2595 2714 2722 Weibel wäre schon anbefohlen, die
1711 2680 2797 2809 Madle Rentsch auf Sontag den 6ten
1715 2761 2686 2896 Febr. alhero vor Chorgricht zu
1714 2837 2751 2982 citieren, da aber daßelbe nicht
1724 2903 2790 3065 erschinnen, entschuldigte es sich es ver¬
1711 2986 2366 3099 geßen zu haben,
2363 3006 2729 3128 Und da die
1723 3058 2743 3210 Ehrbarkeit sich ohne das Freytags
1722 3131 2735 3300 nach der spredig versammeln solte,
1722 3204 2752 3392 auch nichts zu versaumen, so ward Sie
1719 3282 2737 3460 auf denselben tag citirt, da Sie er¬
1708 3368 1973 3500 rschinnen,
2030 3372 2788 3592 Ich errinnere mich, daß ich
2522 3533 2790 3650 für e
