3024 4032
185 132 288 234 78.
381 219 1422 451 zu Herren Predigkeit gegangen,
378 369 1441 555 habe sich bey selbigem entschuldigen
379 456 1419 633 daß Er nicht werde vor der Ehrbar
375 565 1416 747 keit sich werde einstellen können.
379 672 1401 836 Weilen Ire Gericht gekommen,
383 784 1422 967 Sein Bruder, welcher zu Zimmen,
363 886 1419 1058 wald, lige zu todt krank, Müß¬
351 988 1398 1144 Ihne besuchen; Wie es aber
348 1094 1349 1266 jezund verlaute, so seye Es
357 1207 1367 1377 Nirgendts hin, als wider zu
364 1318 1411 1504 rück auf das Eggenhorn gewesen,
334 1472 1396 1673 Sontags darnach den 20ten diß seyn
349 1602 1358 1771 nun sein Meister der Ludwig
354 1699 1349 1842 Spring von selbsten vor der
343 1804 1359 1950 Ehrbarkeit erschinnen, und
342 1908 1383 2055 habe seine Magd ihres Widermah¬
326 2010 1404 2175 ligen Außbleibens entschuldiget,
331 2117 1347 2256 vorgebend, Sie befinde sich ganz
339 2215 1344 2368 Mübisch und hieberisch, werde
341 2300 1270 2479 dan̄ den könfftigen Sontag
331 2421 1295 2591 ohnfehlbahrlich erscheinen
316 2565 1348 2751 verlichenen Mitwochen nun
326 2699 1378 2878 seÿn der Aman̄ zu Mühlidorff
315 2821 1373 2984 Niclaus Kräbs expresse zu ihme
310 2930 1379 3089 gekommen, da er ihme angezeigt,
322 3034 1358 3225 es verlaute, die Anna Schlappach
304 3149 1370 3313 Habe abgelegt. Er solle anjetzo
309 3246 1349 3424 darzuschauen, es seye seine Sach¬
303 3436 1337 3588 Hierauf Er, nebst dem Aman̄
1059 3562 1291 3679 Kräbs
2741 13 2847 123 79.
1670 156 2849 467 Kräbs, mit zu zeüchung zweyer Wiserl.
1686 255 2853 546 mit Nahmen Barbara Kräbs von Gelter
1652 384 2848 668 fingen, und Barbara Wichterman̄ auch
1677 468 2832 761 von da, so bey Kindbetenen abzu¬
1661 580 2831 850 warten gewohnt, sich alsobald auch
1676 713 2766 948 dem ort verfüeget, haben die
1680 830 2722 1030 quaest. Magd auf dem Acker
1669 905 2839 1161 Arbeitend angetroffen, und alsobald
1663 1012 2833 1247 über seine Schwängerschafft und Nider¬
1650 1148 2804 1338 konfft zu Ried gestoßen, welche sich
1667 1272 2825 1458 ohne Hinternuß visitieren laßen,
1664 1382 2834 1561 Anfänglich habe es laugnen wollen,
1657 1490 2839 1695 Auf Ernstliches zu reden Aber, so gleich
1641 1601 2821 1740 seine Niderkoufft bekennet, wie solches
1646 1713 2781 1859 in seinem ersten Schreiben ent
1627 1825 1971 1946 halten.
1629 1950 2825 2166 Bey dem nachhero aber auf Expressen
1629 2105 2822 2269 Befelch Meine gnädigen Herren mit ihme gehaltenen
1644 2211 2810 2382 Examine, habe es freywillig be¬
1636 2285 2836 2519 kennet, wie Er solches alles in seinen
1632 2383 2814 2607 2ten Schreiben an Ihr Gnade. Ein¬
1610 2503 2753 2708 berichtet. Er habe geglaubt,
1638 2628 2778 2823 Man̄ werde das Mehrere zu Bern
1628 2696 2791 2933 selbst erforschen, und müße
1634 2832 2800 3036 noch beyfüegen, das Mensch habe
1621 2896 2808 3139 Ihm gesagt, Es seye verbuchenen
1602 3038 2821 3255 Freytag acht tag kinds nider gekommen,
1635 3144 2759 3374 und habe ihme sein Meister alles
1622 3241 2789 3478 geholffen verrichten. Auch habe
1629 3353 2805 3581 er zu gleich mit dem Todten Kind
1627 3414 2807 3712 die F. v. Nachgebuhrt allher bringen
2559 3675 2806 3813 laßen,
