3024 4032
319 2340 457 2444 Fr.
320 3088 408 3188 A.
338 3344 444 3482 In
326 331 465 423 466.
522 464 1434 614 Von denen entwendten habe es ihm keine
321 478 490 578 Antb.
527 557 887 663 tragen gestehen.
513 652 1410 761 Ober nicht auch im Hauß andere Sachen
353 649 467 767 Fr.
531 737 1368 852 bemerket, die gestohlen seyn möchten?
514 837 655 917 Stein.
358 831 469 925 22.
386 956 1444 1067 fr. Wo die zwey Seiffen Rugel herkommen
524 1012 1332 1135 die in dem Schaft gefunden worden.
527 1095 1493 1243 die Muter habe einem Krämer gebaschen,
382 1124 473 1212 et.
523 1211 1275 1318 der Sie ihr an Bezahlung gegeben
515 1319 1465 1427 Es wurde endlich über verschiedene geklagte
506 1398 1428 1515 Imbstahl und Verlürst mit allem ernst
514 1470 1452 1578 befraget, wolte aber gar nichts eingestehen,
514 1541 1419 1679 noch einiche Wüßenschaft davon haben.
682 1963 1236 2109 ge Examen
490 2121 1451 2228 Mit Marianna Dufrene gebohrne
486 2207 724 2320 Wenger.
504 2319 1462 2438 Ob Sie seither in sich selbst gegangen, und sich
502 2392 1490 2494 eines beßeren bedenket, mithin bekennen wolle,
508 2500 1392 2589 daß sie die Wösch selbst bey Frau von
495 2566 1482 2656 Wattenwyl entwendet, man begehre nur ihre
496 2632 1390 2748 freywillige Bekantnuß, die That seye
493 2698 1462 2821 würklich offenbar und am Tag, und könten ihr
490 2809 1474 2918 leüt vorgestellt werden, die ihr unter Augen
484 2866 1477 2988 erhalten wurden, daß Sie ihnen den Diebstah
487 2971 838 3084 selbst bekennet.
481 3064 1480 3196 Nach vielem Zanderen und brächtigen Zuschrich¬
493 3143 1443 3272 gestunde sie endlich sich vergeßen, und diesem
480 3237 1275 3351 Diebs Griff selbst begangen zu haben.
469 3341 1494 3452 Solle also erzehlen, auf beliehen Weise sie solchen
484 3441 648 3531 berubet.
1579 510 1661 613 1.
1558 1708 1665 1815 Er
1576 2019 1650 2116 A.
1579 2226 1671 2341 Ge¬
1574 2412 1654 2491 .
1542 2596 1648 2693 O
1567 2770 1648 2867 4.
1561 2959 1646 3050 D
1552 3119 1638 3207 .
2596 391 2724 479 167.
1708 489 2628 604 Sie beide eine hohe Obrigkeit um gnädige
1705 560 2685 678 Verziehung, daß sie anfänglich so hartnekig
1697 630 2729 728 gelaugnet, dißmal wolle Sie die wahre Her¬
2633 717 2716 784 vnn
1691 692 2419 818 gangenheit aufrichtig bekennen.
1694 793 2711 894 verlichenen Merzmonat an einem Sonstag
1691 858 2670 946 Abends seye Sie von der Kramgaß durch
1702 940 2662 1036 dasjenige Hauß vor der Herr Haubtman̄
1706 1008 2709 1095 von Wattenwyl von Sens wohne, gegangen,
1696 1086 2706 1164 um an die Keßler Gaß zu gehen, daselbst
1696 1160 2687 1241 habe Sie im Hoff auf einem Tant lieber
1705 1214 2669 1319 Hans neben der Hof Thür in einem Zuber
1706 1289 2706 1392 dieses reine Zeug gefunden, welches Sie in
1691 1360 2740 1474 ihr furtung genommen, die Keßler Gaß hinab,
1697 1428 2739 1515 heimgetragen, und daselbst in einem Zuber¬
1691 1490 2733 1619 auf dem estrich verborgen, nach Acht Tagen
1708 1574 2754 1686 dann habe sie solches gewaschen und getröhnet,
1715 1681 2675 1801 da sie nun die that gestehe, so solle sie
1694 1779 2676 1885 auch offenbaren, wo sie mit demjenigen
1685 1858 2739 1965 hingekommen, so darvon noch fehle, welches in
1685 1923 2328 2043 vielen Artiklen bestehe?
1697 2024 2752 2111 Sie versichere, daß sie würklich alles bekennet
1696 2111 2670 2229 und angezeiget, was Sie davon verkauffet.
1706 2217 2719 2343 Ob Sie ihrer Tochter von diesen Sachen nichts
1689 2323 1984 2414 zugestellt.
1676 2417 2741 2535 Sie habe derselben für ein Kinder Käpplin Spizen
1684 2509 1858 2595 gegeben
1690 2595 2632 2725 B fehlen noch viele Schüzen, so sie von der
1676 2680 2389 2804 Coesse und Hauben gehauen.
1676 2783 2744 2901 Sie habe davon an Frey von ihrem eigenen
1685 2873 2105 2976 Hauben genähet.
1690 2966 2710 3077 Villeicht habe sie das Zeug so übel verwahret,
1685 3037 2742 3164 daß jemand anders habe davon nemmen können.
1678 3155 2691 3261 Sie habe solches zuerst auf dem beschloßenen
1679 3233 2714 3336 Esprich gehabt, und nachberts dahin verstehet, wo
1678 3308 2136 3409 es gefunden worden.
