3024 4032
313 487 484 576 30 fl
339 946 501 1054 13.
334 1453 462 1616 1.
533 554 1454 718 gantz unwißend von allein, wider nach
529 652 988 776 Hauß sich begeben
1212 654 1446 779 das sage,
531 730 991 847 was ihme in wißen.
549 946 1475 1097 Ursula Ott, daß M. Gütiger
509 1039 1446 1171 Eheweib, 53. Jahren Alter de Zeugete
518 1113 1436 1252 durch auf eingleiches, was ihr Eheman
517 1206 1013 1322 hiervor, ohne zusaz
520 1450 1477 1631 Cathrina Flutiger die Tochter, 17.
520 1569 1364 1703 Jahren Alters, bestätiget, auch ihres
497 1642 1445 1791 Vatters hiervorige Außag, ohne etwas
500 1726 802 1854 beyzufügen.
556 1847 1271 1977 Also abgelesen und bestätiget
498 1986 1414 2128 Actum den 28. Septembris 1762.
539 2278 1387 2443 Schrifftliche Deposition
559 2402 1413 2569 Herrn Frand von Savels.
489 2627 1381 2754 In Folg eines von Meine gnädigen Herren eine
1155 2744 1182 2774 .
490 2721 1443 2840 Großweibel erhaltenen welchs schrift¬
496 2798 1443 2913 glich zu declarieren, was etwa mir von
491 2872 1395 2994 der verlichenen Mitwoch Abends den
505 2939 1396 3077 22. cur. vorgefallenen Schlägerey
502 3018 1451 3159 möchte bekant gewesen seyn, habe die Ehr
1298 3107 1454 3217 Ehrge¬
500 3091 1215 3211 kürzlich zu erzehlen was folget.
491 3163 1405 3301 gmelten Abend zwischen S. und 9. Rthr.
495 3235 1408 3367 hörte ich von meinem fenster hinweg
515 3319 1427 3450 einen Jarmen auf der König Straaß
511 3399 1414 3524 unweit einem dem H. Stanz gehörigen
1198 3493 1386 3601 Hauge etc.
2635 324 2819 471 563
2068 448 2799 674 Schen mit allierend
1707 569 1906 699 Hause.
1714 563 2722 765 betrunkene Leuthe, welche nach gehabtem
1715 664 2753 842 Wort Streit auf ihrem Heimweg waren,
1706 734 2794 925 doch aber noch in allem weggeten anderen
1696 832 2728 1009 personen, welche ich aber weder sahe noch
1702 890 2775 1096 hörete, Scheltworte zurüffen, ich machte
1722 982 2698 1158 aber mein fenster zu, und horte bald
2630 1074 2769 1206 syne
1709 1107 2484 1238 nichts mehr von dem Carmen¬
1704 1146 2779 1336 gantz kurze Zeit hernach kame mein Knecht,
1706 1229 2770 1389 welcher, wie gewohnt, während dem Nacht¬
1706 1332 2745 1503 Eßen allezeit bey mir gewesen, zu mir
1703 1394 2745 1550 in mein Zimmer hinauf, und verrichtete
1694 1478 2751 1643 daselbst seine gewohnten Geschäfte, Ich
1704 1566 2701 1717 redete etwas zu ihm, und merkte gar
1699 1642 2745 1781 nichts auß erordenliches 1. und doch wäre
1704 1724 2762 1854 das Unglück wie erfehlet, schon geschehen
1831 1807 2724 1933 ald darauf hörete ich denselben in
1698 1877 2756 2024 sein Zimmer tretten, und ins Rathgehen
2463 1959 2784 2074 Am folgen¬
1695 1973 2305 2074 es wäre kaum 9. Rthr.
1693 2033 2694 2157 den Tag fruhe befalle ich ihme, daß er
1699 2116 2714 2228 mir alsobald die küffer holen solle, ich
1685 2185 2762 2285 ließen in dem Keller Wein abziehen
1697 2262 2774 2398 und bin in einer Stunde Zeit 2. Mahl
1692 2349 2755 2496 selbst dahin gegangen, und habe meinen
1681 2431 2760 2579 Knecht wie gewohnt, nach meinem Befehl¬
1687 2510 2535 2660 alle Mahl dabey angetroffen.
2656 2564 2750 2674 sich
1691 2600 2758 2746 redete mit ihme, und merkte abermal nicht
1678 2680 2763 2821 das geringste, daß ein Unglückstolte vor¬
1686 2748 2748 2893 gefallen seyn, noch vielweniger aber, daß
1700 2842 2779 2994 ereinichen Antheil daran solte gehabt haben,
1778 2901 2750 3079 Ich gienge wiederum in mein Zimmer,
1684 2954 2764 3135 etwas zeit hernach (es wäre ungefardt.
1691 3054 2771 3255 Uhr, kame er in mir, und sagte; Es ist
1690 3160 2731 3327 nir ein großes Unglück wiederfahren,
1680 3231 2796 3439 gestern habe ich da unter geholffen schlagen,
1695 3299 2711 3489 und man sagt mir, es seye einer unter
1684 3379 2711 3568 ihnen gesterben, ich muß mich fluchten
1683 3450 2431 3629 gebet nur doch etwas Gelts.
2585 3548 2741 3643 dad
2503 3628 2733 3744 d 12 s.
