3024 4032
248 3053 336 3195 S.
217 318 371 456 260.
433 385 1383 569 Herr Schale vast zusammen kammen, und
441 501 1368 636 sich also, sonderlich auf der rechten Siche
419 583 1398 729 viel ergoßenes Geblüt besonde, welche
422 668 1376 795 durch keine Artungen, noch Operatio¬
411 743 1307 875 men könte wegg gebracht werden,
414 820 1401 984 Achten Wir gemelte diese Verlesungen
403 910 992 1026 fer absolute tödtlich
413 996 1380 1131 da auch auf beyden Seiten der Schlafen
396 1083 1330 1222 keine Winden in der außerlichen
395 1170 1389 1316 haut zugegen waren, so urtheilen wir¬
396 1252 1307 1396 daß gemelte Verlesungen, durch
395 1347 1387 1481 ein mehr flacher und Stumpfer Instru¬
378 1430 1141 1572 iment verursachet worden.
383 1534 1227 1725 Also haben die Ehre zu berichten
424 1658 682 1794 Siquiet
713 1716 1255 1886 Herzog. p. t. ord.
667 1831 1236 1974 Studen Opt. Ind.
343 2090 1349 2279 WohlErmelte eine gnädiger Herrn Großweibel
358 2214 1228 2364 und Gricht Schreiber dan, haben zu
355 2314 1337 2440 gleicher Zeit, und nachwerts, theils auf
355 2384 1313 2527 denen Orten selbst, theils hier in der
350 2464 1322 2619 Stadt dieses Unglückt halber von sol¬
361 2554 1246 2690 igenden Persohnen Information
359 2633 1357 2762 aufgenommen. Welche nach vorheriger
346 2707 1248 2854 kräftiger Vermahnung, die reine
343 2779 1304 2928 Wahrkeit, und niemand weder zu Lieb
352 2859 1291 3035 noch zu leid zu reden, ausgesagt, was
355 2944 532 3079 folget.
349 3069 1347 3228 Barbara Kaderli, Andreas Leemand
343 3152 1348 3346 Ehebens von Oberburg, 17. Jahren Alter
344 3237 1333 3392 Keller magd bey Herrn von Tabel vor
341 3331 780 3466 dem oberen Thor.
1004 3370 1263 3497 Sagt aud.
1033 3451 1337 3591 Gesteris
2486 358 2630 438 261.
1588 431 2619 586 Gestern Abendt zwischen S. und 9. Rth.
1586 533 2588 690 eren, seyen vier Indiene Truter an¬
1594 608 2517 728 kommen, und haben mit einander eine
2327 688 2601 788 Gleich da¬
1577 687 2146 836 halb Maas getrunken.
1582 769 2552 897 rauf seyen vier Steinhauer aus der
1572 851 2561 994 Stadt angelanget, und haben auch eine
2359 931 2543 1041 Gesche
1591 922 2226 1068 halte Maaß geforderet.
1564 1004 2517 1144 Spartheyen haben den Wein in dem
1587 1092 2541 1232 Schopff genoßen. Zugleicher Zeit
1581 1168 2598 1309 habe sich der Geiger Moser auch da be¬
1584 1245 2604 1386 funden, welcher von den Indiene Truken
1584 1326 2601 1468 ren angestrenget worden, ihnen einiche
1587 1385 2566 1554 tanz zu spielen, so Er gethan, darauf
1576 1471 2587 1598 em indiene truker mit ihr der Depe¬
1579 1570 2601 1716 Tochter zu Tanzen angefangen. Einer
1572 1617 2577 1773 von denen Steinhaueren dann, habe ihme
1579 1702 2609 1824 die Tochter vom tanten begnemmen wollen
1564 1788 2498 1924 Die Tochter aber habe ihne geheißen
1572 1854 2586 1993 warten, sie wolle dann mit ihme auch eins
1573 1908 2625 2051 tanzen. Nachdemme der Stanz mit dem
1566 2005 2602 2134 Indiene truker zu End gewesen, habe ihre
1582 2093 2598 2225 Tochter in der That mit dem Steinhauer
1579 2165 2595 2305 auch eins getantet. Da Sie Depo¬
1568 2247 2580 2370 Mentin beförchtet, daß zwischen denen
1569 2337 2526 2453 Indiene, trukeren und Steinhaueren
1579 2404 2584 2542 weilen die letzteren betruncken gebe¬
1565 2481 2548 2617 sen, streit entstehen möchte, habe sie
1581 2561 2595 2710 dem Moster die Geigen weg genommen,
1575 2643 2631 2778 und in ihre Stuben in den Schaft verschloßen
1765 2715 2571 2859 Auf dieser haben die Steinhauer
1588 2788 2563 2940 noch eine halb Maaß geforderet. Sie
1588 2876 2553 3020 die Dept. aber, habe ihnen solche abge¬
1579 2958 2520 3118 schlagen, mit Verdruten, sie haben
2394 3028 2604 3134 dn Stein
1600 3052 2250 3192 würklich genug getrunken.
1600 3136 2599 3250 hauer, deren einer gleich im wegg gehen
1606 3212 2618 3335 sich beklaget, er habe von jemanden einen
1607 3269 2630 3417 Soß bekommen, seyen darauf mit einem
2313 3362 2578 3464 starken etc.
