<?xml version="1.0" encoding="UTF-8" standalone="yes"?>
<PcGts xmlns="http://schema.primaresearch.org/PAGE/gts/pagecontent/2013-07-15" xmlns:xsi="http://www.w3.org/2001/XMLSchema-instance" xsi:schemaLocation="http://schema.primaresearch.org/PAGE/gts/pagecontent/2013-07-15 http://schema.primaresearch.org/PAGE/gts/pagecontent/2013-07-15/pagecontent.xsd">
    <Metadata>
        <Creator>prov=University of Rostock/Institute of Mathematics/CITlab|PLANET AI GmbH/Gundram Leifert/gundram.leifert@planet-ai.de:name=German_Kurrent_XVI-XVIII_M5.4(htr_id=38771)::::v=2.6.7
prov=University of Rostock/Institute of Mathematics/CITlab|PLANET AI GmbH/Tobias Gruening/tobias.gruening@planet-ai.de:name=de.uros.citlab.module.baseline2polygon.B2PSeamMultiOriented:v=2.6.7
prov=University of Rostock/Institute of Mathematics/CITlab|PLANET AI GmbH/Tobias Gruening/tobias.gruening@planet-ai.de:name=/net_tf/LA73_249_0mod360.pb:de.uros.citlab.segmentation.CITlab_LA_ML:v=2.6.7
Transkribus</Creator>
        <Created>2022-06-16T09:29:15.290+02:00</Created>
        <LastChange>2022-09-12T15:36:07.722+02:00</LastChange>
        <TranskribusMetadata docId="1334852" pageId="52362680" pageNr="21" tsid="114644509" status="IN_PROGRESS" userId="9570" imgUrl="https://files.transkribus.eu/Get?id=CUBKEJNCYLFLWJFVWCWYVCNL&amp;fileType=view" xmlUrl="https://files.transkribus.eu/Get?id=FLUEVZDCJUXWFMZXMQUIIWOQ" imageId="35485590"/>
    </Metadata>
    <Page imageFilename="IMG_7772.jpg" imageWidth="3024" imageHeight="4032">
        <ReadingOrder>
            <OrderedGroup id="ro_1687513604542" caption="Regions reading order">
                <RegionRefIndexed index="0" regionRef="r1"/>
                <RegionRefIndexed index="1" regionRef="r2"/>
                <RegionRefIndexed index="2" regionRef="r3"/>
            </OrderedGroup>
        </ReadingOrder>
        <TextRegion orientation="0.0" id="r1" custom="readingOrder {index:0;}">
            <Coords points="234,67 234,3302 450,3302 450,67"/>
            <TextLine id="r1l1" custom="readingOrder {index:0;}">
                <Coords points="310,224 328,232 341,227 365,230 430,192 456,195 464,124 447,124 430,103 407,93 364,102 348,111 340,105 323,106"/>
                <Baseline points="324,167 349,169 374,171 399,173 424,177 450,182"/>
                <TextEquiv>
                    <Unicode>19</Unicode>
                </TextEquiv>
            </TextLine>
            <TextLine id="r1l2" custom="readingOrder {index:1;}">
                <Coords points="315,676 326,676 343,660 355,658 362,664 375,658 384,665 423,656 435,667 449,664 451,596 433,602 411,596 386,572 366,581 319,576"/>
                <Baseline points="324,650 353,652 382,653 411,653 441,656"/>
                <TextEquiv>
                    <Unicode>Praes.</Unicode>
                </TextEquiv>
            </TextLine>
            <TextLine id="r1l3" custom="readingOrder {index:2;}">
                <Coords points="300,1170 315,1177 359,1179 366,1185 378,1178 393,1182 404,1173 426,1188 439,1184 453,1191 457,1112 438,1107 400,1123 386,1117 364,1129 347,1129 311,1098 303,1098"/>
                <Baseline points="308,1167 335,1170 363,1170 390,1170 418,1172 446,1176"/>
                <TextEquiv>
                    <Unicode>Anckl.</Unicode>
                </TextEquiv>
            </TextLine>
            <TextLine id="r1l4" custom="readingOrder {index:3;}">
                <Coords points="282,2216 308,2218 320,2211 329,2219 350,2220 361,2210 378,2207 390,2218 401,2214 414,2218 419,2129 397,2126 385,2115 380,2118 352,2086 336,2094 326,2087 308,2086 289,2096"/>
                <Baseline points="293,2154 322,2153 351,2155 380,2157 410,2160"/>
                <TextEquiv>
                    <Unicode>Grag.</Unicode>
                </TextEquiv>
            </TextLine>
            <TextLine id="r1l5" custom="readingOrder {index:4;}">
                <Coords points="274,2408 289,2406 299,2416 333,2409 340,2417 358,2410 391,2427 414,2415 438,2418 443,2337 420,2338 407,2328 392,2327 359,2351 349,2341 330,2349 305,2334 296,2340 278,2332"/>
                <Baseline points="282,2396 311,2398 341,2400 371,2401 401,2403 431,2406"/>
                <TextEquiv>
                    <Unicode>Autl.</Unicode>
                </TextEquiv>
            </TextLine>
            <TextLine id="r1l6" custom="readingOrder {index:5;}">
                <Coords points="248,2859 266,2862 273,2857 293,2873 320,2880 359,2853 376,2847 389,2850 394,2755 355,2746 345,2736 304,2736 297,2728 288,2732 273,2723 254,2730"/>
                <Baseline points="258,2810 283,2813 308,2816 333,2816 358,2817 384,2816"/>
                <TextEquiv>
                    <Unicode>Tag</Unicode>
                </TextEquiv>
            </TextLine>
            <TextLine id="r1l7" custom="readingOrder {index:6;}">
                <Coords points="227,3265 244,3265 269,3284 295,3275 313,3259 383,3275 383,3182 363,3188 352,3178 333,3175 303,3197 284,3188 274,3193 263,3188 245,3200 227,3197"/>
                <Baseline points="234,3252 262,3252 290,3252 318,3252 346,3252 375,3252"/>
                <TextEquiv>
                    <Unicode>Autw.</Unicode>
                </TextEquiv>
            </TextLine>
            <TextEquiv>
                <Unicode>19
Praes.
Anckl.
Grag.
Autl.
Tag
Autw.</Unicode>
            </TextEquiv>
        </TextRegion>
        <TextRegion orientation="0.0" id="r2" custom="readingOrder {index:1;}">
            <Coords points="387,280 387,3556 1524,3556 1524,280"/>
            <TextLine id="r2l1" custom="readingOrder {index:0;}">
                <Coords points="431,350 679,330 871,389 1084,348 1381,391 1506,448 1536,392 1306,296 1198,332 1061,249 804,283 621,174 505,254 440,249"/>
                <Baseline points="441,314 495,317 549,320 603,323 657,324 711,326 765,326 820,327 874,329 928,331 982,333 1036,337 1090,341 1144,346 1199,353 1253,361 1307,371 1361,383 1415,398 1469,414 1524,434"/>
                <TextEquiv>
                    <Unicode>So man weiß gestolten, etwas wenigen</Unicode>
                </TextEquiv>
            </TextLine>
            <TextLine id="r2l2" custom="readingOrder {index:1;}">
                <Coords points="493,435 786,412 885,425 925,468 1013,424 1144,434 1234,490 1503,503 1508,435 1472,414 1249,371 1145,400 1047,357 883,392 604,342 498,369"/>
                <Baseline points="504,392 553,398 603,402 652,405 702,407 752,408 801,410 851,411 900,412 950,413 1000,414 1049,417 1099,419 1148,423 1198,428 1248,434 1297,442 1347,452 1396,464 1446,478 1496,495"/>
                <TextEquiv>
                    <Unicode>genommen, biß es endlich auf diese</Unicode>
                </TextEquiv>
            </TextLine>
            <TextLine id="r2l3" custom="readingOrder {index:2;}">
                <Coords points="467,548 729,500 901,559 991,513 1300,554 1302,477 1239,492 1155,441 1046,434 951,468 679,416 582,467 470,470"/>
                <Baseline points="477,489 517,492 558,492 599,494 640,494 681,495 721,495 762,495 803,497 844,497 885,497 925,498 966,499 1007,500 1048,501 1089,504 1129,506 1170,509 1211,513 1252,518 1293,522"/>
                <TextEquiv>
                    <Unicode>große Summ angewachsen.</Unicode>
                </TextEquiv>
            </TextLine>
            <TextLine id="r2l4" custom="readingOrder {index:3;}">
                <Coords points="507,661 890,674 994,741 1130,684 1325,698 1525,768 1530,699 1354,651 1008,643 916,604 782,634 511,610"/>
                <Baseline points="516,653 566,657 616,660 666,662 716,664 766,665 816,665 866,666 916,666 966,668 1017,669 1067,671 1117,674 1167,678 1217,683 1267,689 1317,697 1367,708 1417,719 1467,733 1518,752"/>
                <TextEquiv>
                    <Unicode>ob er allein oder in gegenwart jemanden</Unicode>
                </TextEquiv>
            </TextLine>
            <TextLine id="r2l5" custom="readingOrder {index:4;}">
                <Coords points="495,750 645,804 740,744 870,784 953,750 1016,779 1253,771 1503,844 1509,760 1319,698 1053,731 972,681 500,688"/>
                <Baseline points="504,732 553,735 603,738 652,740 702,741 752,743 801,743 851,744 901,746 950,747 1000,749 1050,751 1099,754 1149,758 1199,762 1248,769 1298,776 1348,785 1397,794 1447,805 1497,819"/>
                <TextEquiv>
                    <Unicode>diese Jettons so wohl ander Sacken</Unicode>
                </TextEquiv>
            </TextLine>
            <TextLine id="r2l6" custom="readingOrder {index:5;}">
                <Coords points="471,839 723,866 770,840 912,891 1104,849 1406,898 1492,892 1496,836 1220,771 940,755 867,784 751,751 655,807 593,765 476,765"/>
                <Baseline points="480,824 530,827 580,828 630,830 681,831 731,833 781,834 831,836 882,838 932,840 982,842 1032,845 1083,847 1133,851 1183,855 1233,860 1284,865 1334,872 1384,881 1434,888 1485,899"/>
                <TextEquiv>
                    <Unicode>als in der Kuntz entwendet, und</Unicode>
                </TextEquiv>
            </TextLine>
            <TextLine id="r2l7" custom="readingOrder {index:6;}">
                <Coords points="482,950 994,935 1167,1002 1274,972 1406,1030 1492,1015 1497,947 1418,961 1360,912 1238,917 1068,855 890,908 782,866 745,894 488,867"/>
                <Baseline points="492,917 541,920 591,923 640,924 690,927 740,929 789,929 839,930 889,932 938,933 988,935 1038,938 1087,941 1137,945 1187,949 1236,954 1286,961 1336,969 1385,978 1435,989 1485,1001"/>
                <TextEquiv>
                    <Unicode>nachwerts bey dem Frag Stakauß¬</Unicode>
                </TextEquiv>
            </TextLine>
            <TextLine id="r2l8" custom="readingOrder {index:7;}">
                <Coords points="475,1056 501,1054 536,1028 592,1075 627,1086 725,1036 764,1040 824,1010 840,1017 842,962 780,954 714,976 691,961 638,964 606,945 559,960 478,951"/>
                <Baseline points="483,1019 508,1019 533,1019 558,1019 583,1019 608,1020 633,1022 658,1022 683,1023 708,1023 733,1025 758,1025 783,1026 808,1026 833,1026"/>
                <TextEquiv>
                    <Unicode>getauschet.</Unicode>
                </TextEquiv>
            </TextLine>
            <TextLine id="r2l9" custom="readingOrder {index:8;}">
                <Coords points="478,1191 549,1169 1073,1240 1152,1220 1277,1281 1370,1241 1431,1294 1504,1255 1508,1181 1395,1119 1206,1176 1006,1115 482,1111"/>
                <Baseline points="486,1173 536,1176 587,1177 637,1179 688,1179 738,1181 789,1182 839,1184 890,1185 940,1188 991,1190 1042,1193 1092,1195 1143,1199 1193,1203 1244,1208 1294,1213 1345,1219 1395,1225 1446,1233 1497,1242"/>
                <TextEquiv>
                    <Unicode>Er habe in der Silber Streiki und bey¬</Unicode>
                </TextEquiv>
            </TextLine>
            <TextLine id="r2l10" custom="readingOrder {index:9;}">
                <Coords points="462,1290 661,1318 799,1289 1001,1334 1146,1299 1214,1345 1368,1354 1470,1333 1474,1248 1274,1280 1136,1231 750,1204 464,1248"/>
                <Baseline points="471,1266 520,1268 570,1270 619,1271 669,1272 719,1274 768,1275 818,1275 868,1277 917,1278 967,1280 1017,1283 1066,1284 1116,1286 1166,1290 1215,1293 1265,1297 1315,1302 1364,1307 1414,1313 1464,1320"/>
                <TextEquiv>
                    <Unicode>dem weiß binden, jeweilen in al¬</Unicode>
                </TextEquiv>
            </TextLine>
            <TextLine id="r2l11" custom="readingOrder {index:10;} person {offset:17; length:7;}">
                <Coords points="441,1404 611,1374 818,1426 1194,1385 1442,1408 1443,1367 1065,1312 875,1336 792,1295 685,1325 610,1298 444,1332"/>
                <Baseline points="450,1359 499,1362 548,1365 597,1367 646,1368 696,1371 745,1373 794,1374 843,1376 892,1377 942,1379 991,1380 1040,1381 1089,1383 1138,1385 1188,1387 1237,1389 1286,1391 1335,1394 1384,1397 1434,1401"/>
                <TextEquiv>
                    <Unicode>wesenheit herren Müllers aber in</Unicode>
                </TextEquiv>
            </TextLine>
            <TextLine id="r2l12" custom="readingOrder {index:11;}">
                <Coords points="450,1499 539,1512 625,1474 793,1521 847,1486 902,1526 996,1499 1428,1533 1429,1472 1272,1424 1116,1461 984,1414 921,1441 797,1413 757,1438 673,1398 453,1409"/>
                <Baseline points="459,1460 507,1464 555,1467 603,1469 651,1470 699,1473 747,1475 796,1476 844,1477 892,1478 940,1479 988,1481 1036,1482 1084,1484 1133,1485 1181,1487 1229,1488 1277,1491 1325,1495 1373,1499 1422,1502"/>
                <TextEquiv>
                    <Unicode>gegenwart zweyer arbeiteren</Unicode>
                </TextEquiv>
            </TextLine>
            <TextLine id="r2l13" custom="readingOrder {index:12;}">
                <Coords points="446,1619 718,1594 811,1645 925,1596 1048,1658 1144,1622 1207,1664 1269,1622 1315,1647 1427,1616 1428,1590 1313,1547 1186,1550 1119,1506 825,1517 763,1549 653,1504 450,1498"/>
                <Baseline points="456,1569 504,1571 552,1574 600,1576 648,1578 696,1580 744,1581 793,1583 841,1584 889,1586 937,1587 985,1589 1033,1589 1081,1591 1130,1593 1178,1595 1226,1597 1274,1600 1322,1603 1370,1605 1419,1610"/>
                <TextEquiv>
                    <Unicode>jedoch ohne, daß Sie deßen gewahr¬</Unicode>
                </TextEquiv>
            </TextLine>
            <TextLine id="r2l14" custom="readingOrder {index:13;}">
                <Coords points="451,1703 772,1749 855,1708 1339,1741 1435,1719 1437,1678 813,1646 750,1609 670,1644 453,1618"/>
                <Baseline points="459,1676 507,1677 555,1679 604,1680 652,1683 701,1683 749,1685 798,1685 846,1686 895,1687 943,1688 991,1689 1040,1690 1088,1691 1137,1692 1185,1694 1234,1697 1282,1698 1331,1701 1379,1704 1428,1707"/>
                <TextEquiv>
                    <Unicode>worden, die Rectors weggnemmen</Unicode>
                </TextEquiv>
            </TextLine>
            <TextLine id="r2l15" custom="readingOrder {index:14;}">
                <Coords points="451,1789 958,1851 1034,1809 1250,1855 1445,1818 1446,1760 1395,1734 1323,1773 1243,1726 812,1757 612,1715 452,1745"/>
                <Baseline points="459,1781 507,1784 556,1785 605,1787 654,1788 703,1790 752,1790 801,1791 850,1791 899,1791 948,1793 996,1793 1045,1794 1094,1794 1143,1796 1192,1797 1241,1798 1290,1800 1339,1803 1388,1806 1437,1809"/>
                <TextEquiv>
                    <Unicode>können. Die außtauschung der¬</Unicode>
                </TextEquiv>
            </TextLine>
            <TextLine id="r2l16" custom="readingOrder {index:15;}">
                <Coords points="445,1926 605,1899 765,1949 830,1912 1024,1933 1098,1904 1399,1947 1474,1923 1475,1887 1368,1839 1196,1832 1083,1873 865,1821 550,1835 448,1795"/>
                <Baseline points="453,1886 503,1888 554,1890 605,1892 655,1892 706,1893 757,1893 807,1893 858,1893 909,1893 960,1893 1010,1895 1061,1895 1112,1895 1162,1896 1213,1898 1264,1900 1314,1903 1365,1905 1416,1910 1467,1914"/>
                <TextEquiv>
                    <Unicode>eselben aber habe er in der Mittags</Unicode>
                </TextEquiv>
            </TextLine>
            <TextLine id="r2l17" custom="readingOrder {index:16;}">
                <Coords points="454,2014 584,2057 642,2024 692,2062 785,2012 967,2046 1061,2007 1213,2039 1345,2021 1345,1950 1312,1941 997,1924 900,1973 607,1906 454,1942"/>
                <Baseline points="462,1998 505,1998 549,2000 593,2000 637,2000 681,2000 724,2001 768,2001 812,2001 856,2001 900,2001 943,2001 987,2001 1031,2003 1075,2003 1119,2001 1162,2001 1206,2001 1250,2001 1294,2001 1338,2001"/>
                <TextEquiv>
                    <Unicode>Stund, wie gemelt verrichtet.</Unicode>
                </TextEquiv>
            </TextLine>
            <TextLine id="r2l18" custom="readingOrder {index:17;}">
                <Coords points="455,2167 784,2234 842,2195 1080,2233 1465,2223 1466,2143 1404,2122 1246,2107 1135,2152 942,2096 879,2135 661,2148 553,2084 456,2102"/>
                <Baseline points="462,2162 511,2163 561,2165 611,2166 661,2167 711,2168 760,2168 810,2169 860,2169 910,2169 960,2171 1009,2171 1059,2172 1109,2172 1159,2173 1209,2174 1258,2175 1308,2178 1358,2180 1408,2183 1458,2184"/>
                <TextEquiv>
                    <Unicode>Wann er angefangen untreü zu¬</Unicode>
                </TextEquiv>
            </TextLine>
            <TextLine id="r2l19" custom="readingOrder {index:18;}">
                <Coords points="430,2279 459,2284 482,2300 540,2266 589,2276 589,2240 571,2240 563,2232 537,2240 506,2211 477,2196 456,2204 430,2201"/>
                <Baseline points="438,2261 466,2262 495,2262 524,2262 553,2262 582,2261"/>
                <TextEquiv>
                    <Unicode>seggen</Unicode>
                </TextEquiv>
            </TextLine>
            <TextLine id="r2l20" custom="readingOrder {index:19;}">
                <Coords points="439,2456 835,2412 969,2450 1254,2420 1305,2454 1412,2412 1384,2331 1281,2374 1210,2326 1069,2368 912,2325 808,2362 439,2346"/>
                <Baseline points="447,2400 494,2403 542,2405 590,2406 638,2406 686,2407 734,2408 781,2407 829,2406 877,2406 925,2405 973,2405 1021,2403 1069,2403 1116,2402 1164,2400 1212,2400 1260,2400 1308,2399 1356,2399 1404,2399"/>
                <TextEquiv>
                    <Unicode>Er habe sich biß im Herbstmonath</Unicode>
                </TextEquiv>
            </TextLine>
            <TextLine id="r2l21" custom="readingOrder {index:20;}">
                <Coords points="431,2503 1390,2505 1390,2464 1207,2422 883,2458 827,2425 720,2466 648,2424 584,2464 484,2435 431,2458"/>
                <Baseline points="438,2489 485,2489 532,2490 579,2490 626,2490 674,2492 721,2492 768,2492 815,2492 862,2493 910,2493 957,2493 1004,2492 1051,2492 1098,2492 1146,2490 1193,2490 1240,2489 1287,2487 1334,2486 1382,2484"/>
                <TextEquiv>
                    <Unicode>ferndrigen Jahrs allezeit treu</Unicode>
                </TextEquiv>
            </TextLine>
            <TextLine id="r2l22" custom="readingOrder {index:21;}">
                <Coords points="433,2606 528,2635 685,2592 932,2634 1247,2589 1462,2630 1461,2542 1339,2552 1253,2503 1189,2549 1117,2514 877,2512 752,2560 665,2497 584,2526 432,2508"/>
                <Baseline points="440,2582 490,2582 541,2583 592,2583 642,2583 693,2585 744,2585 794,2583 845,2583 896,2583 947,2583 997,2582 1048,2582 1099,2580 1149,2580 1200,2579 1251,2579 1301,2577 1352,2577 1403,2576 1454,2576"/>
                <TextEquiv>
                    <Unicode>verhalten, und erst dann zumahl¬</Unicode>
                </TextEquiv>
            </TextLine>
            <TextLine id="r2l23" custom="readingOrder {index:22;}">
                <Coords points="434,2725 562,2746 831,2688 1055,2684 1197,2729 1450,2706 1449,2625 1388,2599 1256,2647 1050,2598 940,2656 649,2613 563,2658 433,2623"/>
                <Baseline points="440,2673 490,2676 540,2679 590,2680 640,2681 690,2682 740,2682 790,2682 840,2682 890,2682 941,2682 991,2681 1041,2680 1091,2679 1141,2678 1191,2676 1241,2675 1291,2673 1341,2672 1391,2672 1442,2670"/>
                <TextEquiv>
                    <Unicode>angefangen untreu zu werden.</Unicode>
                </TextEquiv>
            </TextLine>
            <TextLine id="r2l24" custom="readingOrder {index:23;}">
                <Coords points="442,2853 509,2883 587,2829 636,2862 788,2822 887,2852 1029,2826 1128,2870 1198,2824 1413,2868 1474,2846 1473,2755 1346,2729 1086,2773 987,2719 795,2762 441,2747"/>
                <Baseline points="449,2816 499,2818 550,2819 601,2821 652,2822 703,2822 754,2822 804,2822 855,2822 906,2822 957,2820 1008,2820 1059,2819 1110,2818 1160,2817 1211,2816 1262,2814 1313,2813 1364,2811 1415,2811 1466,2810"/>
                <TextEquiv>
                    <Unicode>Ob er seinem Weib von diesen entwenten</Unicode>
                </TextEquiv>
            </TextLine>
            <TextLine id="r2l25" custom="readingOrder {index:24;}">
                <Coords points="418,2910 828,2911 907,2957 1009,2927 1134,2955 1192,2913 1398,2913 1425,2831 1251,2822 1134,2874 978,2877 578,2838 510,2881 416,2827"/>
                <Baseline points="425,2900 474,2901 524,2903 574,2904 623,2906 673,2906 723,2906 772,2906 822,2906 872,2906 922,2905 971,2904 1021,2903 1071,2902 1120,2900 1170,2898 1220,2895 1269,2894 1319,2891 1369,2888 1419,2886"/>
                <TextEquiv>
                    <Unicode>Stucken keine gegeben, und ober</Unicode>
                </TextEquiv>
            </TextLine>
            <TextLine id="r2l26" custom="readingOrder {index:25;}">
                <Coords points="421,3008 513,3055 640,3003 707,3032 1050,3003 1140,3037 1182,3000 1422,2994 1434,2915 1353,2945 1192,2915 1097,2960 965,2929 908,2956 857,2921 747,2968 696,2934 486,2959 419,2924"/>
                <Baseline points="428,2991 480,2994 533,2997 585,2999 638,2999 690,3000 743,2999 796,2999 848,2998 901,2996 953,2995 1006,2993 1058,2991 1111,2988 1164,2986 1216,2983 1269,2981 1321,2979 1374,2976 1427,2975"/>
                <TextEquiv>
                    <Unicode>von seinem diebstahl nicht bekant,</Unicode>
                </TextEquiv>
            </TextLine>
            <TextLine id="r2l27" custom="readingOrder {index:26;}">
                <Coords points="403,3131 437,3139 472,3121 502,3140 528,3126 578,3161 630,3115 660,3135 717,3101 769,3113 817,3089 864,3105 865,3041 709,3044 666,3067 577,3031 512,3055 444,3044 403,3069"/>
                <Baseline points="411,3095 437,3095 463,3095 489,3096 515,3096 542,3096 568,3096 594,3098 620,3098 647,3098 673,3099 699,3099 725,3099 752,3099 778,3099 804,3098 830,3097 857,3096"/>
                <TextEquiv>
                    <Unicode>uschafft gehabt.</Unicode>
                </TextEquiv>
            </TextLine>
            <TextLine id="r2l28" custom="readingOrder {index:27;}">
                <Coords points="424,3278 584,3262 656,3293 737,3262 872,3323 958,3263 1344,3272 1460,3237 1459,3185 1382,3220 1264,3159 1102,3200 423,3203"/>
                <Baseline points="431,3252 482,3254 533,3255 584,3257 635,3257 686,3258 737,3258 788,3260 839,3260 890,3260 941,3258 992,3258 1043,3257 1094,3257 1145,3255 1196,3254 1247,3252 1298,3251 1349,3248 1400,3245 1452,3243"/>
                <TextEquiv>
                    <Unicode>Er versichere, daß sein Weil von seiner</Unicode>
                </TextEquiv>
            </TextLine>
            <TextLine id="r2l29" custom="readingOrder {index:28;}">
                <Coords points="418,3363 1112,3372 1302,3346 1344,3295 1265,3261 1086,3322 952,3291 768,3323 580,3263 499,3311 417,3312"/>
                <Baseline points="425,3341 470,3341 516,3341 561,3341 607,3342 653,3342 698,3342 744,3344 789,3344 835,3344 881,3344 926,3344 972,3344 1017,3344 1063,3342 1109,3341 1154,3339 1200,3336 1245,3334 1291,3330 1337,3326"/>
                <TextEquiv>
                    <Unicode>mitren und Schlimmen thaten</Unicode>
                </TextEquiv>
            </TextLine>
            <TextLine id="r2l30" custom="readingOrder {index:29;}">
                <Coords points="405,3439 668,3463 740,3437 771,3467 890,3443 933,3480 1130,3428 1263,3449 1417,3419 1394,3339 1186,3389 755,3363 544,3407 459,3350 404,3360"/>
                <Baseline points="413,3431 462,3429 512,3429 562,3429 612,3429 662,3429 711,3429 761,3429 811,3429 861,3429 911,3429 960,3428 1010,3427 1060,3426 1110,3423 1160,3421 1209,3418 1259,3415 1309,3411 1359,3405 1409,3399"/>
                <TextEquiv>
                    <Unicode>keine Wißenschafft gehabt, er habe</Unicode>
                </TextEquiv>
            </TextLine>
            <TextLine id="r2l31" custom="readingOrder {index:30;}">
                <Coords points="380,3573 452,3538 545,3578 620,3539 904,3526 991,3566 1063,3524 1232,3549 1429,3512 1414,3415 1325,3460 1207,3434 1155,3475 1064,3450 932,3483 885,3443 844,3476 663,3464 598,3507 378,3481"/>
                <Baseline points="387,3534 438,3531 490,3529 542,3527 593,3527 645,3525 697,3524 748,3524 800,3524 852,3522 904,3522 955,3522 1007,3521 1059,3519 1110,3518 1162,3516 1214,3513 1265,3510 1317,3507 1369,3502 1421,3497"/>
                <TextEquiv>
                    <Unicode>Ihr auch nichts von diesem Selt weder</Unicode>
                </TextEquiv>
            </TextLine>
            <TextEquiv>
                <Unicode>So man weiß gestolten, etwas wenigen
genommen, biß es endlich auf diese
große Summ angewachsen.
ob er allein oder in gegenwart jemanden
diese Jettons so wohl ander Sacken
als in der Kuntz entwendet, und
nachwerts bey dem Frag Stakauß¬
getauschet.
Er habe in der Silber Streiki und bey¬
dem weiß binden, jeweilen in al¬
wesenheit herren Müllers aber in
gegenwart zweyer arbeiteren
jedoch ohne, daß Sie deßen gewahr¬
worden, die Rectors weggnemmen
können. Die außtauschung der¬
eselben aber habe er in der Mittags
Stund, wie gemelt verrichtet.
Wann er angefangen untreü zu¬
seggen
Er habe sich biß im Herbstmonath
ferndrigen Jahrs allezeit treu
verhalten, und erst dann zumahl¬
angefangen untreu zu werden.
Ob er seinem Weib von diesen entwenten
Stucken keine gegeben, und ober
von seinem diebstahl nicht bekant,
uschafft gehabt.
Er versichere, daß sein Weil von seiner
mitren und Schlimmen thaten
keine Wißenschafft gehabt, er habe
Ihr auch nichts von diesem Selt weder</Unicode>
            </TextEquiv>
        </TextRegion>
        <TextRegion orientation="0.0" id="r3" custom="readingOrder {index:2;}">
            <Coords points="1571,315 1571,3519 2820,3519 2820,315"/>
            <TextLine id="r3l1" custom="readingOrder {index:0;}">
                <Coords points="2704,406 2718,404 2743,390 2753,398 2767,391 2814,391 2818,320 2802,325 2764,299 2731,329 2708,329"/>
                <Baseline points="2714,357 2745,357 2776,359 2808,362"/>
                <TextEquiv>
                    <Unicode>41.</Unicode>
                </TextEquiv>
            </TextLine>
            <TextLine id="r3l2" custom="readingOrder {index:1;}">
                <Coords points="1780,540 2006,515 2060,561 2196,507 2331,546 2462,512 2721,524 2763,518 2764,484 2579,481 2514,431 2322,489 2070,434 1781,446"/>
                <Baseline points="1788,503 1836,504 1884,506 1933,507 1981,507 2030,507 2078,507 2126,507 2175,507 2223,507 2272,507 2320,507 2368,507 2417,507 2465,507 2514,507 2562,509 2610,509 2659,510 2707,512 2756,515"/>
                <TextEquiv>
                    <Unicode>Gezeigt noch gegeben, indemme er</Unicode>
                </TextEquiv>
            </TextLine>
            <TextLine id="r3l3" custom="readingOrder {index:2;}">
                <Coords points="1801,591 1901,623 2093,588 2122,611 2739,590 2739,537 2627,520 2582,541 2508,516 2450,561 2180,513 2063,559 2015,529 1801,533"/>
                <Baseline points="1809,576 1855,578 1901,578 1947,579 1993,579 2039,581 2085,581 2132,581 2178,581 2224,581 2270,581 2316,581 2362,581 2408,581 2455,581 2501,581 2547,581 2593,582 2639,583 2685,584 2732,585"/>
                <TextEquiv>
                    <Unicode>selbiges allezeit wohl in dem Sach</Unicode>
                </TextEquiv>
            </TextLine>
            <TextLine id="r3l4" custom="readingOrder {index:3;}">
                <Coords points="1792,678 1889,665 2002,711 2297,656 2403,707 2454,665 2607,703 2760,677 2760,631 2715,643 2668,602 2527,626 2435,592 2318,641 2190,606 2093,634 2037,599 1872,624 1792,593"/>
                <Baseline points="1799,657 1846,657 1894,658 1942,659 1989,659 2037,659 2085,659 2132,659 2180,659 2228,657 2276,657 2323,657 2371,657 2419,659 2466,659 2514,659 2562,660 2609,661 2657,662 2705,665 2753,666"/>
                <TextEquiv>
                    <Unicode>verwahrt gehalten. Außert, daß er</Unicode>
                </TextEquiv>
            </TextLine>
            <TextLine id="r3l5" custom="readingOrder {index:4;} person {offset:21; length:6;}">
                <Coords points="1791,744 1864,770 2060,742 2127,779 2204,742 2644,779 2788,749 2773,696 2584,718 2451,674 2398,712 2299,656 2232,702 2066,681 1994,715 1920,680 1792,710"/>
                <Baseline points="1799,728 1848,731 1897,732 1946,734 1995,735 2044,735 2093,737 2142,737 2191,737 2240,737 2289,737 2338,737 2387,737 2436,737 2485,738 2534,738 2583,738 2632,740 2681,741 2730,741 2780,744"/>
                <TextEquiv>
                    <Unicode>einsten in deß Weibs Keller bey 20</Unicode>
                </TextEquiv>
            </TextLine>
            <TextLine id="r3l6" custom="readingOrder {index:5;}">
                <Coords points="1786,849 2215,821 2513,871 2609,832 2669,874 2818,833 2819,801 2629,766 2565,799 2372,759 2137,780 2051,746 1920,792 1787,788"/>
                <Baseline points="1794,804 1844,808 1895,811 1946,813 1997,816 2048,817 2099,818 2149,819 2200,820 2251,821 2302,821 2353,821 2404,822 2455,822 2505,822 2556,824 2607,825 2658,825 2709,828 2760,831 2811,833"/>
                <TextEquiv>
                    <Unicode>angeprägte P. 10. Stücklin getragen</Unicode>
                </TextEquiv>
            </TextLine>
            <TextLine id="r3l7" custom="readingOrder {index:6;}">
                <Coords points="1779,907 2812,944 2787,864 2636,891 2303,833 2069,879 1781,851"/>
                <Baseline points="1788,888 1838,890 1889,893 1940,894 1991,896 2042,897 2093,899 2143,900 2194,900 2245,901 2296,902 2347,903 2398,903 2449,905 2499,906 2550,908 2601,909 2652,912 2703,915 2754,918 2805,923"/>
                <TextEquiv>
                    <Unicode>die er in ein Schäfftlin gethan, welche</Unicode>
                </TextEquiv>
            </TextLine>
            <TextLine id="r3l8" custom="readingOrder {index:7;}">
                <Coords points="1781,985 2441,999 2567,1048 2652,1007 2821,1018 2822,977 2683,932 2564,961 2333,910 2202,966 2036,911 1928,957 1784,904"/>
                <Baseline points="1788,968 1839,970 1890,972 1941,975 1993,977 2044,978 2095,980 2147,981 2198,983 2249,984 2301,986 2352,987 2403,989 2454,990 2506,993 2557,995 2608,998 2660,1001 2711,1004 2762,1008 2814,1011"/>
                <TextEquiv>
                    <Unicode>also unter ihre hand könten gefallen</Unicode>
                </TextEquiv>
            </TextLine>
            <TextLine id="r3l9" custom="readingOrder {index:8;}">
                <Coords points="1746,1094 1778,1087 1796,1099 1822,1074 1861,1077 1886,1067 1913,1070 1913,1027 1885,1035 1850,1004 1818,996 1800,1005 1785,993 1758,1015 1747,1014"/>
                <Baseline points="1754,1056 1779,1059 1804,1059 1829,1058 1854,1058 1879,1058 1905,1061"/>
                <TextEquiv>
                    <Unicode>sachen.</Unicode>
                </TextEquiv>
            </TextLine>
            <TextLine id="r3l10" custom="readingOrder {index:9;}">
                <Coords points="1598,1241 1671,1260 1692,1256 1697,1261 1708,1251 1716,1253 1732,1237 1743,1237 1741,1160 1713,1153 1678,1131 1659,1144 1638,1141 1623,1151 1609,1140 1595,1139"/>
                <Baseline points="1605,1206 1630,1209 1656,1209 1682,1207 1708,1205 1734,1206"/>
                <TextEquiv>
                    <Unicode>Jung.</Unicode>
                </TextEquiv>
            </TextLine>
            <TextLine id="r3l11" custom="readingOrder {index:10;}">
                <Coords points="1782,1269 2036,1228 2186,1266 2278,1237 2571,1250 2636,1285 2827,1251 2829,1181 2676,1222 2477,1163 2392,1202 2278,1169 2150,1200 1785,1168"/>
                <Baseline points="1791,1211 1842,1211 1893,1213 1945,1214 1996,1215 2048,1217 2099,1219 2151,1220 2202,1223 2254,1224 2305,1226 2356,1227 2408,1229 2459,1230 2511,1232 2562,1235 2614,1236 2665,1238 2717,1239 2768,1242 2820,1244"/>
                <TextEquiv>
                    <Unicode>Es seyen aller anschein, daß er sich nicht</Unicode>
                </TextEquiv>
            </TextLine>
            <TextLine id="r3l12" custom="readingOrder {index:11;}">
                <Coords points="1774,1307 1924,1294 2032,1339 2348,1298 2653,1371 2709,1323 2752,1349 2807,1320 2809,1277 2248,1247 2170,1275 2031,1228 1967,1273 1881,1220 1818,1263 1776,1248"/>
                <Baseline points="1782,1284 1832,1287 1883,1290 1934,1292 1985,1294 2036,1296 2087,1298 2137,1299 2188,1301 2239,1302 2290,1302 2341,1304 2392,1305 2443,1307 2493,1308 2544,1310 2595,1312 2646,1315 2697,1317 2748,1320 2799,1325"/>
                <TextEquiv>
                    <Unicode>erst an dieser letzten Münzung, welche</Unicode>
                </TextEquiv>
            </TextLine>
            <TextLine id="r3l13" custom="readingOrder {index:12;}">
                <Coords points="1777,1368 2076,1402 2139,1376 2277,1416 2804,1408 2782,1353 2652,1372 2572,1331 2296,1353 2176,1314 2023,1346 1779,1316"/>
                <Baseline points="1785,1355 1835,1358 1886,1362 1936,1365 1987,1367 2037,1369 2088,1371 2138,1373 2189,1374 2239,1376 2290,1378 2341,1379 2391,1382 2442,1383 2492,1385 2543,1387 2593,1389 2644,1391 2694,1394 2745,1397 2796,1400"/>
                <TextEquiv>
                    <Unicode>wie ihme wohl bekant, nicht habe auß¬</Unicode>
                </TextEquiv>
            </TextLine>
            <TextLine id="r3l14" custom="readingOrder {index:13;}">
                <Coords points="1756,1485 2050,1456 2150,1513 2274,1466 2803,1491 2822,1420 2668,1438 2556,1403 2439,1444 2148,1390 2090,1433 1994,1400 1876,1428 1759,1387"/>
                <Baseline points="1764,1442 1816,1445 1868,1446 1921,1449 1973,1451 2026,1453 2078,1455 2131,1457 2183,1458 2236,1460 2288,1461 2340,1463 2393,1464 2445,1466 2498,1467 2550,1469 2603,1470 2655,1472 2708,1473 2760,1475 2813,1476"/>
                <TextEquiv>
                    <Unicode>gegeben werden sollen werde vergriffen</Unicode>
                </TextEquiv>
            </TextLine>
            <TextLine id="r3l15" custom="readingOrder {index:14;}">
                <Coords points="1750,1564 2702,1586 2721,1486 2588,1479 2519,1528 2465,1483 2388,1502 2320,1469 2200,1532 2018,1474 1899,1514 1751,1497"/>
                <Baseline points="1758,1538 1805,1539 1853,1541 1901,1542 1948,1543 1996,1544 2044,1545 2091,1547 2139,1548 2187,1548 2235,1550 2282,1551 2330,1551 2378,1553 2425,1553 2473,1554 2521,1554 2568,1555 2616,1556 2664,1556 2712,1556"/>
                <TextEquiv>
                    <Unicode>habe, und er vermutlich schon zuvor</Unicode>
                </TextEquiv>
            </TextLine>
            <TextLine id="r3l16" custom="readingOrder {index:15;}">
                <Coords points="1750,1647 2022,1648 2098,1694 2214,1649 2360,1692 2498,1654 2627,1697 2746,1671 2748,1614 2579,1597 2484,1629 2424,1591 2064,1597 1890,1560 1751,1590"/>
                <Baseline points="1758,1625 1807,1627 1856,1629 1905,1631 1954,1633 2003,1634 2052,1637 2101,1638 2150,1640 2199,1641 2248,1642 2297,1643 2346,1644 2395,1646 2444,1647 2493,1647 2542,1649 2591,1650 2640,1650 2689,1652 2739,1652"/>
                <TextEquiv>
                    <Unicode>untreu werde gewesen seyn. Er seye</Unicode>
                </TextEquiv>
            </TextLine>
            <TextLine id="r3l17" custom="readingOrder {index:16;}">
                <Coords points="1757,1763 1882,1719 2025,1779 2131,1737 2459,1746 2602,1802 2681,1762 2733,1811 2805,1791 2793,1683 2519,1711 2262,1665 2185,1709 2039,1664 1761,1675"/>
                <Baseline points="1767,1715 1818,1716 1870,1718 1921,1719 1973,1721 2025,1724 2076,1726 2128,1728 2179,1730 2231,1731 2283,1734 2334,1736 2386,1738 2437,1740 2489,1742 2541,1743 2592,1745 2644,1747 2695,1748 2747,1749 2799,1751"/>
                <TextEquiv>
                    <Unicode>also ernstlich ermahnet, alles freymütig</Unicode>
                </TextEquiv>
            </TextLine>
            <TextLine id="r3l18" custom="readingOrder {index:17;}">
                <Coords points="1744,1835 2059,1831 2146,1885 2269,1839 2507,1847 2565,1891 2728,1849 2730,1775 2564,1816 2460,1749 2368,1798 2221,1772 2146,1797 2091,1759 1975,1783 1898,1725 1746,1764"/>
                <Baseline points="1752,1814 1800,1814 1848,1815 1897,1815 1945,1817 1994,1818 2042,1820 2091,1821 2139,1823 2188,1824 2236,1826 2284,1827 2333,1829 2381,1830 2430,1832 2478,1833 2527,1835 2575,1836 2624,1838 2672,1839 2721,1839"/>
                <TextEquiv>
                    <Unicode>zu offenbahren, So werde er desto</Unicode>
                </TextEquiv>
            </TextLine>
            <TextLine id="r3l19" custom="readingOrder {index:18;} person {offset:14; length:4;}">
                <Coords points="1740,1927 1872,1966 1988,1914 2046,1959 2331,1927 2463,1985 2558,1940 2727,1952 2729,1893 2499,1904 2390,1855 2145,1885 1970,1821 1917,1862 1742,1854"/>
                <Baseline points="1748,1896 1796,1898 1845,1900 1893,1902 1942,1904 1991,1907 2039,1908 2088,1910 2137,1913 2185,1914 2234,1916 2283,1917 2331,1919 2380,1920 2429,1922 2477,1923 2526,1925 2575,1926 2623,1926 2672,1928 2721,1928"/>
                <TextEquiv>
                    <Unicode>eher gnad bey Gott und vergebung</Unicode>
                </TextEquiv>
            </TextLine>
            <TextLine id="r3l20" custom="readingOrder {index:19;}">
                <Coords points="1735,2011 2016,2012 2112,2063 2278,2013 2344,2045 2432,2023 2592,2050 2594,1974 2456,1989 2356,1936 2142,1957 2093,1933 2051,1959 1931,1929 1873,1967 1738,1929"/>
                <Baseline points="1743,1985 1785,1987 1827,1989 1869,1991 1911,1993 1953,1994 1995,1995 2038,1997 2080,1998 2122,2000 2164,2001 2206,2002 2248,2003 2290,2004 2333,2006 2375,2007 2417,2007 2459,2009 2501,2010 2543,2012 2586,2012"/>
                <TextEquiv>
                    <Unicode>seiner Bunden finden können.</Unicode>
                </TextEquiv>
            </TextLine>
            <TextLine id="r3l21" custom="readingOrder {index:20;}">
                <Coords points="1612,2139 1628,2141 1647,2131 1656,2133 1698,2167 1727,2179 1732,2058 1676,2048 1657,2056 1643,2048 1632,2054 1616,2044"/>
                <Baseline points="1620,2117 1645,2118 1671,2120 1696,2121 1722,2120"/>
                <TextEquiv>
                    <Unicode>Aufl</Unicode>
                </TextEquiv>
            </TextLine>
            <TextLine id="r3l22" custom="readingOrder {index:21;}">
                <Coords points="1763,2130 1897,2171 2029,2130 2087,2188 2176,2154 2537,2203 2632,2163 2758,2179 2760,2140 2490,2075 2358,2119 2200,2067 2031,2053 1971,2084 1766,2049"/>
                <Baseline points="1770,2120 1819,2122 1868,2124 1917,2126 1966,2129 2015,2131 2064,2133 2113,2136 2162,2137 2211,2140 2260,2142 2309,2145 2358,2147 2407,2149 2456,2151 2505,2154 2554,2157 2603,2160 2652,2162 2701,2165 2751,2168"/>
                <TextEquiv>
                    <Unicode>r betheure bey seinem Gewißen</Unicode>
                </TextEquiv>
            </TextLine>
            <TextLine id="r3l23" custom="readingOrder {index:22;}">
                <Coords points="1753,2219 2495,2236 2625,2302 2692,2241 2773,2249 2775,2214 2620,2174 2538,2204 2460,2175 2266,2198 2175,2154 2090,2187 2038,2147 1988,2182 1757,2128"/>
                <Baseline points="1761,2195 1811,2196 1861,2199 1911,2201 1962,2204 2012,2207 2062,2210 2112,2212 2163,2215 2213,2217 2263,2220 2313,2223 2364,2226 2414,2229 2464,2231 2514,2233 2565,2235 2615,2237 2665,2238 2715,2240 2766,2241"/>
                <TextEquiv>
                    <Unicode>daß in den vorigen Suchungen</Unicode>
                </TextEquiv>
            </TextLine>
            <TextLine id="r3l24" custom="readingOrder {index:23;}">
                <Coords points="1737,2280 1909,2322 2063,2301 2103,2332 2331,2310 2428,2358 2567,2307 2770,2333 2775,2250 2491,2284 2394,2239 2328,2273 2265,2236 1860,2217 1813,2251 1741,2211"/>
                <Baseline points="1746,2271 1796,2273 1847,2275 1898,2277 1949,2280 2000,2283 2051,2286 2101,2288 2152,2292 2203,2294 2254,2297 2305,2300 2356,2303 2407,2306 2457,2309 2508,2310 2559,2312 2610,2315 2661,2316 2712,2318 2763,2319"/>
                <TextEquiv>
                    <Unicode>er sich gänzlich treu erzeiget, und</Unicode>
                </TextEquiv>
            </TextLine>
            <TextLine id="r3l25" custom="readingOrder {index:24;}">
                <Coords points="1736,2404 1932,2422 2048,2375 2215,2425 2321,2383 2504,2400 2595,2448 2778,2435 2781,2355 2698,2321 2547,2304 2428,2357 2315,2313 2235,2355 2049,2300 1921,2335 1741,2282"/>
                <Baseline points="1746,2358 1797,2361 1848,2364 1899,2366 1951,2369 2002,2370 2053,2373 2104,2375 2156,2378 2207,2379 2258,2382 2309,2384 2361,2386 2412,2388 2463,2390 2514,2393 2566,2395 2617,2397 2668,2400 2719,2403 2771,2406"/>
                <TextEquiv>
                    <Unicode>erst seith dem Herbstmonat auf diese</Unicode>
                </TextEquiv>
            </TextLine>
            <TextLine id="r3l26" custom="readingOrder {index:25;}">
                <Coords points="1734,2490 1925,2450 2227,2497 2331,2478 2540,2537 2789,2490 2791,2445 2741,2431 2562,2462 2499,2422 2392,2435 2320,2383 2208,2443 2040,2386 1965,2434 1738,2401"/>
                <Baseline points="1743,2439 1794,2443 1846,2445 1898,2450 1950,2452 2002,2456 2054,2459 2106,2462 2158,2465 2210,2468 2262,2470 2313,2473 2365,2475 2417,2478 2469,2480 2521,2483 2573,2484 2625,2486 2677,2487 2729,2489 2781,2490"/>
                <TextEquiv>
                    <Unicode>bösen gedancken und thaten geraten</Unicode>
                </TextEquiv>
            </TextLine>
            <TextLine id="r3l27" custom="readingOrder {index:26;}">
                <Coords points="1731,2569 1882,2554 2006,2589 2104,2560 2500,2608 2695,2584 2803,2615 2806,2543 2747,2522 2455,2552 2390,2518 1984,2520 1899,2464 1735,2491"/>
                <Baseline points="1740,2532 1792,2536 1845,2539 1898,2542 1951,2544 2004,2548 2056,2550 2109,2553 2162,2556 2215,2558 2268,2561 2320,2564 2373,2566 2426,2568 2479,2571 2532,2573 2584,2576 2637,2577 2690,2580 2743,2582 2796,2585"/>
                <TextEquiv>
                    <Unicode>sonsten er /: wie er wohl erweisen könte</Unicode>
                </TextEquiv>
            </TextLine>
            <TextLine id="r3l28" custom="readingOrder {index:27;}">
                <Coords points="1729,2663 1962,2648 2138,2691 2180,2660 2241,2701 2310,2664 2386,2698 2606,2666 2664,2717 2795,2697 2800,2620 2434,2598 2334,2635 2220,2574 1982,2610 1735,2567"/>
                <Baseline points="1740,2618 1792,2621 1845,2625 1897,2628 1950,2630 2002,2633 2055,2637 2107,2640 2160,2643 2212,2646 2265,2649 2317,2652 2370,2655 2422,2657 2475,2660 2527,2663 2580,2664 2632,2667 2685,2669 2737,2670 2790,2672"/>
                <TextEquiv>
                    <Unicode>nicht gemüßiget gewesen wäre, gelt</Unicode>
                </TextEquiv>
            </TextLine>
            <TextLine id="r3l29" custom="readingOrder {index:28;}">
                <Coords points="1707,2751 1773,2721 1950,2761 2356,2748 2411,2801 2774,2782 2778,2701 2312,2672 2254,2707 2188,2665 2045,2704 1938,2663 1806,2699 1711,2659"/>
                <Baseline points="1716,2712 1768,2715 1821,2718 1873,2721 1926,2724 1979,2727 2031,2730 2084,2733 2136,2736 2189,2739 2242,2742 2294,2745 2347,2748 2399,2751 2452,2753 2505,2756 2557,2758 2610,2760 2662,2762 2715,2762 2768,2763"/>
                <TextEquiv>
                    <Unicode>In entlehnen, für den Hauß zins und</Unicode>
                </TextEquiv>
            </TextLine>
            <TextLine id="r3l30" custom="readingOrder {index:29;}">
                <Coords points="1721,2853 1819,2873 1913,2812 1950,2849 2041,2826 2164,2863 2222,2837 2467,2868 2484,2811 2421,2820 2335,2761 2270,2788 2236,2762 2189,2795 2121,2761 2086,2788 1967,2752 1889,2795 1728,2720"/>
                <Baseline points="1731,2802 1768,2805 1805,2808 1842,2810 1879,2813 1917,2814 1954,2816 1991,2818 2028,2820 2065,2822 2103,2823 2140,2825 2177,2826 2214,2828 2251,2831 2289,2832 2326,2834 2363,2836 2400,2838 2437,2840 2475,2843"/>
                <TextEquiv>
                    <Unicode>übrige Schulden zubezalen.</Unicode>
                </TextEquiv>
            </TextLine>
            <TextLine id="r3l31" custom="readingOrder {index:30;}">
                <Coords points="1574,2975 1582,2975 1632,3017 1658,3007 1674,2993 1693,2991 1701,2889 1687,2885 1668,2895 1645,2881 1627,2894 1580,2898"/>
                <Baseline points="1583,2949 1609,2953 1635,2955 1661,2956 1688,2958"/>
                <TextEquiv>
                    <Unicode>Frag</Unicode>
                </TextEquiv>
            </TextLine>
            <TextLine id="r3l32" custom="readingOrder {index:31;}">
                <Coords points="1740,2977 1887,2973 1947,3017 2035,2989 2187,3026 2394,3003 2638,3062 2732,3036 2717,2967 2571,2988 2404,2914 2308,2951 1744,2902"/>
                <Baseline points="1749,2960 1797,2964 1846,2968 1895,2972 1944,2974 1993,2978 2042,2981 2090,2984 2139,2987 2188,2990 2237,2992 2286,2994 2335,2997 2384,3000 2432,3001 2481,3005 2530,3006 2579,3009 2628,3011 2677,3014 2726,3015"/>
                <TextEquiv>
                    <Unicode>Ob er nicht vor etwelchen Jahren bey¬</Unicode>
                </TextEquiv>
            </TextLine>
            <TextLine id="r3l33" custom="readingOrder {index:32;} person {offset:4; length:11;} place {offset:20; length:4;}">
                <Coords points="1708,3051 2448,3094 2523,3133 2726,3110 2728,3070 2525,3025 2357,3066 2310,3025 2145,2998 1889,3022 1819,2977 1712,2980"/>
                <Baseline points="1716,3047 1766,3048 1816,3050 1866,3053 1916,3056 1967,3058 2017,3061 2067,3064 2117,3067 2167,3071 2218,3074 2268,3077 2318,3080 2368,3083 2418,3086 2469,3089 2519,3090 2569,3093 2619,3095 2669,3095 2720,3096"/>
                <TextEquiv>
                    <Unicode>dem Hans Müller von Trub, da er</Unicode>
                </TextEquiv>
            </TextLine>
            <TextLine id="r3l34" custom="readingOrder {index:33;} place {offset:23; length:10;}">
                <Coords points="1715,3178 1816,3141 2073,3196 2267,3176 2349,3218 2455,3175 2558,3220 2640,3196 2793,3228 2796,3162 2746,3130 2389,3131 1975,3064 1720,3090"/>
                <Baseline points="1725,3135 1778,3139 1831,3141 1884,3145 1937,3149 1990,3152 2043,3156 2096,3158 2149,3162 2202,3164 2256,3168 2309,3170 2362,3173 2415,3175 2468,3177 2521,3179 2574,3181 2627,3182 2680,3183 2733,3185 2787,3185"/>
                <TextEquiv>
                    <Unicode>auf der Wirtschafft zu Rychenbach gewesen,</Unicode>
                </TextEquiv>
            </TextLine>
            <TextLine id="r3l35" custom="readingOrder {index:34;}">
                <Coords points="1705,3278 2079,3274 2209,3311 2327,3285 2605,3337 2787,3291 2790,3227 2439,3189 2172,3233 2022,3164 1975,3194 1709,3178"/>
                <Baseline points="1715,3231 1768,3234 1821,3236 1874,3240 1928,3242 1981,3245 2034,3248 2087,3251 2141,3253 2194,3255 2247,3258 2300,3261 2354,3263 2407,3265 2460,3267 2513,3269 2567,3270 2620,3273 2673,3274 2726,3276 2780,3278"/>
                <TextEquiv>
                    <Unicode>alte funf Fähler gegen Gold außgewechs¬</Unicode>
                </TextEquiv>
            </TextLine>
            <TextLine id="r3l36" custom="readingOrder {index:35;}">
                <Coords points="1715,3344 1727,3343 1742,3356 1751,3350 1783,3353 1816,3332 1831,3330 1838,3337 1859,3320 1896,3336 1900,3273 1886,3265 1845,3284 1832,3269 1785,3298 1766,3280 1750,3284 1720,3265"/>
                <Baseline points="1724,3326 1751,3325 1779,3327 1806,3330 1834,3333 1861,3334 1889,3333"/>
                <TextEquiv>
                    <Unicode>let. 2.</Unicode>
                </TextEquiv>
            </TextLine>
            <TextLine id="r3l37" custom="readingOrder {index:36;}">
                <Coords points="1563,3478 1848,3474 1911,3520 2032,3483 2418,3507 2648,3569 2725,3522 2786,3544 2789,3470 2635,3418 2526,3457 2446,3413 2252,3468 2100,3404 1724,3413 1567,3372"/>
                <Baseline points="1571,3450 1631,3456 1691,3461 1752,3466 1812,3470 1873,3474 1933,3478 1994,3483 2054,3485 2115,3489 2175,3491 2235,3492 2296,3495 2356,3497 2417,3497 2477,3498 2538,3498 2598,3498 2659,3497 2719,3496 2780,3495"/>
                <TextEquiv>
                    <Unicode>Ants. Ja. dieses könne er leider nicht laugnen,</Unicode>
                </TextEquiv>
            </TextLine>
            <TextEquiv>
                <Unicode>41.
Gezeigt noch gegeben, indemme er
selbiges allezeit wohl in dem Sach
verwahrt gehalten. Außert, daß er
einsten in deß Weibs Keller bey 20
angeprägte P. 10. Stücklin getragen
die er in ein Schäfftlin gethan, welche
also unter ihre hand könten gefallen
sachen.
Jung.
Es seyen aller anschein, daß er sich nicht
erst an dieser letzten Münzung, welche
wie ihme wohl bekant, nicht habe auß¬
gegeben werden sollen werde vergriffen
habe, und er vermutlich schon zuvor
untreu werde gewesen seyn. Er seye
also ernstlich ermahnet, alles freymütig
zu offenbahren, So werde er desto
eher gnad bey Gott und vergebung
seiner Bunden finden können.
Aufl
r betheure bey seinem Gewißen
daß in den vorigen Suchungen
er sich gänzlich treu erzeiget, und
erst seith dem Herbstmonat auf diese
bösen gedancken und thaten geraten
sonsten er /: wie er wohl erweisen könte
nicht gemüßiget gewesen wäre, gelt
In entlehnen, für den Hauß zins und
übrige Schulden zubezalen.
Frag
Ob er nicht vor etwelchen Jahren bey¬
dem Hans Müller von Trub, da er
auf der Wirtschafft zu Rychenbach gewesen,
alte funf Fähler gegen Gold außgewechs¬
let. 2.
Ants. Ja. dieses könne er leider nicht laugnen,</Unicode>
            </TextEquiv>
        </TextRegion>
    </Page>
</PcGts>
