3024 4032
240 303 417 438 296.
248 1192 395 1298 12.
220 1338 400 1466 defragt
186 1845 339 1975 Antb.
200 2435 358 2574 frag
164 2927 333 3086 Antb
444 400 1374 574 Betragen der betheure auch, daß ohn
436 476 1351 628 sgericht Er dieser Sach seither genau¬
437 558 1352 713 nachgereitet, er doch an nichts mehr sich
429 642 1381 810 ersinnen möge, daß er nicht würklich bete¬
417 723 675 843 net habe.
466 834 1380 1027 Gätte nochmahl und baldige Loßlaßen,
422 1168 1332 1346 Barbara Raderli die Keller Mag.
421 1321 1338 1506 Nachdemme die bekante Schlägerey vor¬
391 1446 1364 1581 bey gewesen, ob der Christian Weiger
389 1510 1309 1658 der Knecht, nicht noch in den Schaff
378 1597 1360 1727 gekommen, und in Gegenwart deß Gärt¬
386 1669 1297 1826 werd und deß Grobsten im Schafft
367 1747 816 1873 Wein getrunken.
367 1886 1316 2027 Sie erstinne sich wohl, daß der Christian
368 1966 1268 2093 der Sprobst und der Gärtner in den
373 2047 1214 2182 Schopff zurück kommen, ob aber der
370 2136 1260 2276 Gristian noch ein Schoppen Wein
358 2209 1342 2351 getrunken, möge sie sich nicht errinneren
372 2302 1148 2434 beilen sie alzu bestucht gewesen
382 2416 1327 2589 Ob sie damahl den Christian und den
359 2534 1318 2679 Schrebst nicht gefraget, ob sie nicht zer¬
362 2624 1343 2764 ebrachet seyen, und ob sie nicht gehört, daß
367 2694 1284 2845 der Christian zum Gärtner gesagt,
361 2778 1319 2924 er habe einem ein Streich geben, daß er
369 2835 860 2979 überrumplet seye?
371 2963 1319 3138 Sie besinner sich wohl, daß sie den Chri¬
369 3065 1215 3196 istian und übrige gefraget, ob sie
364 3140 1248 3286 nicht vertraget seyen, oder noch ihre
364 3214 1301 3361 kopff haben. Was aber des Chri¬
365 3295 1318 3460 stian zum Gärtner möge gesagt, habe.
1100 3409 1306 3549 haben
1439 2247 1501 2335 .
1425 723 1561 846 Frag
1399 1114 1552 1222 Ants
1418 1268 1578 1397 Juag
1421 1569 1567 1713 Antb.
1410 3161 1558 3285 Frag
2494 364 2657 503 292
1585 449 2599 592 Habe sie darvon nichts gehört, welches sie bey
1595 542 2283 670 ihrem Gewißen betheure.
1613 685 2631 836 Da die Schlägerey in der Straaßburklich
1607 780 2527 906 angegangen, ob der Christian ihr nicht
1599 856 2603 996 am Scheit gefordert, sagend, er wolle diese
1582 942 2153 1073 Burschschon gschweigen.
1598 1070 2355 1216 Nein, darvon büße sie nichts.
1606 1245 2553 1387 Ob sie nicht biße, bey dem Christian
1585 1334 2562 1459 zuerst gesagt, daß der Steinhauer ge¬
1584 1429 1947 1551 1storben seye.
1605 1542 2536 1690 der Franz Schweiter, Tischmacher zu
1584 1617 2590 1757 Waberen, seye nach 9. Uhren vor ihres
1575 1703 2580 1806 Vestibule gekommen, und habe von außen
1586 1769 2587 1927 durch das Fenster, so sie geöffnet, sie
1582 1842 2558 1973 gefraget, was am Abend hier bey dem
2295 1920 2554 2028 Worauf
1575 1939 2172 2054 Keller vorgegangen.
1591 1997 2458 2129 sie ihm geantwortet, es seye eine
1575 2069 2544 2217 Schlägerey ohnweit vom Hauß in der
1579 2145 2499 2282 Straaß gewesen, sie biße nicht, was
2302 2225 2601 2358 der Schleicher
1587 2241 2151 2377 möchte begegnet seyn.
1583 2300 2533 2449 Eingegen habe ihr verdeütet, es seye
1586 2392 2549 2513 einer von denen Steinhaueren so übel
1583 2464 2587 2594 blessiert worden, daß er nicht den Mit¬
2236 2545 2589 2673 Gleich daraufs
1566 2549 2091 2676 1 tag erleben werde.
1573 2618 2559 2741 von dem Fenster weggehend, habe er
1569 2697 2607 2847 gesagt, Er seye würklich vos Indeßen,
1582 2771 2577 2875 seye der Christian vor dem Fenster
1577 2839 2571 2963 hin und her gegangen, und habe diesen
1592 2921 2545 3065 Johand deß Schreihers Mund selbst
1573 3027 1864 3117 vernommen.
1577 3142 2589 3276 Warum sie zu einer solchen unerlaubten
1570 3226 2566 3370 Zeit mein ausgeschenket, ja gar bider
1586 3296 2313 3442 alles verbott sachen laßen.
2282 3417 2533 3541 Antb. h.
