3024 4032
118 102 234 195 125.
327 200 1365 457 An Meinen gnädigen Herren von beibre
539 370 1129 542 Daxelhoffer
297 561 1288 792 Wohlgebohrner Insonders
297 719 1068 870 HochgeEhrter Herr.
274 874 1374 1106 Zufolge hochen Befelchs Unserer
292 992 1365 1197 Gnarigen Herren haben wir
280 1088 1313 1271 die Ehre folgendes meistens
270 1182 1347 1362 Auß dem Gorgrichts Manual
271 1275 1335 1446 gezogen einzuberichten:
273 1389 1302 1579 Als Anna Schlappach vom Klap
254 1465 1343 1642 Hinter Herzeichen, nun aber
250 1575 1343 1760 beÿ Ludwig Spring dem Gricht¬
243 1667 1297 1820 daß auf Eggenhorn dienend,
251 1790 1326 1942 wegen beglaubter Schwängerschafft
245 1861 1326 2022 auf Citation hin, den 13ten Aprilis
251 1957 1295 2109 vor Unß erscheinen sollen: komme
242 2068 1287 2192 Sie eine kleine Stund vor der
232 2151 1285 2294 Predig zur unzeit ins Pfarr¬
237 2253 1305 2384 Hauß, melden, Sie habe diesem
241 2347 1322 2473 Morgen Bericht erhalten, ihr Bruder
232 2429 1316 2581 auf dem Lengenberg dienend seye
232 2531 1252 2675 sterbend, Wann sie ihne noch bey
230 2625 1248 2773 leben sehen wolle, so solle Sie strates
217 2720 1285 2864 Hingehen. begehrte Dispensation
230 2819 1290 2932 Heute zu erscheinen. Sie werde
211 2917 1275 3035 gewuß über 8. Tag kommen: Sie
209 2994 1290 3134 Laugnete ihre Schwängerschafft, und
214 3089 1137 3222 wüßte sie wohl zu verbergen:
211 3178 1317 3305 der pfarrer wolt daran nicht kommen
207 3270 1322 3407 Hat Sie zur Comparition vermahnet,
1075 3407 1218 3473 in
2556 293 2663 374 129.
1600 398 2620 525 in drithalb stunden seye der Gottes
1591 501 2647 631 dienst und Chorgricht vorbey. Gleiche
1579 584 2655 717 Wahrnung ist von der Frau Predigkeit
1585 675 2650 802 geschehen, Allein deßen ungeacht
1585 757 2655 889 ist Sie wider vermuhten außgeblieben,
1595 852 2632 972 Den 20. tag aprilis kamme ihr meister Ludwig
1585 928 2647 1071 Spring und Declarierte vor geseßenem
1587 1014 2629 1151 Chorgricht, die Schlappach seye nicht wohl
1594 1107 2619 1233 Auf, unpäßlich wegen Kaltwehe, Sie
1581 1191 2640 1320 werde sich über Acht tag stellen; der
1582 1274 2637 1385 Spring ward befragt, ob seine Magi¬
1590 1357 2619 1495 nicht schwänger seye? Er sagte, Er
1572 1452 2632 1579 glaube es nicht (: kein wunder das
1584 1536 2569 1660 kind ward schon ermördet. Es
1586 1619 2613 1765 ward einhellig erkent, Weilen
1576 1693 2625 1847 Sie vor 8 Tagen eine Unwahrheit
1582 1804 2571 1928 vorgegeben, und die kaum auf
1568 1887 2616 2022 dem Lengenberg gewesen seÿe,
1577 1949 2643 2093 gesteren auf dem feld soll gearbeitet
1566 2055 2617 2181 haben, und nur die erscheinung
1572 2143 2579 2265 zurückzustellen suche, so solle Sie
1570 2218 2628 2352 Allsobald Eggenhern quittieren und
1564 2301 2618 2445 zu ihren Elteren auf den Klag
1571 2384 2635 2525 gehen, Man̄ dulde Sie von meinen
1579 2482 2657 2613 in Unserer Gemeind nicht mehr,
1563 2638 2611 2781 Weilen Ludwigspring ihr Meister
1557 2744 2599 2870 gesagt hat, Sie habe in letzter
1567 2858 2629 2953 Wochen ihne quittieren wollen, umb
1558 2910 2621 3036 zu ihrer Muter zugehen, so habe Er
1560 3015 2640 3133 Sie nicht wollen gehen laßen, weilen
1559 3092 2600 3214 Er ihr in dieser aberfahrt nöhtig
1555 3181 1782 3283 habe:
1924 3179 2596 3298 Ist ihme anbefohlen
1568 3263 2646 3406 worden, Sie gehen zu laßen, und Sie
2425 3380 2629 3496 Also bald
