3024 4032
281 253 410 348 216.
460 327 1371 503 Es könne wohl seyn, daß er solches in
279 355 416 475 Antl
462 421 1370 543 der Angst gesaget, seith deme aber
450 484 1369 636 daß er Zeit gehabt nach zu denken,
432 559 1381 711 habe er sich gar wohl besin̄en mögen,
433 626 1359 768 daß er die Stuten keines Wege¬
441 708 1359 838 berühret, wann es geschehen wäre
445 800 1227 913 wolte er es nicht laugnen.
262 916 401 1027 Prag.
437 913 1351 1053 Ob er nicht nachwerts von dem Herrn
447 983 1323 1106 Buchlag vogt in seinem Examen¬
436 1069 1338 1203 befragt worden, er solle deutlich
421 1139 1338 1268 bekennen, ob er stein männliches
412 1214 1357 1368 Glid nicht in den Leib der F. v. Stuk
401 1292 637 1408 gethan.
287 1420 409 1503 Ants.
421 1409 1304 1550 Ja, der Herr BuchEgg. Vogt habe
405 1485 1346 1637 ihne dieses befragt, Er wiße aber
397 1583 1304 1706 nicht, ob er solches bezahet oder
387 1644 719 1757 verneinet.
262 1759 376 1881 Jrdig.
433 1758 1318 1902 da aus dem Examen erhähle, daß
387 1842 1330 1968 er bekennet, er habe sein glid in
381 1912 1280 2039 der Stuten gehabt, so werde er
380 1974 1284 2130 ermahnet die Wahrheit nicht zu
366 2053 1312 2196 verhalen, sonder seine böste that
361 2163 1334 2279 auch jetzt aufrichtig zu offenbahren.
218 2248 363 2360 Amts
366 2247 1277 2424 kein Gewißen laße ihme gar
363 2375 1293 2503 nicht zu dieses einzugestehen,
354 2438 1103 2580 weilen es nicht wahr seye.
183 2528 320 2655 Frag
351 2526 1316 2722 Wann er von deß Gerich Vnß Mollets Sohn
351 2643 1251 2752 nicht wäre angetroffen worden, ob
339 2701 1166 2850 er die That nicht vollbracht hätte?
210 2781 332 2871 Richts
357 2793 1121 2982 Ja. Er hätte solche vollbracht.
178 2896 1224 3095 frag, ob er nicht gehaußt, daß dieses ein
312 2990 935 3130 greuliches Caster seye.
197 3089 1255 3284 Antl. Er seye damahl verstockt gewesen,
323 3191 1277 3363 und habe nicht daran gedacht, seither
1040 3359 1249 3457 aber etc.
1418 2861 1552 2947 Antb
2525 237 2623 323 247.
1572 360 2576 491 Aber habe er wohl verspühret, daß es ein
1571 440 2568 556 Greuel seye, seye ihme sehr leid für
1575 517 2626 637 das so er begangen, und daß Er seinen
1582 593 2590 727 Recht beleidiget und die Stelt hierdurch
1562 695 1865 818 geärgeret.
1441 810 2620 964 trag. Ob Er in der Religion unterrichtet worden
1584 892 2606 1009 Ja, er seye zu Moos- und Kircheran
1452 923 1565 1009 Auth
1570 961 2642 1094 zu Schul gegangen, seye zum Heil. Nacht
1561 1050 2618 1175 mahl unterwiesen worden, und habe seit¬
1561 1123 2441 1255 ihero den Gottes dienst besuchet.
1429 1267 1589 1364 Indici
1625 1221 2544 1395 Da Er in dem zu Buchtig mit ihm
1573 1326 2562 1451 verführten Examen sich etwelche Mahl
1558 1400 2604 1538 widersprochen, endlich aber deütlich gestanden
1578 1488 2565 1619 und bekennet, daß er sein Männliches
1555 1571 2510 1697 Glid in der Stuten gehabt dermalen
1558 1666 2613 1792 aber diese seine freymütige Bekantnuß
1554 1734 2571 1866 wieder zurück nemmen und nicht ein¬
1558 1825 2589 1942 mahl gestehen wolle, die Stuten darmit
1565 1889 2518 2060 berühret zu haben; als werde Er
1554 1982 2580 2142 zum letzten Mahl ernstlich ermahnet,
1556 2073 2604 2229 in sich selbst zu gehen, sein gewißen
1557 2143 2552 2292 völlig zu entladen Wort und Einer
1555 2224 2572 2404 hohen Oberkeit, in deren Nahmen Er
1570 2322 2538 2453 befragt werde, die Ehre zu geben
1567 2413 2572 2537 und die wahre hergangenheit seiner
1558 2463 2604 2624 Breuel That zu bekennen, in diesem
1542 2555 2556 2683 Fall er desto beßer den Frieden mit
1557 2647 2582 2808 Gott machen könne, und eine Gnä¬
1547 2717 2394 2853 edigere Oberkeit finden werde.
1600 2837 2541 2961 ben aus seinen wiedersprechenden
1570 2921 2534 3041 Antworten könne man stehen, daß
1548 2990 2484 3104 er von der Forcht eingenommen,
1544 3065 2551 3209 nicht gewußt, was er gesagt, allein
1550 3146 2487 3261 er könne bey seinem Gewißen
1551 3211 2537 3321 nicht bekennen, daß er sein Glid
1545 3273 2436 3409 in dem Leib der Stuten gehabt.
