3024 4032
354 532 537 650 31.
569 626 1521 794 Und ein Streich versehet worden, darauf
574 714 1434 851 gemand gesagt, hör jezt, es ist genug.
562 782 1531 917 Nach diesem seye er Dept. ohne sich weiter
566 858 1456 1009 da aufzuhalten, von da wegg nach hause
562 941 1488 1071 in eine Ruhe gegangen, und seye diß
559 1007 1498 1157 alles, was er gehört, habe auch niemand
555 1092 1458 1240 anders als sein Meister und die Sohne
551 1171 983 1300 da herum gesehen.
566 1268 1257 1472 Abgelesen, und bestäthiget.
519 1438 1492 1612 Actum den 6. Weinmonat 1762.
509 1804 1424 1982 Auf Eidts gemelten Tag wurden aus
524 1901 1443 2043 Deterlich meyner der Räthen vom
509 1984 1437 2122 12ten diß vor Meine gnädige Herren Herrn Die
509 2061 1474 2191 Groß Weibel von Wattenbal, und
510 2141 1418 2302 Herrn Vice Gricht Schreiber Bug¬
496 2216 1400 2367 Jürger, folgende persohnen auf
493 2289 1151 2432 das Rath Hauß bescheiden.
742 2421 882 2566 Als
484 2500 1280 2672 Christen Brunii von Stoken.
496 2626 1358 2771 Hans Freiburg hauß von König.
485 2684 1313 2840 Gost winger von Dießbacht.
493 2772 1455 2914 Niclaus Lamberg von Müllhausen.
484 2860 1418 2990 Christen Aschiman von Trapelwald.
481 2926 1253 3047 Jacob Schaffer von Carge.
480 2999 1384 3132 Caspar Widmer Hegniß wyl, und
483 3074 1306 3222 Maria Degeler deßen Eheweit.
484 3152 1418 3301 Abraham Hoffmann von Kirchberg.
474 3233 1415 3384 der Rechenman̄ in der Insul Schens,
483 3318 1093 3455 und deßen bey Söhne
474 3378 1048 3506 Hans Hoffman, und
478 3465 1049 3609 Gristen Hoffmann
1095 3573 1405 3695 Nachdemmen.
2644 432 2871 571 315
1729 570 2798 771 Nach demme denenselben ihre hiervorige
1739 644 2833 857 Außagen und Bekantnußen wortlich
1743 724 2832 949 vorgelesen- und selbige zugleich kräftigst
1737 845 2818 1000 ermahnt worden, sich darüber wohl zu
1730 893 2819 1072 bedenken, indemme aus Hoch Oberreit¬
1728 1005 2817 1152 nlichem Befelch sie solche jetzund Eydtlich
2479 1065 2796 1222 haben sie
1732 1121 2248 1247 beträftigen sollen.
1733 1158 2833 1337 samtlich bezeuget, daß Sie mit gutem
1728 1243 2818 1398 Geläiden darzustehen, und den Eyd thun
1718 1330 2797 1495 dörffen, auch nichts beyzusetzen, noch zu
1723 1414 2794 1560 erläuteren oder abzuenderen haben.
1830 1497 2773 1642 Worauf Sie insgesamt diese ihre
1712 1574 2808 1728 Außaagen, wie sie dermalen in Schrift
1710 1658 2758 1805 tigen, mit aufgehabener Hand, durch
1701 1739 2727 1873 einen formlichen Eyd zu Gott der
1716 1818 2769 1945 allwißenden, als der reinen Jahr¬
1709 1899 2643 2033 heit gemäß zu seyn, bestätiget.
1707 2025 2815 2184 von der Maria Segeler aber, wurde
1706 2131 2809 2263 nur ein Hand Gelübd an Eydes Statt
1702 2212 2028 2316 abgenommen.
1696 2281 2794 2427 Es wurde zu gleichem End auch bescheiden.
1834 2374 2691 2520 der Hans Georg Willer von
1697 2422 2007 2552 Gebistorff.
1696 2525 2812 2701 dieser soll aber nach gefallenem Bericht
1693 2601 2527 2745 sich nach Hauß begeben haben
1686 2739 2781 2922 jen̄e Christen ferndriger aus
1702 2840 2745 3013 dem Amt Schwachenburg, gewesener
1712 2914 2788 3076 Tag Löhner bey dem Lehenman̄ Abra¬
1687 2992 2712 3146 dam Hoffman, welcher aber laut
1686 3075 2768 3277 deß lehenmanns Gericht am sonntag
1686 3156 2767 3341 verabscheidet worden, ohne zu wißen,
1690 3224 2556 3390 wo er sich dermahlen befindet.
1696 3299 2722 3494 Actum den 14. Octobris 1762.
2310 3570 2606 3741 Gedul etc.
