<?xml version="1.0" encoding="UTF-8" standalone="yes"?>
<PcGts xmlns="http://schema.primaresearch.org/PAGE/gts/pagecontent/2013-07-15" xmlns:xsi="http://www.w3.org/2001/XMLSchema-instance" xsi:schemaLocation="http://schema.primaresearch.org/PAGE/gts/pagecontent/2013-07-15 http://schema.primaresearch.org/PAGE/gts/pagecontent/2013-07-15/pagecontent.xsd">
    <Metadata>
        <Creator>prov=University of Rostock/Institute of Mathematics/CITlab|PLANET AI GmbH/Gundram Leifert/gundram.leifert@planet-ai.de:name=German_Kurrent_XVI-XVIII_M5.4(htr_id=38771)::::v=2.6.7
prov=University of Rostock/Institute of Mathematics/CITlab|PLANET AI GmbH/Tobias Gruening/tobias.gruening@planet-ai.de:name=de.uros.citlab.module.baseline2polygon.B2PSeamMultiOriented:v=2.6.7
prov=University of Rostock/Institute of Mathematics/CITlab|PLANET AI GmbH/Tobias Gruening/tobias.gruening@planet-ai.de:name=/net_tf/LA73_249_0mod360.pb:de.uros.citlab.segmentation.CITlab_LA_ML:v=2.6.7
Transkribus</Creator>
        <Created>2022-06-16T09:29:15.047+02:00</Created>
        <LastChange>2022-09-12T15:35:54.046+02:00</LastChange>
        <TranskribusMetadata docId="1334852" pageId="52362625" pageNr="12" tsid="114644443" status="IN_PROGRESS" userId="9570" imgUrl="https://files.transkribus.eu/Get?id=JEIJTDLIKGKQGVUFSZQCIJYW&amp;fileType=view" xmlUrl="https://files.transkribus.eu/Get?id=RRAFDTQHQTNLLGZGUDOQQFJC" imageId="35485581"/>
    </Metadata>
    <Page imageFilename="IMG_7763.jpg" imageWidth="3024" imageHeight="4032">
        <ReadingOrder>
            <OrderedGroup id="ro_1687513604076" caption="Regions reading order">
                <RegionRefIndexed index="0" regionRef="r1"/>
                <RegionRefIndexed index="1" regionRef="r2"/>
                <RegionRefIndexed index="2" regionRef="r3"/>
                <RegionRefIndexed index="3" regionRef="r4"/>
            </OrderedGroup>
        </ReadingOrder>
        <TextRegion orientation="0.0" id="r1" custom="readingOrder {index:0;}">
            <Coords points="317,220 317,379 423,379 423,220"/>
            <TextLine id="r1l1" custom="readingOrder {index:0;}">
                <Coords points="306,364 333,366 345,378 367,372 410,385 426,383 433,296 416,295 392,271 384,272 361,258 332,268 314,262"/>
                <Baseline points="317,321 343,320 370,322 396,325 423,329"/>
                <TextEquiv>
                    <Unicode>24</Unicode>
                </TextEquiv>
            </TextLine>
            <TextEquiv>
                <Unicode>24</Unicode>
            </TextEquiv>
        </TextRegion>
        <TextRegion orientation="0.0" id="r2" custom="readingOrder {index:1;}">
            <Coords points="488,411 488,3609 1568,3609 1568,411"/>
            <TextLine id="r2l1" custom="readingOrder {index:0;}">
                <Coords points="507,482 757,460 918,508 1030,460 1250,467 1502,524 1539,519 1542,447 1446,405 1321,439 1172,367 1092,401 857,373 751,405 510,393"/>
                <Baseline points="516,446 566,449 617,451 668,452 719,453 770,453 820,453 871,453 922,453 973,453 1024,453 1074,455 1125,456 1176,458 1227,461 1278,465 1328,469 1379,476 1430,483 1481,491 1532,501"/>
                <TextEquiv>
                    <Unicode>Auß demme, was sein Weib im Keller</Unicode>
                </TextEquiv>
            </TextLine>
            <TextLine id="r2l2" custom="readingOrder {index:1;}">
                <Coords points="517,551 1050,561 1139,533 1461,595 1523,567 1524,520 1153,474 1062,507 985,477 922,508 821,477 754,513 669,476 630,505 518,492"/>
                <Baseline points="525,531 574,533 624,534 673,534 723,534 772,533 822,533 871,531 921,531 970,531 1020,530 1069,530 1119,531 1168,531 1218,533 1267,536 1317,539 1366,543 1416,547 1465,554 1515,561"/>
                <TextEquiv>
                    <Unicode>verdienet, leben müßen, und bey¬</Unicode>
                </TextEquiv>
            </TextLine>
            <TextLine id="r2l3" custom="readingOrder {index:2;}">
                <Coords points="518,665 691,618 913,660 1042,626 1115,660 1541,652 1541,618 1428,569 1198,577 1139,534 1015,589 738,551 654,587 520,579"/>
                <Baseline points="527,618 577,618 627,618 677,618 728,618 778,617 828,615 879,615 929,614 979,614 1030,614 1080,614 1130,614 1180,615 1231,617 1281,618 1331,622 1382,626 1432,631 1482,637 1533,644"/>
                <TextEquiv>
                    <Unicode>ihrer Rechnung nit bestehen können</Unicode>
                </TextEquiv>
            </TextLine>
            <TextLine id="r2l4" custom="readingOrder {index:3;}">
                <Coords points="510,763 649,716 814,757 972,718 1158,759 1257,719 1532,740 1532,697 1260,648 1223,681 1135,655 851,683 797,634 512,669"/>
                <Baseline points="519,710 569,710 619,710 669,708 720,708 770,708 820,708 870,707 921,707 971,708 1021,708 1071,708 1122,710 1172,711 1222,713 1272,714 1323,717 1373,720 1423,723 1473,728 1524,732"/>
                <TextEquiv>
                    <Unicode>seye derowegen noht getrungen</Unicode>
                </TextEquiv>
            </TextLine>
            <TextLine id="r2l5" custom="readingOrder {index:4;}">
                <Coords points="515,840 616,828 725,866 936,802 1144,858 1201,815 1261,851 1344,817 1514,839 1514,795 1386,719 1255,771 943,740 903,767 762,731 515,766"/>
                <Baseline points="522,815 571,814 620,812 669,810 718,809 768,807 817,806 866,804 915,804 964,803 1014,803 1063,803 1112,803 1161,803 1210,804 1260,806 1309,809 1358,811 1407,815 1456,819 1506,822"/>
                <TextEquiv>
                    <Unicode>gelt zu suchen. Hierauf habe er</Unicode>
                </TextEquiv>
            </TextLine>
            <TextLine id="r2l6" custom="readingOrder {index:5;}">
                <Coords points="508,949 573,914 878,957 1287,909 1437,929 1502,980 1571,910 1355,818 1100,866 1013,825 802,866 509,852"/>
                <Baseline points="516,911 568,912 620,911 673,911 725,909 777,908 830,906 882,905 934,903 987,902 1039,900 1091,900 1144,900 1196,901 1248,902 1301,905 1353,909 1405,914 1458,921 1510,929 1563,939"/>
                <TextEquiv>
                    <Unicode>ihme noch dargezehlt, biß es 5. 6. 203.</Unicode>
                </TextEquiv>
            </TextLine>
            <TextLine id="r2l7" custom="readingOrder {index:6;}">
                <Coords points="527,1040 995,999 1215,1002 1268,1037 1334,1003 1523,1025 1523,986 1449,946 1310,974 1092,924 877,957 654,942 527,985"/>
                <Baseline points="534,1002 583,1004 632,1005 681,1004 730,1004 779,1002 828,1002 877,1001 926,999 975,998 1024,996 1073,996 1122,995 1171,995 1220,996 1269,996 1318,999 1367,1001 1416,1004 1465,1010 1515,1016"/>
                <TextEquiv>
                    <Unicode>außgemachet. Die Sum habe sein</Unicode>
                </TextEquiv>
            </TextLine>
            <TextLine id="r2l8" custom="readingOrder {index:7;}">
                <Coords points="514,1117 1206,1094 1310,1134 1390,1104 1499,1171 1562,1153 1562,1096 1400,1012 1151,1048 1018,1021 761,1061 685,1027 514,1047"/>
                <Baseline points="522,1097 573,1098 625,1098 676,1098 728,1098 780,1097 831,1095 883,1094 934,1092 986,1091 1038,1091 1089,1089 1141,1089 1192,1091 1244,1092 1296,1094 1347,1097 1399,1101 1450,1107 1502,1113 1554,1122"/>
                <TextEquiv>
                    <Unicode>Bruder ihme in neuen Fünf däzler</Unicode>
                </TextEquiv>
            </TextLine>
            <TextLine id="r2l9" custom="readingOrder {index:8;}">
                <Coords points="514,1222 661,1196 784,1224 862,1189 919,1233 1088,1186 1465,1230 1531,1223 1532,1163 1345,1157 1221,1095 1099,1149 831,1109 514,1157"/>
                <Baseline points="522,1185 572,1185 622,1185 672,1185 722,1184 772,1184 822,1184 872,1182 922,1182 972,1182 1023,1182 1073,1182 1123,1182 1173,1183 1223,1184 1273,1187 1323,1188 1373,1191 1423,1196 1473,1199 1524,1205"/>
                <TextEquiv>
                    <Unicode>nach dem Steujahr wider zugestelt</Unicode>
                </TextEquiv>
            </TextLine>
            <TextLine id="r2l10" custom="readingOrder {index:9;}">
                <Coords points="505,1285 620,1331 766,1274 913,1308 1323,1291 1472,1345 1570,1313 1571,1247 1491,1269 1246,1201 1077,1244 1005,1209 925,1239 864,1200 655,1202 506,1254"/>
                <Baseline points="513,1277 565,1277 618,1277 670,1277 723,1277 775,1277 828,1277 880,1275 933,1275 985,1275 1038,1275 1090,1275 1143,1275 1195,1275 1248,1277 1300,1278 1353,1281 1405,1284 1458,1288 1510,1293 1563,1298"/>
                <TextEquiv>
                    <Unicode>und für den dienst und Zinß noch¬</Unicode>
                </TextEquiv>
            </TextLine>
            <TextLine id="r2l11" custom="readingOrder {index:10;}">
                <Coords points="507,1388 562,1375 649,1428 785,1375 1032,1375 1145,1413 1428,1384 1558,1420 1559,1348 1441,1355 1305,1294 1178,1343 1087,1299 620,1330 509,1285"/>
                <Baseline points="515,1368 566,1368 618,1368 670,1368 722,1368 774,1368 825,1368 877,1368 929,1368 981,1368 1033,1368 1084,1368 1136,1370 1188,1371 1240,1373 1292,1375 1343,1377 1395,1380 1447,1384 1499,1389 1551,1394"/>
                <TextEquiv>
                    <Unicode>b. 6. gegeben, so daß er von Ihme in</Unicode>
                </TextEquiv>
            </TextLine>
            <TextLine id="r2l12" custom="readingOrder {index:11;}">
                <Coords points="508,1491 731,1464 847,1518 941,1459 1229,1506 1377,1458 1455,1497 1514,1451 1318,1385 1198,1429 794,1378 691,1430 509,1411"/>
                <Baseline points="516,1460 565,1460 615,1460 664,1460 714,1458 763,1458 813,1457 862,1457 912,1457 961,1455 1011,1455 1060,1455 1110,1455 1159,1457 1209,1457 1258,1458 1308,1460 1357,1463 1407,1466 1456,1470 1506,1475"/>
                <TextEquiv>
                    <Unicode>allem §. 6. 7. n. 20. b. empfangen,</Unicode>
                </TextEquiv>
            </TextLine>
            <TextLine id="r2l13" custom="readingOrder {index:12;}">
                <Coords points="516,1569 609,1604 754,1553 1331,1568 1414,1616 1504,1558 1505,1501 1325,1533 1110,1483 990,1523 696,1488 516,1515"/>
                <Baseline points="524,1557 572,1554 621,1553 669,1551 718,1550 767,1550 815,1548 864,1548 913,1548 961,1548 1010,1548 1059,1550 1107,1550 1156,1550 1205,1551 1253,1552 1302,1553 1351,1554 1399,1554 1448,1556 1497,1556"/>
                <TextEquiv>
                    <Unicode>welche Bum er mit denen s. 6. so</Unicode>
                </TextEquiv>
            </TextLine>
            <TextLine id="r2l14" custom="readingOrder {index:13;} person {offset:11; length:11;}">
                <Coords points="508,1666 863,1699 904,1661 1059,1649 1205,1701 1353,1654 1423,1685 1562,1667 1562,1588 1493,1569 1407,1622 1282,1583 1233,1617 1143,1567 1015,1611 813,1577 762,1606 676,1566 612,1603 507,1594"/>
                <Baseline points="516,1655 567,1653 619,1653 671,1652 723,1650 775,1649 827,1649 879,1647 931,1647 983,1646 1035,1645 1086,1644 1138,1644 1190,1644 1242,1644 1294,1644 1346,1644 1398,1646 1450,1647 1502,1649 1554,1650"/>
                <TextEquiv>
                    <Unicode>er von dem Hans Stähli seinem vetter</Unicode>
                </TextEquiv>
            </TextLine>
            <TextLine id="r2l15" custom="readingOrder {index:14;}">
                <Coords points="490,1791 1280,1741 1494,1773 1538,1761 1538,1675 489,1713"/>
                <Baseline points="498,1746 549,1748 601,1748 652,1748 704,1748 756,1746 807,1746 859,1745 910,1743 962,1742 1014,1740 1065,1740 1117,1739 1168,1737 1220,1737 1272,1737 1323,1737 1375,1739 1426,1740 1478,1742 1530,1745"/>
                <TextEquiv>
                    <Unicode>zahlungs weise erhalten, Sonhgh</Unicode>
                </TextEquiv>
            </TextLine>
            <TextLine id="r2l16" custom="readingOrder {index:15;}">
                <Coords points="493,1867 757,1852 831,1889 892,1855 1084,1909 1225,1840 1363,1885 1440,1832 1577,1874 1575,1787 1510,1766 1330,1809 1137,1781 1084,1810 974,1772 645,1806 571,1776 492,1818"/>
                <Baseline points="500,1848 553,1850 606,1851 660,1851 713,1850 767,1849 820,1847 873,1845 927,1844 980,1841 1034,1839 1087,1836 1140,1835 1194,1832 1247,1830 1301,1829 1354,1829 1407,1829 1461,1830 1514,1832 1568,1833"/>
                <TextEquiv>
                    <Unicode>der Münche Commission eingehändiget</Unicode>
                </TextEquiv>
            </TextLine>
            <TextLine id="r2l17" custom="readingOrder {index:16;}">
                <Coords points="1512,1933 1529,1933 1533,1929 1546,1942 1558,1936 1561,1939 1575,1936 1575,1873 1566,1873 1527,1840 1512,1844"/>
                <Baseline points="1520,1926 1568,1926"/>
                <TextEquiv>
                    <Unicode>.</Unicode>
                </TextEquiv>
            </TextLine>
            <TextLine id="r2l18" custom="readingOrder {index:17;}">
                <Coords points="518,1979 675,1963 804,1999 892,1952 1055,1981 1160,1943 1498,1942 1496,1869 1165,1862 1067,1910 1004,1873 830,1889 694,1857 604,1929 516,1925"/>
                <Baseline points="524,1947 572,1950 620,1950 668,1951 717,1950 765,1950 813,1949 862,1947 910,1946 958,1944 1007,1943 1055,1940 1103,1938 1151,1935 1200,1934 1248,1932 1296,1929 1345,1928 1393,1926 1441,1926 1490,1926"/>
                <TextEquiv>
                    <Unicode>auf befragen, woher er das Neue</Unicode>
                </TextEquiv>
            </TextLine>
            <TextLine id="r2l19" custom="readingOrder {index:18;}">
                <Coords points="481,2077 601,2068 662,2107 777,2055 884,2050 932,2089 998,2049 1136,2039 1194,2074 1419,2025 1559,2058 1554,1946 1204,1994 1021,1965 922,2031 613,1964 479,2031"/>
                <Baseline points="488,2052 541,2054 594,2054 647,2054 700,2052 753,2051 806,2049 859,2047 912,2045 965,2042 1019,2039 1072,2037 1125,2033 1178,2031 1231,2028 1284,2026 1337,2024 1390,2022 1443,2022 1496,2022 1550,2022"/>
                <TextEquiv>
                    <Unicode>gelt habe. Habe er ihme verdeütet,</Unicode>
                </TextEquiv>
            </TextLine>
            <TextLine id="r2l20" custom="readingOrder {index:19;}">
                <Coords points="509,2176 1074,2134 1184,2190 1252,2133 1370,2159 1410,2125 1545,2123 1543,2071 1391,2035 1153,2108 1023,2067 926,2122 807,2070 733,2112 505,2081"/>
                <Baseline points="515,2151 566,2151 617,2150 668,2148 719,2147 770,2145 821,2144 872,2142 923,2139 974,2138 1025,2136 1076,2133 1127,2131 1178,2128 1229,2126 1280,2124 1331,2121 1382,2119 1433,2116 1484,2114 1536,2112"/>
                <TextEquiv>
                    <Unicode>daß gleichwie in dem außwurst des</Unicode>
                </TextEquiv>
            </TextLine>
            <TextLine id="r2l21" custom="readingOrder {index:20;}">
                <Coords points="518,2278 668,2279 803,2235 948,2242 1010,2286 1184,2268 1244,2227 1453,2229 1451,2177 1336,2182 1289,2146 1186,2194 637,2186 601,2158 515,2193"/>
                <Baseline points="525,2247 571,2246 617,2244 663,2243 709,2241 755,2240 801,2239 847,2237 893,2236 939,2235 985,2234 1031,2231 1077,2229 1123,2228 1169,2226 1215,2225 1261,2222 1307,2220 1353,2217 1399,2216 1445,2213"/>
                <TextEquiv>
                    <Unicode>Getreits sich noch allezeit etwas</Unicode>
                </TextEquiv>
            </TextLine>
            <TextLine id="r2l22" custom="readingOrder {index:21;}">
                <Coords points="497,2377 541,2346 648,2397 783,2351 1143,2369 1210,2330 1309,2368 1413,2315 1517,2326 1515,2283 1428,2254 780,2313 645,2270 495,2314"/>
                <Baseline points="503,2340 553,2340 603,2340 653,2339 704,2338 754,2337 804,2336 854,2334 905,2333 955,2331 1005,2328 1055,2327 1106,2325 1156,2322 1206,2321 1256,2319 1307,2316 1357,2313 1407,2310 1457,2309 1508,2306"/>
                <TextEquiv>
                    <Unicode>gutes finde, also erschieße ihme</Unicode>
                </TextEquiv>
            </TextLine>
            <TextLine id="r2l23" custom="readingOrder {index:22;}">
                <Coords points="515,2476 608,2483 655,2444 808,2473 856,2439 931,2470 1097,2428 1159,2455 1224,2421 1301,2460 1458,2460 1507,2432 1504,2347 1298,2391 973,2359 513,2414"/>
                <Baseline points="522,2439 570,2439 619,2439 668,2438 717,2437 766,2436 815,2435 863,2432 912,2430 961,2429 1010,2426 1059,2424 1108,2421 1157,2419 1205,2417 1254,2414 1303,2412 1352,2410 1401,2408 1450,2406 1499,2405"/>
                <TextEquiv>
                    <Unicode>auch etwas auß dem abgang deß¬</Unicode>
                </TextEquiv>
            </TextLine>
            <TextLine id="r2l24" custom="readingOrder {index:23;}">
                <Coords points="520,2561 1027,2532 1158,2568 1226,2519 1524,2512 1521,2440 1384,2466 1235,2421 1062,2475 890,2445 827,2480 771,2458 702,2510 516,2476"/>
                <Baseline points="527,2535 576,2535 625,2535 675,2534 724,2532 774,2531 823,2530 872,2528 922,2526 971,2523 1021,2521 1070,2519 1119,2517 1169,2514 1218,2511 1268,2510 1317,2507 1366,2504 1416,2501 1465,2499 1515,2496"/>
                <TextEquiv>
                    <Unicode>vermuntzeten Silbers, so er behalten</Unicode>
                </TextEquiv>
            </TextLine>
            <TextLine id="r2l25" custom="readingOrder {index:24;}">
                <Coords points="942,2647 1051,2641 1127,2612 1161,2633 1220,2603 1270,2643 1320,2611 1418,2607 1450,2627 1504,2601 1503,2572 1418,2527 1375,2542 1340,2518 1274,2554 1215,2528 1158,2568 1117,2542 1026,2532 939,2563"/>
                <Baseline points="948,2613 975,2612 1002,2610 1030,2609 1057,2607 1085,2606 1112,2604 1140,2603 1167,2601 1195,2601 1222,2600 1249,2598 1277,2598 1304,2597 1332,2597 1359,2597 1387,2597 1414,2597 1442,2597 1469,2598 1497,2598"/>
                <TextEquiv>
                    <Unicode>welche deß Christen</Unicode>
                </TextEquiv>
            </TextLine>
            <TextLine id="r2l26" custom="readingOrder {index:25;}">
                <Coords points="524,2643 542,2638 565,2651 603,2631 633,2653 647,2645 693,2652 769,2623 767,2569 746,2567 731,2583 706,2577 690,2593 682,2587 665,2597 647,2595 603,2561 522,2581"/>
                <Baseline points="531,2631 556,2630 582,2628 607,2628 633,2628 658,2627 684,2627 709,2625 735,2625 761,2622"/>
                <TextEquiv>
                    <Unicode>könne.</Unicode>
                </TextEquiv>
            </TextLine>
            <TextLine id="r2l27" custom="readingOrder {index:26;} person {offset:0; length:7;}">
                <Coords points="502,2738 577,2762 784,2724 922,2750 1054,2711 1371,2715 1446,2673 1553,2678 1549,2615 1308,2613 1221,2659 1073,2634 1018,2668 842,2635 693,2680 602,2640 496,2657"/>
                <Baseline points="509,2732 560,2730 612,2730 664,2727 716,2726 768,2723 819,2720 871,2716 923,2712 975,2708 1027,2704 1078,2700 1130,2695 1182,2690 1234,2687 1286,2683 1337,2679 1389,2675 1441,2672 1493,2669 1545,2667"/>
                <TextEquiv>
                    <Unicode>Stählis reden ihne veranlaßet, den</Unicode>
                </TextEquiv>
            </TextLine>
            <TextLine id="r2l28" custom="readingOrder {index:27;}">
                <Coords points="504,2869 583,2828 819,2860 979,2815 1060,2845 1141,2802 1304,2845 1361,2793 1504,2770 1498,2687 1442,2674 1336,2743 1269,2707 1124,2712 1044,2767 852,2739 713,2793 572,2758 499,2794"/>
                <Baseline points="509,2823 558,2823 607,2822 657,2822 706,2819 755,2818 805,2815 854,2813 903,2809 953,2807 1002,2803 1051,2800 1101,2795 1150,2791 1199,2788 1249,2782 1298,2778 1347,2774 1397,2768 1446,2763 1496,2759"/>
                <TextEquiv>
                    <Unicode>eselben zu guter aufführung und</Unicode>
                </TextEquiv>
            </TextLine>
            <TextLine id="r2l29" custom="readingOrder {index:28;}">
                <Coords points="1420,2938 1434,2931 1438,2934 1446,2922 1466,2911 1478,2894 1492,2888 1503,2874 1532,2863 1522,2822 1505,2830 1501,2827 1497,2833 1468,2821 1455,2832 1432,2818 1412,2828 1394,2826"/>
                <Baseline points="1415,2885 1442,2877 1469,2871 1496,2866 1523,2858"/>
                <TextEquiv>
                    <Unicode>Eh</Unicode>
                </TextEquiv>
            </TextLine>
            <TextLine id="r2l30" custom="readingOrder {index:29;}">
                <Coords points="497,2957 671,2916 782,2940 882,2916 933,2947 1057,2905 1232,2911 1272,2884 1319,2896 1317,2858 1177,2832 1110,2864 994,2834 959,2867 862,2863 833,2889 745,2841 711,2861 611,2835 493,2896"/>
                <Baseline points="503,2924 543,2924 583,2922 624,2922 664,2921 704,2919 745,2918 785,2916 825,2915 866,2912 906,2909 946,2907 987,2904 1027,2901 1067,2898 1108,2896 1148,2892 1188,2889 1229,2885 1269,2881 1310,2877"/>
                <TextEquiv>
                    <Unicode>stäter tren anzumahnen.</Unicode>
                </TextEquiv>
            </TextLine>
            <TextLine id="r2l31" custom="readingOrder {index:30;}">
                <Coords points="495,3054 691,3022 863,3055 1084,2997 1316,3020 1364,2982 1565,2966 1561,2897 1484,2937 1320,2909 1282,2944 1223,2915 1081,2959 707,2953 654,2994 490,2965"/>
                <Baseline points="501,3021 553,3021 606,3018 659,3017 712,3015 765,3013 817,3011 870,3008 923,3006 976,3003 1029,2999 1081,2996 1134,2993 1187,2990 1240,2985 1293,2981 1345,2978 1398,2973 1451,2968 1504,2964 1557,2960"/>
                <TextEquiv>
                    <Unicode>habe aber ihne versicheret es werde</Unicode>
                </TextEquiv>
            </TextLine>
            <TextLine id="r2l32" custom="readingOrder {index:31;}">
                <Coords points="517,3117 617,3139 758,3102 956,3145 1088,3092 1221,3150 1418,3063 1526,3060 1521,2988 1278,3052 1063,3009 859,3056 700,3035 636,3076 513,3042"/>
                <Baseline points="525,3111 574,3111 624,3110 673,3108 723,3108 773,3107 822,3105 872,3102 921,3100 971,3098 1021,3096 1070,3092 1120,3088 1169,3084 1219,3080 1269,3076 1318,3071 1368,3065 1417,3059 1467,3054 1517,3047"/>
                <TextEquiv>
                    <Unicode>in der Sbunz stadt alles so genau</Unicode>
                </TextEquiv>
            </TextLine>
            <TextLine id="r2l33" custom="readingOrder {index:32;}">
                <Coords points="510,3249 717,3265 872,3206 1435,3179 1570,3142 1567,3100 1373,3077 1219,3152 999,3118 840,3131 797,3173 504,3168"/>
                <Baseline points="515,3201 567,3203 619,3203 672,3201 724,3200 776,3200 829,3197 881,3194 933,3192 986,3188 1038,3185 1090,3181 1143,3177 1195,3172 1247,3165 1300,3160 1352,3155 1404,3148 1457,3143 1509,3135 1562,3128"/>
                <TextEquiv>
                    <Unicode>abgewogen, daß wann man auch sehen</Unicode>
                </TextEquiv>
            </TextLine>
            <TextLine id="r2l34" custom="readingOrder {index:33;}">
                <Coords points="501,3329 697,3333 896,3283 1126,3337 1189,3284 1309,3306 1479,3233 1476,3195 1422,3176 1213,3235 1067,3202 880,3269 647,3244 497,3276"/>
                <Baseline points="507,3306 555,3305 603,3303 651,3300 700,3297 748,3295 796,3293 844,3288 893,3286 941,3283 989,3279 1037,3276 1086,3272 1134,3268 1182,3263 1230,3259 1279,3255 1327,3250 1375,3246 1423,3240 1472,3234"/>
                <TextEquiv>
                    <Unicode>wolte, man nicht das geringste</Unicode>
                </TextEquiv>
            </TextLine>
            <TextLine id="r2l35" custom="readingOrder {index:34;}">
                <Coords points="1268,3393 1284,3386 1303,3399 1374,3398 1388,3378 1460,3349 1474,3357 1550,3349 1542,3293 1501,3299 1453,3276 1381,3293 1367,3285 1318,3313 1255,3302"/>
                <Baseline points="1271,3359 1297,3356 1324,3352 1351,3348 1377,3344 1404,3340 1431,3335 1457,3331 1484,3328 1511,3325 1538,3323"/>
                <TextEquiv>
                    <Unicode>Seye ihme</Unicode>
                </TextEquiv>
            </TextLine>
            <TextLine id="r2l36" custom="readingOrder {index:35;}">
                <Coords points="516,3433 579,3454 710,3393 762,3408 790,3388 1017,3378 1070,3394 1088,3388 1084,3308 951,3300 831,3343 755,3312 633,3329 559,3374 512,3361"/>
                <Baseline points="522,3399 549,3398 577,3398 605,3396 633,3395 661,3393 689,3391 716,3389 744,3387 772,3386 800,3383 828,3382 856,3380 884,3378 911,3377 939,3375 967,3374 995,3373 1023,3372 1051,3372 1079,3371"/>
                <TextEquiv>
                    <Unicode>entäußeren könte.</Unicode>
                </TextEquiv>
            </TextLine>
            <TextLine id="r2l37" custom="readingOrder {index:36;}">
                <Coords points="496,3510 1404,3492 1520,3450 1517,3398 1412,3367 1328,3418 1174,3376 1023,3420 932,3389 715,3465 493,3444"/>
                <Baseline points="503,3497 553,3494 603,3491 654,3488 704,3485 755,3483 805,3482 855,3480 906,3479 956,3477 1007,3476 1057,3474 1107,3471 1158,3468 1208,3465 1259,3461 1309,3457 1359,3450 1410,3444 1460,3436 1511,3426"/>
                <TextEquiv>
                    <Unicode>sehr lend, daß sein Bruder in diesen</Unicode>
                </TextEquiv>
            </TextLine>
            <TextLine id="r2l38" custom="readingOrder {index:37;}">
                <Coords points="497,3629 616,3620 675,3580 873,3636 991,3631 1056,3582 1320,3587 1317,3501 1236,3542 1143,3495 1002,3527 913,3498 725,3554 651,3521 494,3554"/>
                <Baseline points="503,3587 543,3584 583,3581 624,3578 664,3577 705,3575 745,3573 785,3572 826,3570 866,3569 907,3568 947,3567 987,3566 1028,3566 1068,3564 1109,3563 1149,3561 1189,3560 1230,3558 1270,3557 1311,3555"/>
                <TextEquiv>
                    <Unicode>großen Fehler gefallen.</Unicode>
                </TextEquiv>
            </TextLine>
            <TextEquiv>
                <Unicode>Auß demme, was sein Weib im Keller
verdienet, leben müßen, und bey¬
ihrer Rechnung nit bestehen können
seye derowegen noht getrungen
gelt zu suchen. Hierauf habe er
ihme noch dargezehlt, biß es 5. 6. 203.
außgemachet. Die Sum habe sein
Bruder ihme in neuen Fünf däzler
nach dem Steujahr wider zugestelt
und für den dienst und Zinß noch¬
b. 6. gegeben, so daß er von Ihme in
allem §. 6. 7. n. 20. b. empfangen,
welche Bum er mit denen s. 6. so
er von dem Hans Stähli seinem vetter
zahlungs weise erhalten, Sonhgh
der Münche Commission eingehändiget
.
auf befragen, woher er das Neue
gelt habe. Habe er ihme verdeütet,
daß gleichwie in dem außwurst des
Getreits sich noch allezeit etwas
gutes finde, also erschieße ihme
auch etwas auß dem abgang deß¬
vermuntzeten Silbers, so er behalten
welche deß Christen
könne.
Stählis reden ihne veranlaßet, den
eselben zu guter aufführung und
Eh
stäter tren anzumahnen.
habe aber ihne versicheret es werde
in der Sbunz stadt alles so genau
abgewogen, daß wann man auch sehen
wolte, man nicht das geringste
Seye ihme
entäußeren könte.
sehr lend, daß sein Bruder in diesen
großen Fehler gefallen.</Unicode>
            </TextEquiv>
        </TextRegion>
        <TextRegion orientation="0.0" id="r3" custom="readingOrder {index:2;}">
            <Coords points="1683,3100 1683,3254 1787,3254 1787,3100"/>
            <TextLine id="r3l1" custom="readingOrder {index:0;}">
                <Coords points="1676,3211 1700,3215 1722,3203 1746,3213 1761,3227 1794,3221 1797,3107 1784,3105 1751,3083 1699,3123 1678,3119"/>
                <Baseline points="1683,3203 1709,3200 1735,3201 1761,3203 1787,3204"/>
                <TextEquiv>
                    <Unicode>10.</Unicode>
                </TextEquiv>
            </TextLine>
            <TextEquiv>
                <Unicode>10.</Unicode>
            </TextEquiv>
        </TextRegion>
        <TextRegion orientation="0.0" id="r4" custom="readingOrder {index:3;}">
            <Coords points="1688,315 1688,3615 2942,3615 2942,315"/>
            <TextLine id="r4l1" custom="readingOrder {index:0;}">
                <Coords points="2776,375 2799,383 2831,364 2845,367 2865,357 2876,364 2889,363 2889,307 2873,308 2867,314 2852,308 2839,313 2827,302 2813,306 2810,303 2788,326 2775,323"/>
                <Baseline points="2783,359 2816,356 2849,357 2882,356"/>
                <TextEquiv>
                    <Unicode>23.</Unicode>
                </TextEquiv>
            </TextLine>
            <TextLine id="r4l2" custom="readingOrder {index:1;} person {offset:3; length:13;} place {offset:20; length:6;}">
                <Coords points="1685,637 1945,556 2925,517 2922,472 2789,430 2712,464 2426,406 2241,472 1923,437 1677,500"/>
                <Baseline points="1688,569 1749,566 1810,562 1872,558 1933,555 1994,551 2056,547 2117,543 2178,540 2240,536 2301,533 2362,529 2424,525 2485,522 2546,518 2608,513 2669,509 2730,506 2792,501 2853,496 2915,492"/>
                <TextEquiv>
                    <Unicode>9. Niclaus Balbi zu Weigen</Unicode>
                </TextEquiv>
            </TextLine>
            <TextLine id="r4l3" custom="readingOrder {index:2;}">
                <Coords points="2329,611 2744,587 2788,573 2785,526 2736,513 2650,533 2612,510 2593,527 2567,515 2479,531 2456,551 2430,537 2393,556 2324,542"/>
                <Baseline points="2336,599 2362,597 2388,596 2414,595 2440,594 2466,593 2492,590 2518,589 2544,587 2571,585 2597,584 2623,582 2649,581 2675,578 2701,576 2727,575 2753,573 2780,572"/>
                <TextEquiv>
                    <Unicode>Sein Vetter der</Unicode>
                </TextEquiv>
            </TextLine>
            <TextLine id="r4l4" custom="readingOrder {index:3;}">
                <Coords points="2263,622 2270,622 2281,617 2293,619 2298,614 2299,616 2309,616 2309,542 2299,542 2293,539 2276,553 2263,553"/>
                <Baseline points="2271,609 2301,609"/>
                <TextEquiv>
                    <Unicode>.</Unicode>
                </TextEquiv>
            </TextLine>
            <TextLine id="r4l5" custom="readingOrder {index:4;}">
                <Coords points="1879,687 1903,668 1923,669 1971,623 2066,651 2104,613 2158,618 2185,603 2183,566 2153,551 2125,560 2081,554 2049,578 2004,555 1973,576 1950,564 1930,578 1874,584"/>
                <Baseline points="1883,618 1909,618 1936,617 1963,615 1989,614 2016,612 2043,611 2070,609 2096,608 2123,606 2150,605 2177,605"/>
                <TextEquiv>
                    <Unicode>sagt auß.</Unicode>
                </TextEquiv>
            </TextLine>
            <TextLine id="r4l6" custom="readingOrder {index:5;} person {offset:0; length:13;}">
                <Coords points="1856,739 2073,689 2305,726 2513,681 2835,676 2830,607 2723,580 2514,645 2401,619 2270,647 2188,593 2082,658 1992,628 1919,671 1851,658"/>
                <Baseline points="1862,707 1910,702 1958,701 2006,698 2054,695 2102,692 2150,690 2199,686 2247,684 2295,681 2343,679 2391,677 2439,674 2487,671 2536,668 2584,665 2632,661 2680,658 2728,654 2776,650 2825,645"/>
                <TextEquiv>
                    <Unicode>Christen Wahl seye etwelche Stochen</Unicode>
                </TextEquiv>
            </TextLine>
            <TextLine id="r4l7" custom="readingOrder {index:6;}">
                <Coords points="1864,789 2117,776 2182,807 2292,773 2363,796 2431,756 2533,796 2570,763 2878,724 2876,689 2655,676 2543,733 2416,697 2201,742 2069,701 1947,750 1861,737"/>
                <Baseline points="1871,782 1923,781 1976,780 2028,778 2081,776 2133,773 2186,771 2239,768 2291,765 2344,761 2396,758 2449,753 2501,750 2554,746 2607,743 2659,738 2712,735 2764,732 2817,727 2870,723"/>
                <TextEquiv>
                    <Unicode>vor Sienacht zu ihme gekommen</Unicode>
                </TextEquiv>
            </TextLine>
            <TextLine id="r4l8" custom="readingOrder {index:7;}">
                <Coords points="1859,897 2081,861 2162,915 2299,854 2514,844 2654,883 2703,841 2912,820 2909,766 2872,757 2501,800 2427,756 2347,807 2191,818 1854,805"/>
                <Baseline points="1865,863 1916,862 1968,860 2020,858 2072,857 2124,855 2176,852 2228,851 2280,848 2332,845 2384,843 2435,840 2487,837 2539,834 2591,831 2643,828 2695,824 2747,819 2799,816 2851,812 2903,807"/>
                <TextEquiv>
                    <Unicode>und habe bey ihme s. 18. 20 l. Neue</Unicode>
                </TextEquiv>
            </TextLine>
            <TextLine id="r4l9" custom="readingOrder {index:8;}">
                <Coords points="1843,983 1976,961 2054,992 2130,951 2303,989 2432,932 2813,930 2854,915 2849,834 2789,830 2729,883 2515,843 2421,899 2342,863 2165,918 2115,879 1838,903"/>
                <Baseline points="1850,959 1899,957 1949,954 1999,951 2049,950 2099,946 2148,944 2198,940 2248,938 2298,934 2348,931 2397,928 2447,925 2497,922 2547,919 2597,917 2646,914 2696,911 2746,909 2796,906 2846,905"/>
                <TextEquiv>
                    <Unicode>dunf dahen Stuck gegen es. 18. anderes</Unicode>
                </TextEquiv>
            </TextLine>
            <TextLine id="r4l10" custom="readingOrder {index:9;}">
                <Coords points="1849,1061 1967,1060 2039,1102 2302,1032 2358,1061 2422,1022 2856,1033 2852,968 2755,931 2632,966 2516,935 2440,987 2172,991 2112,960 2030,999 1944,960 1845,989"/>
                <Baseline points="1856,1052 1905,1049 1955,1046 2004,1044 2054,1041 2103,1038 2153,1035 2202,1032 2252,1029 2301,1026 2351,1022 2400,1020 2450,1016 2499,1013 2549,1010 2598,1007 2648,1004 2697,1002 2747,999 2796,997 2846,995"/>
                <TextEquiv>
                    <Unicode>Gelt aufgewechslet, mit verdeuten,</Unicode>
                </TextEquiv>
            </TextLine>
            <TextLine id="r4l11" custom="readingOrder {index:10;}">
                <Coords points="1849,1160 1939,1144 2032,1184 2095,1140 2242,1127 2317,1163 2489,1105 2587,1147 2863,1091 2859,1037 2681,1010 2583,1066 2457,1040 2398,1087 2308,1046 2114,1099 1844,1087"/>
                <Baseline points="1856,1139 1908,1137 1961,1136 2013,1133 2066,1130 2118,1127 2171,1124 2224,1121 2276,1118 2329,1114 2381,1110 2434,1106 2486,1103 2539,1099 2592,1096 2644,1092 2697,1088 2749,1085 2802,1082 2855,1079"/>
                <TextEquiv>
                    <Unicode>die ungraden 20 t. solle er für seine</Unicode>
                </TextEquiv>
            </TextLine>
            <TextLine id="r4l12" custom="readingOrder {index:11;}">
                <Coords points="1846,1251 2050,1258 2305,1203 2581,1224 2884,1168 2881,1124 2800,1103 2707,1147 2415,1119 2355,1174 2181,1153 1844,1208"/>
                <Baseline points="1853,1229 1904,1227 1955,1225 2006,1223 2057,1220 2109,1217 2160,1213 2211,1210 2262,1206 2313,1203 2365,1200 2416,1196 2467,1192 2518,1189 2569,1185 2621,1182 2672,1179 2723,1176 2774,1173 2825,1172 2877,1170"/>
                <TextEquiv>
                    <Unicode>Mühe behalten. Darzu sein Bruder</Unicode>
                </TextEquiv>
            </TextLine>
            <TextLine id="r4l13" custom="readingOrder {index:12;} person {offset:4; length:10;}">
                <Coords points="1849,1322 1939,1357 2016,1314 2218,1351 2354,1311 2533,1336 2653,1285 2716,1308 2858,1266 2856,1232 2740,1217 2625,1259 2508,1224 2407,1264 2202,1229 2048,1273 1845,1252"/>
                <Baseline points="1856,1316 1905,1316 1955,1314 2005,1314 2054,1313 2104,1310 2154,1308 2203,1305 2253,1302 2303,1299 2353,1296 2402,1293 2452,1290 2502,1287 2551,1284 2601,1280 2651,1277 2700,1274 2750,1271 2800,1268 2850,1266"/>
                <TextEquiv>
                    <Unicode>der Hans Stahl ihme depl. noch ein</Unicode>
                </TextEquiv>
            </TextLine>
            <TextLine id="r4l14" custom="readingOrder {index:13;}">
                <Coords points="1841,1431 1938,1456 2003,1414 2184,1460 2406,1375 2713,1419 2794,1368 2918,1391 2912,1296 2784,1328 2657,1286 2511,1354 2228,1375 2080,1331 1837,1363"/>
                <Baseline points="1847,1418 1900,1416 1953,1413 2006,1410 2059,1408 2112,1404 2165,1401 2218,1397 2271,1394 2324,1390 2378,1386 2431,1383 2484,1380 2537,1377 2590,1374 2643,1371 2696,1369 2749,1367 2802,1365 2855,1364 2909,1362"/>
                <TextEquiv>
                    <Unicode>dunf Kahler gegeben, welche L. 19. sammet,</Unicode>
                </TextEquiv>
            </TextLine>
            <TextLine id="r4l15" custom="readingOrder {index:14;} person {offset:22; length:5;}">
                <Coords points="1841,1533 2059,1495 2207,1535 2373,1485 2625,1498 2697,1467 2802,1509 2950,1466 2948,1423 2642,1398 2367,1437 2310,1404 2184,1461 1837,1458"/>
                <Baseline points="1847,1500 1901,1502 1956,1502 2011,1502 2066,1500 2120,1497 2175,1495 2230,1492 2285,1487 2339,1484 2394,1479 2449,1476 2504,1472 2558,1467 2613,1464 2668,1461 2723,1458 2777,1456 2832,1454 2887,1454 2942,1454"/>
                <TextEquiv>
                    <Unicode>schafft er mhgher der Moriz Com̅ission</Unicode>
                </TextEquiv>
            </TextLine>
            <TextLine id="r4l16" custom="readingOrder {index:15;}">
                <Coords points="2336,1583 2462,1560 2506,1590 2640,1596 2733,1555 2788,1547 2817,1569 2861,1544 2931,1548 2929,1513 2844,1486 2802,1510 2766,1493 2736,1515 2714,1504 2686,1526 2558,1487 2485,1522 2381,1505 2333,1524"/>
                <Baseline points="2343,1569 2373,1568 2403,1566 2434,1565 2464,1563 2495,1562 2525,1560 2556,1558 2586,1557 2617,1554 2647,1553 2678,1551 2708,1548 2739,1547 2769,1544 2800,1543 2830,1541 2861,1539 2891,1538 2922,1536"/>
                <TextEquiv>
                    <Unicode>der Stahl habe ihne</Unicode>
                </TextEquiv>
            </TextLine>
            <TextLine id="r4l17" custom="readingOrder {index:16;}">
                <Coords points="1829,1618 1848,1621 1860,1610 1892,1621 1937,1595 1960,1614 1980,1595 2009,1588 2037,1597 2066,1585 2108,1591 2106,1524 2053,1541 2009,1513 1988,1531 1925,1536 1906,1525 1884,1543 1862,1540 1841,1561 1827,1555"/>
                <Baseline points="1836,1587 1862,1585 1888,1583 1914,1583 1941,1581 1967,1581 1993,1581 2020,1580 2046,1580 2072,1578 2099,1577"/>
                <TextEquiv>
                    <Unicode>zugestelt.</Unicode>
                </TextEquiv>
            </TextLine>
            <TextLine id="r4l18" custom="readingOrder {index:17;}">
                <Coords points="1841,1680 2074,1674 2127,1711 2232,1665 2474,1707 2527,1670 2935,1651 2933,1585 2854,1601 2785,1551 2685,1628 2623,1588 2495,1630 2328,1598 2098,1641 2030,1592 1840,1637"/>
                <Baseline points="1848,1671 1904,1668 1961,1665 2018,1664 2075,1662 2131,1659 2188,1658 2245,1656 2302,1655 2359,1653 2415,1652 2472,1650 2529,1649 2586,1647 2643,1647 2699,1646 2756,1643 2813,1641 2870,1640 2927,1638"/>
                <TextEquiv>
                    <Unicode>ersucht, er solle dieses gelt aufbehalten</Unicode>
                </TextEquiv>
            </TextLine>
            <TextLine id="r4l19" custom="readingOrder {index:18;}">
                <Coords points="1846,1792 2178,1747 2422,1808 2504,1760 2612,1778 2705,1741 2908,1780 2915,1672 2791,1709 2702,1670 2184,1719 1948,1682 1844,1715"/>
                <Baseline points="1853,1752 1905,1751 1958,1749 2011,1747 2064,1746 2117,1745 2169,1743 2222,1742 2275,1741 2328,1740 2381,1739 2433,1737 2486,1737 2539,1736 2592,1736 2645,1734 2697,1734 2750,1733 2803,1732 2856,1731 2909,1731"/>
                <TextEquiv>
                    <Unicode>biß nach dem senen Jahr, da es lauf</Unicode>
                </TextEquiv>
            </TextLine>
            <TextLine id="r4l20" custom="readingOrder {index:19;}">
                <Coords points="1847,1850 2714,1863 2913,1829 2912,1780 2797,1756 2734,1798 2660,1765 2420,1809 2175,1748 2071,1805 1845,1794"/>
                <Baseline points="1854,1839 1906,1838 1959,1838 2011,1838 2064,1838 2117,1836 2169,1836 2222,1835 2274,1835 2327,1833 2380,1833 2432,1832 2485,1830 2537,1830 2590,1829 2643,1827 2695,1826 2748,1824 2800,1822 2853,1820 2906,1818"/>
                <TextEquiv>
                    <Unicode>haben werde, oder er wolle es dann zumal</Unicode>
                </TextEquiv>
            </TextLine>
            <TextLine id="r4l21" custom="readingOrder {index:20;}">
                <Coords points="2335,1953 2425,1962 2540,1932 2622,1953 2688,1930 2734,1956 2883,1928 2926,1942 2926,1896 2855,1873 2689,1898 2637,1870 2553,1894 2503,1868 2437,1868 2335,1898"/>
                <Baseline points="2342,1926 2370,1926 2399,1926 2428,1926 2457,1926 2486,1926 2514,1926 2543,1925 2572,1925 2601,1925 2630,1925 2658,1923 2687,1923 2716,1923 2745,1923 2774,1923 2802,1923 2831,1925 2860,1925 2889,1926 2918,1928"/>
                <TextEquiv>
                    <Unicode>er habe etwan 14 Tag.</Unicode>
                </TextEquiv>
            </TextLine>
            <TextLine id="r4l22" custom="readingOrder {index:21;}">
                <Coords points="1841,1939 1979,1938 2064,1959 2082,1945 2124,1945 2136,1957 2193,1950 2191,1859 2043,1877 2010,1862 1986,1872 1956,1854 1911,1892 1840,1894"/>
                <Baseline points="1848,1929 1873,1927 1899,1926 1925,1925 1951,1925 1977,1924 2003,1923 2028,1923 2054,1923 2080,1922 2106,1922 2132,1922 2158,1922 2184,1923"/>
                <TextEquiv>
                    <Unicode>wider losen.</Unicode>
                </TextEquiv>
            </TextLine>
            <TextLine id="r4l23" custom="readingOrder {index:22;}">
                <Coords points="1837,2037 2898,2044 2901,1927 2781,1980 2447,1945 2251,1991 2169,1955 1837,1994"/>
                <Baseline points="1845,2022 1897,2021 1949,2019 2002,2019 2054,2018 2107,2018 2159,2018 2212,2017 2264,2016 2317,2016 2369,2016 2421,2016 2474,2016 2526,2016 2579,2016 2631,2016 2684,2015 2736,2015 2789,2013 2841,2012 2894,2010"/>
                <TextEquiv>
                    <Unicode>hernach noch mehrers verlangt, er habe</Unicode>
                </TextEquiv>
            </TextLine>
            <TextLine id="r4l24" custom="readingOrder {index:23;}">
                <Coords points="1827,2171 1916,2124 2071,2150 2211,2114 2309,2147 2583,2126 2654,2167 2724,2134 2796,2173 2896,2120 2896,2058 2812,2084 2741,2046 2617,2093 2408,2046 2262,2085 1828,2043"/>
                <Baseline points="1835,2115 1887,2115 1940,2115 1992,2115 2045,2115 2098,2115 2150,2115 2203,2115 2256,2115 2308,2117 2361,2117 2414,2117 2466,2117 2519,2118 2572,2118 2624,2120 2677,2120 2730,2121 2782,2122 2835,2123 2888,2124"/>
                <TextEquiv>
                    <Unicode>Ihne aber abgewiesen, darauf er zu</Unicode>
                </TextEquiv>
            </TextLine>
            <TextLine id="r4l25" custom="readingOrder {index:24;}">
                <Coords points="1852,2233 1969,2225 2023,2262 2105,2226 2174,2268 2325,2218 2426,2227 2488,2280 2845,2232 2845,2197 2752,2162 2587,2190 2370,2141 2261,2186 2147,2140 2072,2173 1852,2154"/>
                <Baseline points="1860,2204 1908,2207 1957,2209 2006,2211 2055,2213 2104,2215 2153,2216 2202,2216 2251,2217 2300,2217 2349,2217 2397,2217 2446,2217 2495,2216 2544,2216 2593,2216 2642,2216 2691,2216 2740,2217 2789,2217 2838,2219"/>
                <TextEquiv>
                    <Unicode>Nein deß Depl. Bruder gegangen,</Unicode>
                </TextEquiv>
            </TextLine>
            <TextLine id="r4l26" custom="readingOrder {index:25;}">
                <Coords points="1821,2317 2130,2314 2224,2365 2373,2318 2547,2358 2636,2332 2852,2369 2922,2338 2923,2269 2803,2291 2743,2245 2671,2293 2598,2262 2028,2269 1902,2229 1823,2258"/>
                <Baseline points="1830,2301 1884,2303 1938,2303 1992,2304 2047,2306 2101,2306 2155,2307 2209,2309 2264,2309 2318,2310 2372,2311 2426,2312 2481,2313 2535,2314 2589,2316 2643,2316 2698,2318 2752,2321 2806,2322 2860,2324 2915,2325"/>
                <TextEquiv>
                    <Unicode>der ihme dann gegeben, sonsten seye</Unicode>
                </TextEquiv>
            </TextLine>
            <TextLine id="r4l27" custom="readingOrder {index:26;}">
                <Coords points="1838,2443 1908,2407 2676,2450 2845,2438 2872,2376 2675,2358 2600,2404 2454,2342 2273,2387 2193,2349 2019,2385 1926,2337 1839,2358"/>
                <Baseline points="1847,2400 1897,2401 1948,2402 1999,2403 2050,2405 2101,2406 2152,2408 2202,2409 2253,2411 2304,2412 2355,2414 2406,2415 2457,2415 2508,2417 2558,2417 2609,2418 2660,2418 2711,2418 2762,2418 2813,2418 2864,2418"/>
                <TextEquiv>
                    <Unicode>Ihme nichts in wißen, daß er</Unicode>
                </TextEquiv>
            </TextLine>
            <TextLine id="r4l28" custom="readingOrder {index:27;}">
                <Coords points="1850,2556 1967,2504 2105,2567 2195,2516 2444,2559 2534,2523 2580,2552 2806,2534 2807,2487 2726,2497 2650,2460 2515,2498 2434,2425 2307,2481 2068,2420 1854,2439"/>
                <Baseline points="1860,2495 1909,2497 1958,2499 2008,2501 2057,2503 2107,2505 2156,2507 2205,2508 2255,2511 2304,2513 2354,2514 2403,2516 2453,2517 2502,2517 2551,2519 2601,2520 2650,2520 2700,2522 2749,2522 2799,2522"/>
                <TextEquiv>
                    <Unicode>außert diesem Gelt mehreres</Unicode>
                </TextEquiv>
            </TextLine>
            <TextLine id="r4l29" custom="readingOrder {index:28;}">
                <Coords points="1839,2625 2119,2600 2220,2669 2439,2617 2601,2662 2671,2630 2916,2647 2902,2562 2756,2596 2650,2543 2549,2590 2331,2535 2235,2576 1841,2553"/>
                <Baseline points="1848,2583 1901,2588 1954,2591 2007,2594 2060,2595 2113,2598 2166,2600 2219,2601 2272,2603 2325,2604 2378,2606 2431,2607 2484,2609 2537,2609 2590,2610 2643,2612 2696,2613 2749,2615 2802,2616 2855,2618 2909,2619"/>
                <TextEquiv>
                    <Unicode>gesehen, es seye ihme auch nicht zu</Unicode>
                </TextEquiv>
            </TextLine>
            <TextLine id="r4l30" custom="readingOrder {index:29;}">
                <Coords points="1840,2703 2563,2723 2622,2772 2707,2738 2761,2772 2936,2735 2938,2659 2422,2647 2327,2687 2126,2636 2017,2682 1842,2626"/>
                <Baseline points="1848,2688 1902,2692 1956,2695 2010,2697 2064,2700 2118,2703 2172,2705 2226,2706 2280,2708 2334,2709 2388,2711 2442,2712 2496,2714 2550,2714 2604,2715 2658,2715 2712,2715 2766,2715 2820,2715 2874,2715 2928,2714"/>
                <TextEquiv>
                    <Unicode>Singekommen, daß er diesers gelt</Unicode>
                </TextEquiv>
            </TextLine>
            <TextLine id="r4l31" custom="readingOrder {index:30;}">
                <Coords points="1838,2803 2632,2841 2857,2825 2859,2776 2699,2740 2639,2790 2332,2729 2121,2756 2036,2704 1839,2765"/>
                <Baseline points="1847,2783 1897,2786 1947,2790 1997,2792 2047,2796 2097,2799 2147,2801 2197,2803 2247,2804 2297,2806 2348,2808 2398,2808 2448,2810 2498,2811 2548,2812 2598,2813 2648,2814 2698,2816 2748,2817 2798,2819 2849,2820"/>
                <TextEquiv>
                    <Unicode>möchte veruntreuet wiedrigen</Unicode>
                </TextEquiv>
            </TextLine>
            <TextLine id="r4l32" custom="readingOrder {index:31;}">
                <Coords points="1845,2919 1966,2903 2087,2954 2227,2909 2310,2950 2516,2905 2700,2982 2939,2953 2942,2875 2883,2850 2802,2890 2733,2840 2659,2898 2580,2892 2443,2817 2222,2852 2173,2824 2088,2863 1849,2806"/>
                <Baseline points="1854,2885 1910,2887 1967,2890 2024,2892 2081,2895 2137,2897 2194,2898 2251,2901 2308,2903 2365,2904 2421,2907 2478,2908 2535,2910 2592,2912 2649,2913 2705,2915 2762,2917 2819,2919 2876,2921 2933,2922"/>
                <TextEquiv>
                    <Unicode>falls er sich vor ihme würde gehütet,</Unicode>
                </TextEquiv>
            </TextLine>
            <TextLine id="r4l33" custom="readingOrder {index:32;}">
                <Coords points="1836,3024 1900,2997 1907,3006 1923,2997 1939,3008 1991,3009 2019,3027 2060,3017 2064,2954 2019,2961 1958,2944 1934,2921 1886,2924 1867,2914 1843,2920"/>
                <Baseline points="1847,2985 1872,2985 1898,2985 1924,2987 1950,2989 1976,2991 2002,2993 2028,2995 2054,2997"/>
                <TextEquiv>
                    <Unicode>haben.</Unicode>
                </TextEquiv>
            </TextLine>
            <TextLine id="r4l34" custom="readingOrder {index:33;} person {offset:0; length:10;}">
                <Coords points="1863,3243 1979,3216 2243,3240 2313,3279 2364,3237 2513,3237 2674,3247 2731,3293 2881,3252 2883,3195 2720,3210 2586,3157 2371,3192 2170,3118 1868,3091"/>
                <Baseline points="1872,3207 1922,3212 1972,3216 2022,3219 2072,3221 2122,3224 2172,3225 2222,3227 2272,3228 2322,3228 2372,3230 2422,3230 2472,3231 2522,3231 2572,3233 2622,3234 2672,3237 2722,3239 2772,3241 2822,3245 2873,3249"/>
                <TextEquiv>
                    <Unicode>Hans Mähli ab dem kein bey der</Unicode>
                </TextEquiv>
            </TextLine>
            <TextLine id="r4l35" custom="readingOrder {index:34;} person {offset:0; length:11;}">
                <Coords points="1860,3318 2044,3289 2141,3336 2695,3351 2698,3268 2627,3251 2546,3280 2480,3245 2406,3271 2356,3250 2307,3282 2219,3238 2056,3270 1920,3218 1863,3245"/>
                <Baseline points="1869,3281 1912,3284 1955,3287 1998,3288 2041,3290 2084,3291 2127,3294 2170,3294 2213,3296 2256,3297 2300,3299 2343,3300 2386,3302 2429,3304 2472,3305 2515,3308 2558,3311 2601,3314 2644,3317 2688,3323"/>
                <TextEquiv>
                    <Unicode>Pareir- Mühle, Sagt auß.</Unicode>
                </TextEquiv>
            </TextLine>
            <TextLine id="r4l36" custom="readingOrder {index:35;} person {offset:34; length:1; continued:true;}">
                <Coords points="1837,3438 1941,3397 2012,3433 2155,3407 2564,3476 2655,3442 2920,3460 2923,3396 2852,3376 2729,3423 2557,3366 2392,3383 2297,3340 2207,3387 2059,3311 1957,3357 1844,3314"/>
                <Baseline points="1847,3399 1900,3399 1953,3401 2006,3402 2060,3404 2113,3405 2166,3408 2220,3411 2273,3414 2326,3418 2380,3422 2433,3425 2486,3429 2539,3432 2593,3435 2646,3438 2699,3441 2753,3444 2806,3447 2859,3448 2913,3449"/>
                <TextEquiv>
                    <Unicode>Ohngefahr im Steinmonat habe er dem</Unicode>
                </TextEquiv>
            </TextLine>
            <TextLine id="r4l37" custom="readingOrder {index:36;} person {offset:0; length:13; continued:true;}">
                <Coords points="1835,3507 1995,3478 2204,3534 2703,3513 2931,3554 2945,3502 2742,3488 2668,3440 2453,3479 2156,3414 2032,3446 1941,3397 1839,3432"/>
                <Baseline points="1844,3471 1898,3471 1953,3474 2007,3476 2062,3479 2117,3482 2171,3485 2226,3488 2280,3492 2335,3497 2390,3501 2444,3506 2499,3509 2553,3513 2608,3517 2663,3521 2717,3523 2772,3526 2826,3528 2881,3530 2936,3530"/>
                <TextEquiv>
                    <Unicode>Christen Stähli hier in dern 4. Steue</Unicode>
                </TextEquiv>
            </TextLine>
            <TextLine id="r4l38" custom="readingOrder {index:37;}">
                <Coords points="1851,3565 2128,3627 2519,3613 2660,3646 2759,3598 2808,3637 2915,3627 2918,3546 2806,3578 2703,3514 2632,3554 2508,3519 2354,3556 2016,3490 1854,3503"/>
                <Baseline points="1859,3555 1911,3557 1964,3558 2016,3560 2069,3563 2121,3565 2174,3567 2226,3570 2279,3572 2331,3575 2384,3578 2436,3580 2489,3582 2541,3585 2594,3587 2646,3589 2699,3591 2751,3593 2804,3594 2856,3596 2909,3597"/>
                <TextEquiv>
                    <Unicode>Aunf Täzler gegen anderes Gelt auß¬</Unicode>
                </TextEquiv>
            </TextLine>
            <TextEquiv>
                <Unicode>23.
9. Niclaus Balbi zu Weigen
Sein Vetter der
.
sagt auß.
Christen Wahl seye etwelche Stochen
vor Sienacht zu ihme gekommen
und habe bey ihme s. 18. 20 l. Neue
dunf dahen Stuck gegen es. 18. anderes
Gelt aufgewechslet, mit verdeuten,
die ungraden 20 t. solle er für seine
Mühe behalten. Darzu sein Bruder
der Hans Stahl ihme depl. noch ein
dunf Kahler gegeben, welche L. 19. sammet,
schafft er mhgher der Moriz Com̅ission
der Stahl habe ihne
zugestelt.
ersucht, er solle dieses gelt aufbehalten
biß nach dem senen Jahr, da es lauf
haben werde, oder er wolle es dann zumal
er habe etwan 14 Tag.
wider losen.
hernach noch mehrers verlangt, er habe
Ihne aber abgewiesen, darauf er zu
Nein deß Depl. Bruder gegangen,
der ihme dann gegeben, sonsten seye
Ihme nichts in wißen, daß er
außert diesem Gelt mehreres
gesehen, es seye ihme auch nicht zu
Singekommen, daß er diesers gelt
möchte veruntreuet wiedrigen
falls er sich vor ihme würde gehütet,
haben.
Hans Mähli ab dem kein bey der
Pareir- Mühle, Sagt auß.
Ohngefahr im Steinmonat habe er dem
Christen Stähli hier in dern 4. Steue
Aunf Täzler gegen anderes Gelt auß¬</Unicode>
            </TextEquiv>
        </TextRegion>
    </Page>
</PcGts>
