<?xml version="1.0" encoding="UTF-8" standalone="yes"?>
<PcGts xmlns="http://schema.primaresearch.org/PAGE/gts/pagecontent/2013-07-15" xmlns:xsi="http://www.w3.org/2001/XMLSchema-instance" xsi:schemaLocation="http://schema.primaresearch.org/PAGE/gts/pagecontent/2013-07-15 http://schema.primaresearch.org/PAGE/gts/pagecontent/2013-07-15/pagecontent.xsd">
    <Metadata>
        <Creator>prov=University of Rostock/Institute of Mathematics/CITlab|PLANET AI GmbH/Gundram Leifert/gundram.leifert@planet-ai.de:name=German_Kurrent_XVI-XVIII_M5.4(htr_id=38771)::::v=2.6.7
prov=University of Rostock/Institute of Mathematics/CITlab|PLANET AI GmbH/Tobias Gruening/tobias.gruening@planet-ai.de:name=de.uros.citlab.module.baseline2polygon.B2PSeamMultiOriented:v=2.6.7
prov=University of Rostock/Institute of Mathematics/CITlab|PLANET AI GmbH/Tobias Gruening/tobias.gruening@planet-ai.de:name=/net_tf/LA73_249_0mod360.pb:de.uros.citlab.segmentation.CITlab_LA_ML:v=2.6.7
Transkribus</Creator>
        <Created>2022-06-16T09:29:17.692+02:00</Created>
        <LastChange>2022-09-12T15:39:39.401+02:00</LastChange>
        <TranskribusMetadata docId="1334852" pageId="52363473" pageNr="152" tsid="114645476" status="IN_PROGRESS" userId="9570" imgUrl="https://files.transkribus.eu/Get?id=ANSQXUXHISKKRKXMWIUSDKFR&amp;fileType=view" xmlUrl="https://files.transkribus.eu/Get?id=ZTZWHMZIDCCVUXDBZCXZVNVN" imageId="35485748"/>
    </Metadata>
    <Page imageFilename="IMG_7903.jpg" imageWidth="3024" imageHeight="4032">
        <ReadingOrder>
            <OrderedGroup id="ro_1687513610769" caption="Regions reading order">
                <RegionRefIndexed index="0" regionRef="r1"/>
                <RegionRefIndexed index="1" regionRef="r2"/>
                <RegionRefIndexed index="2" regionRef="r3"/>
                <RegionRefIndexed index="3" regionRef="r4"/>
                <RegionRefIndexed index="4" regionRef="r5"/>
                <RegionRefIndexed index="5" regionRef="r6"/>
            </OrderedGroup>
        </ReadingOrder>
        <TextRegion orientation="0.0" id="r1" custom="readingOrder {index:0;}">
            <Coords points="297,359 297,518 453,518 453,359"/>
            <TextLine id="r1l1" custom="readingOrder {index:0;}">
                <Coords points="291,478 350,486 365,470 374,472 387,461 411,459 424,467 459,449 457,417 424,409 407,398 393,400 380,413 326,405 288,414"/>
                <Baseline points="297,468 323,466 349,465 375,464 401,462 427,461 453,459"/>
                <TextEquiv>
                    <Unicode>302.</Unicode>
                </TextEquiv>
            </TextLine>
            <TextEquiv>
                <Unicode>302.</Unicode>
            </TextEquiv>
        </TextRegion>
        <TextRegion orientation="0.0" id="r2" custom="readingOrder {index:1;}">
            <Coords points="482,523 482,3505 1473,3505 1473,523"/>
            <TextLine id="r2l1" custom="readingOrder {index:0;}">
                <Coords points="486,594 770,559 924,568 972,616 1123,568 1189,624 1245,587 1422,621 1425,549 1346,544 1263,487 1122,515 1068,470 977,493 900,468 831,509 657,479 488,536"/>
                <Baseline points="494,573 540,570 586,567 632,565 678,563 724,561 770,560 816,558 862,558 908,558 955,558 1001,560 1047,562 1093,565 1139,567 1185,572 1231,576 1277,582 1323,589 1369,596 1416,605"/>
                <TextEquiv>
                    <Unicode>Einer darvon aber seye zuruk gekommen,</Unicode>
                </TextEquiv>
            </TextLine>
            <TextLine id="r2l2" custom="readingOrder {index:1;}">
                <Coords points="493,667 577,689 633,656 862,647 926,679 1027,644 1085,688 1218,656 1336,669 1444,730 1455,653 1315,598 1215,635 1136,580 1072,618 1018,580 970,616 915,573 785,560 585,597 496,575"/>
                <Baseline points="501,657 548,654 595,651 642,648 690,645 737,644 784,642 831,641 879,641 926,641 973,641 1020,643 1068,646 1115,648 1162,652 1209,655 1257,660 1304,666 1351,672 1398,680 1446,689"/>
                <TextEquiv>
                    <Unicode>um sein Säklin zu holen, so seine Cammera¬</Unicode>
                </TextEquiv>
            </TextLine>
            <TextLine id="r2l3" custom="readingOrder {index:2;}">
                <Coords points="493,754 862,722 1369,763 1370,695 1316,667 1269,695 1217,656 1004,704 927,704 861,648 580,696 493,668"/>
                <Baseline points="500,740 543,737 586,735 629,734 672,732 715,729 758,728 801,726 844,725 887,723 931,723 974,723 1017,723 1060,725 1103,726 1146,729 1189,731 1232,736 1275,740 1318,746 1362,752"/>
                <TextEquiv>
                    <Unicode>den würklich mit genommen, unter der</Unicode>
                </TextEquiv>
            </TextLine>
            <TextLine id="r2l4" custom="readingOrder {index:3;} person {offset:17; length:18; continued:true;}">
                <Coords points="494,836 650,820 725,876 798,810 862,833 1035,808 1168,860 1248,824 1367,877 1440,861 1441,791 1376,801 1299,745 1107,771 868,720 770,790 576,733 495,777"/>
                <Baseline points="500,824 546,821 593,819 639,816 686,814 733,810 779,809 826,807 873,806 919,805 966,804 1013,804 1059,806 1106,807 1153,811 1199,814 1246,818 1293,824 1339,831 1386,840 1433,849"/>
                <TextEquiv>
                    <Unicode>Oporten seye der Indiene Handlanger</Unicode>
                </TextEquiv>
            </TextLine>
            <TextLine id="r2l5" custom="readingOrder {index:4;} person {offset:0; length:6; continued:true;}">
                <Coords points="490,936 584,962 637,939 677,969 741,906 896,927 986,887 1223,905 1276,954 1345,916 1394,942 1395,898 1304,884 1238,827 1175,861 1044,818 723,877 647,820 573,816 491,868"/>
                <Baseline points="497,905 541,903 586,902 630,900 675,899 719,896 764,895 808,893 853,893 897,891 942,891 987,891 1031,891 1076,893 1120,894 1165,896 1209,900 1254,904 1298,909 1343,917 1388,924"/>
                <TextEquiv>
                    <Unicode>Probst, so eine rohte Veste getragen,</Unicode>
                </TextEquiv>
            </TextLine>
            <TextLine id="r2l6" custom="readingOrder {index:5;} person {offset:13; length:10;}">
                <Coords points="501,994 674,979 779,1047 865,981 1156,975 1281,1031 1345,1005 1346,917 1281,964 1158,892 1107,924 1027,895 894,928 825,897 689,908 586,962 501,937"/>
                <Baseline points="507,980 548,980 590,980 631,980 673,978 714,978 756,978 797,977 839,975 880,975 922,974 964,974 1005,974 1047,974 1088,975 1130,975 1171,978 1213,980 1254,983 1296,986 1338,992"/>
                <TextEquiv>
                    <Unicode>neben deß H. von Patels Knecht</Unicode>
                </TextEquiv>
            </TextLine>
            <TextLine id="r2l7" custom="readingOrder {index:6;} person {offset:21; length:10;}">
                <Coords points="487,1105 653,1063 725,1098 819,1053 909,1084 1135,1055 1441,1093 1442,1012 1127,1022 1039,979 997,1007 865,982 822,1015 677,982 488,1041"/>
                <Baseline points="495,1061 544,1061 593,1061 643,1059 692,1059 742,1058 791,1058 840,1056 890,1056 939,1056 989,1056 1038,1058 1088,1058 1137,1059 1186,1062 1236,1065 1285,1067 1335,1071 1384,1075 1434,1080"/>
                <TextEquiv>
                    <Unicode>gestanden, da dieser Steinbauer von dem</Unicode>
                </TextEquiv>
            </TextLine>
            <TextLine id="r2l8" custom="readingOrder {index:7;}">
                <Coords points="475,1189 530,1214 595,1164 718,1148 909,1172 968,1146 1037,1201 1121,1147 1185,1185 1232,1156 1353,1174 1378,1087 1332,1076 1243,1127 1136,1054 1052,1106 864,1071 812,1111 567,1065 475,1119"/>
                <Baseline points="482,1152 526,1151 570,1149 615,1148 659,1146 704,1145 748,1145 793,1143 837,1142 882,1142 926,1142 970,1142 1015,1142 1059,1142 1104,1143 1148,1145 1193,1145 1237,1148 1282,1151 1326,1153 1371,1157"/>
                <TextEquiv>
                    <Unicode>Sprobst einen Stoß empfangen, der</Unicode>
                </TextEquiv>
            </TextLine>
            <TextLine id="r2l9" custom="readingOrder {index:8;}">
                <Coords points="493,1240 634,1228 676,1265 752,1218 949,1269 1199,1226 1414,1263 1436,1188 1219,1165 1168,1190 1107,1155 1048,1201 944,1201 883,1149 842,1176 719,1151 494,1208"/>
                <Baseline points="501,1227 547,1227 593,1226 640,1225 686,1224 732,1224 779,1223 825,1223 871,1223 918,1223 964,1223 1010,1224 1057,1226 1103,1227 1149,1229 1196,1231 1242,1235 1288,1237 1335,1242 1381,1246 1428,1251"/>
                <TextEquiv>
                    <Unicode>darvon zu Boden gefallen, wiße aber</Unicode>
                </TextEquiv>
            </TextLine>
            <TextLine id="r2l10" custom="readingOrder {index:9;} person {offset:26; length:6;}">
                <Coords points="495,1364 699,1304 886,1316 918,1346 993,1307 1033,1333 1356,1335 1387,1328 1388,1273 1298,1243 1237,1269 1199,1231 1133,1258 982,1242 951,1269 914,1238 844,1269 755,1231 675,1264 614,1228 496,1266"/>
                <Baseline points="503,1311 546,1310 590,1309 634,1308 678,1307 722,1307 766,1307 809,1307 853,1307 897,1308 941,1308 985,1309 1029,1310 1073,1311 1116,1313 1160,1314 1204,1315 1248,1316 1292,1317 1336,1319 1380,1320"/>
                <TextEquiv>
                    <Unicode>nicht, ob dieser stoß der Probst aus</Unicode>
                </TextEquiv>
            </TextLine>
            <TextLine id="r2l11" custom="readingOrder {index:10;}">
                <Coords points="491,1427 835,1402 901,1444 975,1400 1079,1419 1126,1387 1342,1438 1426,1417 1425,1338 1379,1329 1273,1326 1233,1357 1178,1321 1070,1367 998,1309 886,1367 788,1310 644,1375 491,1360"/>
                <Baseline points="498,1397 544,1397 590,1397 636,1397 682,1395 728,1395 774,1394 820,1394 866,1393 912,1392 958,1392 1004,1391 1050,1391 1096,1391 1142,1391 1188,1392 1234,1392 1280,1394 1326,1395 1372,1397 1419,1400"/>
                <TextEquiv>
                    <Unicode>freyem Willen gethan, oder wie solches</Unicode>
                </TextEquiv>
            </TextLine>
            <TextLine id="r2l12" custom="readingOrder {index:11;} person {offset:24; length:10;}">
                <Coords points="491,1526 528,1537 608,1481 835,1486 887,1528 942,1483 1423,1503 1423,1419 1285,1464 1143,1404 974,1401 812,1466 492,1448"/>
                <Baseline points="498,1479 543,1479 589,1479 635,1479 681,1481 727,1481 773,1481 819,1481 865,1481 911,1481 957,1481 1002,1482 1048,1482 1094,1482 1140,1482 1186,1482 1232,1482 1278,1482 1324,1484 1370,1484 1416,1484"/>
                <TextEquiv>
                    <Unicode>zugegangen, noch ob der Steinhauer auf</Unicode>
                </TextEquiv>
            </TextLine>
            <TextLine id="r2l13" custom="readingOrder {index:12;}">
                <Coords points="490,1604 620,1554 861,1590 1026,1566 1068,1603 1201,1562 1251,1589 1420,1572 1421,1533 1364,1488 1311,1539 1162,1489 966,1528 923,1496 885,1530 843,1490 778,1517 665,1482 491,1514"/>
                <Baseline points="497,1545 542,1548 588,1551 634,1553 680,1554 726,1556 771,1556 817,1557 863,1559 909,1559 955,1559 1000,1559 1046,1560 1092,1560 1138,1560 1184,1560 1229,1562 1275,1562 1321,1563 1367,1563 1413,1565"/>
                <TextEquiv>
                    <Unicode>der Ruken oder vor sich gefallen, indeme</Unicode>
                </TextEquiv>
            </TextLine>
            <TextLine id="r2l14" custom="readingOrder {index:13;}">
                <Coords points="488,1625 634,1653 678,1629 922,1657 1275,1641 1328,1670 1431,1654 1432,1607 1352,1574 1289,1608 1171,1567 1068,1604 1027,1566 947,1619 814,1562 774,1594 712,1553 661,1577 489,1559"/>
                <Baseline points="495,1619 541,1622 588,1625 634,1628 681,1629 727,1631 774,1632 820,1634 867,1634 913,1635 960,1635 1006,1635 1053,1637 1099,1637 1146,1637 1192,1638 1239,1640 1285,1640 1332,1641 1378,1644 1425,1646"/>
                <TextEquiv>
                    <Unicode>dieses unter der forten und vor außen</Unicode>
                </TextEquiv>
            </TextLine>
            <TextLine id="r2l15" custom="readingOrder {index:14;}">
                <Coords points="497,1714 861,1710 943,1752 1034,1710 1423,1735 1433,1667 995,1639 889,1685 704,1630 499,1646"/>
                <Baseline points="504,1694 550,1695 596,1697 642,1699 688,1700 734,1701 780,1703 826,1704 872,1704 918,1706 964,1707 1010,1707 1056,1709 1102,1709 1148,1710 1194,1710 1240,1712 1286,1713 1332,1715 1378,1716 1425,1718"/>
                <TextEquiv>
                    <Unicode>sich zugetragen, während als Er in dem</Unicode>
                </TextEquiv>
            </TextLine>
            <TextLine id="r2l16" custom="readingOrder {index:15;}">
                <Coords points="485,1777 547,1809 618,1819 674,1780 752,1796 821,1781 839,1797 944,1786 961,1755 861,1711 781,1702 757,1720 633,1699 605,1720 544,1692 486,1726"/>
                <Baseline points="492,1766 517,1766 543,1767 569,1767 594,1768 620,1769 646,1770 671,1770 697,1772 723,1772 748,1773 774,1775 800,1775 825,1776 851,1776 877,1777 902,1778 928,1778 954,1778"/>
                <TextEquiv>
                    <Unicode>Schopf verblieben.</Unicode>
                </TextEquiv>
            </TextLine>
            <TextLine id="r2l17" custom="readingOrder {index:16;}">
                <Coords points="1163,1803 1209,1806 1251,1780 1275,1792 1288,1783 1301,1792 1342,1786 1371,1808 1386,1800 1417,1807 1418,1750 1383,1730 1357,1736 1329,1713 1306,1725 1289,1710 1252,1722 1234,1707 1209,1708 1179,1736 1164,1737"/>
                <Baseline points="1170,1781 1196,1782 1223,1782 1250,1782 1276,1782 1303,1782 1330,1782 1356,1782 1383,1782 1410,1784"/>
                <TextEquiv>
                    <Unicode>Aut diesen</Unicode>
                </TextEquiv>
            </TextLine>
            <TextLine id="r2l18" custom="readingOrder {index:17;}">
                <Coords points="493,1844 596,1899 754,1845 936,1884 994,1854 1053,1886 1096,1856 1435,1878 1436,1830 1342,1786 1251,1779 1182,1819 1074,1783 961,1812 889,1782 790,1819 494,1793"/>
                <Baseline points="500,1836 546,1838 592,1839 639,1841 685,1842 732,1844 778,1845 824,1847 871,1848 917,1849 964,1851 1010,1851 1056,1853 1103,1853 1149,1854 1196,1854 1242,1856 1288,1856 1335,1856 1381,1856 1428,1856"/>
                <TextEquiv>
                    <Unicode>empfangenen Stoß, haben die Steine</Unicode>
                </TextEquiv>
            </TextLine>
            <TextLine id="r2l19" custom="readingOrder {index:18;}">
                <Coords points="499,1920 834,1973 887,1929 973,1972 1040,1933 1423,1939 1424,1871 1249,1863 1161,1906 1096,1856 929,1899 813,1845 715,1851 643,1896 499,1891"/>
                <Baseline points="506,1914 551,1916 597,1917 642,1920 688,1921 733,1923 779,1925 824,1925 870,1926 915,1928 961,1928 1006,1928 1052,1929 1097,1929 1143,1929 1188,1928 1234,1928 1279,1928 1325,1926 1370,1926 1416,1925"/>
                <TextEquiv>
                    <Unicode>tauer zu fluchen, schelten und heraus</Unicode>
                </TextEquiv>
            </TextLine>
            <TextLine id="r2l20" custom="readingOrder {index:19;}">
                <Coords points="503,2005 660,2001 801,2042 874,2021 929,2051 995,2013 1138,2046 1205,2007 1444,2015 1445,1951 1275,1924 991,1987 888,1928 792,1978 663,1964 602,1916 504,1921"/>
                <Baseline points="510,1988 556,1991 602,1992 649,1994 695,1996 741,1997 788,1999 834,2000 880,2001 927,2001 973,2003 1019,2003 1066,2003 1112,2003 1158,2003 1205,2003 1251,2003 1297,2001 1344,2001 1390,2000 1437,1998"/>
                <TextEquiv>
                    <Unicode>forderen angefangen, seyen die Straß</Unicode>
                </TextEquiv>
            </TextLine>
            <TextLine id="r2l21" custom="readingOrder {index:20;}">
                <Coords points="484,2103 544,2067 724,2069 787,2121 957,2077 1116,2123 1181,2090 1390,2093 1390,2041 1316,2055 1211,2012 1136,2047 1090,2021 970,2054 757,2051 660,2001 485,2016"/>
                <Baseline points="492,2063 536,2064 581,2067 625,2069 670,2071 714,2073 759,2075 803,2076 848,2077 892,2078 937,2079 982,2079 1026,2081 1071,2081 1115,2081 1160,2081 1204,2079 1249,2079 1293,2078 1338,2076 1383,2075"/>
                <TextEquiv>
                    <Unicode>hinunter gegangen, und haben eine</Unicode>
                </TextEquiv>
            </TextLine>
            <TextLine id="r2l22" custom="readingOrder {index:21;}">
                <Coords points="503,2149 559,2175 721,2155 791,2201 861,2142 1306,2185 1346,2152 1467,2153 1467,2076 1024,2131 958,2077 802,2124 723,2069 503,2083"/>
                <Baseline points="510,2136 557,2139 605,2142 652,2145 700,2147 747,2149 795,2150 842,2151 890,2151 937,2153 985,2153 1033,2153 1080,2151 1128,2151 1175,2150 1223,2150 1270,2148 1318,2147 1365,2145 1413,2144 1461,2142"/>
                <TextEquiv>
                    <Unicode>solche Menge Steinen hinauf geboten,</Unicode>
                </TextEquiv>
            </TextLine>
            <TextLine id="r2l23" custom="readingOrder {index:22;}">
                <Coords points="490,2217 540,2241 585,2215 672,2266 753,2229 804,2264 853,2222 998,2270 1063,2231 1255,2263 1426,2224 1427,2169 1259,2186 1186,2156 1117,2191 1072,2154 984,2173 864,2144 787,2199 716,2158 678,2182 589,2152 558,2177 526,2143 491,2163"/>
                <Baseline points="497,2207 543,2210 589,2212 635,2215 681,2217 727,2220 773,2222 819,2223 865,2225 911,2226 958,2228 1004,2228 1050,2228 1096,2228 1142,2228 1188,2227 1234,2226 1280,2224 1326,2222 1372,2219 1419,2216"/>
                <TextEquiv>
                    <Unicode>daß er sich nicht getrohet hätte hinauß</Unicode>
                </TextEquiv>
            </TextLine>
            <TextLine id="r2l24" custom="readingOrder {index:23;}">
                <Coords points="496,2317 610,2334 653,2298 793,2302 852,2343 970,2302 1128,2303 1208,2355 1317,2287 1413,2307 1413,2238 1318,2278 1098,2233 1003,2279 873,2225 700,2268 497,2217"/>
                <Baseline points="503,2291 548,2292 593,2292 638,2294 683,2295 728,2297 773,2298 819,2299 864,2300 909,2301 954,2301 999,2303 1044,2303 1089,2303 1135,2303 1180,2301 1225,2300 1270,2298 1315,2296 1360,2294 1406,2289"/>
                <TextEquiv>
                    <Unicode>zu gehen, welches ihn auch bewogen noch</Unicode>
                </TextEquiv>
            </TextLine>
            <TextLine id="r2l25" custom="readingOrder {index:24;}">
                <Coords points="487,2396 884,2370 952,2409 1033,2382 1264,2434 1410,2376 1410,2322 1316,2287 1143,2364 1032,2351 972,2303 922,2341 751,2299 487,2336"/>
                <Baseline points="494,2367 539,2367 584,2369 630,2370 675,2372 721,2373 766,2375 812,2376 857,2378 903,2379 948,2379 993,2381 1039,2381 1084,2381 1130,2381 1175,2379 1221,2378 1266,2376 1312,2373 1357,2369 1403,2364"/>
                <TextEquiv>
                    <Unicode>ein Viertelin zu tringen. Es seye</Unicode>
                </TextEquiv>
            </TextLine>
            <TextLine id="r2l26" custom="readingOrder {index:25;}">
                <Coords points="502,2449 884,2460 937,2495 1001,2462 1207,2501 1253,2465 1431,2460 1451,2394 1373,2385 1264,2433 1028,2378 954,2410 881,2370 502,2402"/>
                <Baseline points="509,2441 555,2442 602,2444 649,2445 696,2447 743,2448 789,2450 836,2451 883,2451 930,2453 977,2453 1023,2453 1070,2453 1117,2453 1164,2452 1211,2451 1257,2450 1304,2448 1351,2445 1398,2441 1445,2436"/>
                <TextEquiv>
                    <Unicode>allerand dem Schopff gegangen, außer</Unicode>
                </TextEquiv>
            </TextLine>
            <TextLine id="r2l27" custom="readingOrder {index:26;} person {offset:29; length:8;}">
                <Coords points="490,2537 806,2530 1027,2570 1067,2543 1135,2577 1208,2539 1252,2570 1366,2538 1398,2566 1461,2547 1462,2483 1313,2457 1108,2515 995,2460 944,2494 839,2456 490,2475"/>
                <Baseline points="497,2523 544,2523 592,2525 640,2525 688,2526 736,2528 784,2528 831,2529 879,2531 927,2532 975,2532 1023,2534 1071,2534 1119,2534 1166,2534 1214,2534 1262,2532 1310,2531 1358,2529 1406,2526 1454,2523"/>
                <TextEquiv>
                    <Unicode>Er Dept. und der Tischmacher Plütiger</Unicode>
                </TextEquiv>
            </TextLine>
            <TextLine id="r2l28" custom="readingOrder {index:27;}">
                <Coords points="491,2613 578,2639 630,2609 893,2625 923,2655 1000,2615 1434,2620 1434,2575 1367,2538 1253,2570 1217,2543 1155,2578 1070,2544 1027,2571 806,2532 674,2575 562,2526 492,2538"/>
                <Baseline points="498,2604 544,2604 590,2606 637,2606 683,2607 730,2609 776,2609 823,2610 869,2610 916,2612 962,2612 1008,2612 1055,2613 1101,2612 1148,2612 1194,2612 1241,2610 1287,2609 1334,2607 1380,2604 1427,2601"/>
                <TextEquiv>
                    <Unicode>und sein Weib seyen darin verblieben.</Unicode>
                </TextEquiv>
            </TextLine>
            <TextLine id="r2l29" custom="readingOrder {index:28;}">
                <Coords points="502,2685 727,2686 768,2726 829,2688 1124,2691 1183,2729 1251,2692 1403,2687 1430,2618 1225,2645 1025,2614 923,2657 861,2622 727,2666 659,2630 598,2664 503,2611"/>
                <Baseline points="509,2676 554,2678 600,2679 645,2681 691,2682 737,2684 782,2685 828,2686 874,2687 919,2688 965,2688 1011,2690 1056,2690 1102,2690 1148,2690 1193,2688 1239,2688 1285,2687 1330,2684 1376,2682 1422,2679"/>
                <TextEquiv>
                    <Unicode>der einer halben Stund seyen wieder</Unicode>
                </TextEquiv>
            </TextLine>
            <TextLine id="r2l30" custom="readingOrder {index:29;}">
                <Coords points="490,2751 701,2801 789,2763 1440,2784 1441,2689 1288,2688 1192,2738 1124,2691 1069,2716 830,2689 773,2728 728,2686 641,2713 591,2687 490,2730"/>
                <Baseline points="497,2751 543,2754 590,2756 637,2757 684,2759 731,2760 778,2760 824,2762 871,2762 918,2762 965,2762 1012,2762 1059,2762 1106,2762 1152,2762 1199,2762 1246,2762 1293,2761 1340,2760 1387,2760 1434,2760"/>
                <TextEquiv>
                    <Unicode>in den Schopff zurükgekommen, deß H.</Unicode>
                </TextEquiv>
            </TextLine>
            <TextLine id="r2l31" custom="readingOrder {index:30;} person {offset:0; length:10;} person {offset:22; length:6;}">
                <Coords points="493,2844 798,2831 955,2875 1205,2842 1255,2879 1437,2838 1438,2782 1310,2804 1239,2756 1150,2808 1011,2760 864,2825 789,2764 686,2804 557,2751 494,2777"/>
                <Baseline points="501,2820 547,2823 594,2825 640,2828 687,2829 733,2832 780,2834 826,2835 873,2837 919,2837 966,2838 1012,2838 1059,2838 1105,2838 1152,2838 1198,2837 1245,2835 1291,2834 1338,2832 1384,2829 1431,2826"/>
                <TextEquiv>
                    <Unicode>von Saveld necht, der Geiger, der</Unicode>
                </TextEquiv>
            </TextLine>
            <TextLine id="r2l32" custom="readingOrder {index:31;}">
                <Coords points="487,2917 553,2905 626,2943 851,2917 902,2961 944,2920 1056,2908 1460,2916 1436,2832 1252,2880 1124,2843 1010,2895 796,2839 487,2845"/>
                <Baseline points="494,2900 541,2903 589,2905 637,2907 685,2909 733,2910 781,2912 829,2913 877,2913 925,2913 973,2913 1020,2913 1068,2912 1116,2912 1164,2910 1212,2909 1260,2906 1308,2904 1356,2900 1404,2898 1452,2894"/>
                <TextEquiv>
                    <Unicode>Probst, und ein paar Indiene Arbei¬</Unicode>
                </TextEquiv>
            </TextLine>
            <TextLine id="r2l33" custom="readingOrder {index:32;} person {offset:27; length:9;}">
                <Coords points="501,2990 693,3014 745,2981 1263,2984 1303,3024 1352,2992 1425,3028 1414,2908 1363,2938 1235,2908 1101,2943 1056,2907 1021,2934 944,2919 887,2967 817,2918 628,2943 553,2904 501,2921"/>
                <Baseline points="507,2973 552,2976 598,2979 643,2982 689,2984 735,2985 780,2987 826,2987 871,2988 917,2988 963,2988 1008,2988 1054,2988 1099,2987 1145,2985 1191,2984 1236,2982 1282,2980 1327,2978 1373,2975 1419,2972"/>
                <TextEquiv>
                    <Unicode>iter, und haben von dieser Schlägeri</Unicode>
                </TextEquiv>
            </TextLine>
            <TextLine id="r2l34" custom="readingOrder {index:33;} person {offset:30; length:6;}">
                <Coords points="510,3053 814,3084 930,3057 991,3087 1321,3055 1416,3088 1479,3079 1480,3006 1304,3024 1235,2985 1071,3043 988,2988 846,3034 746,2982 693,3013 510,2993"/>
                <Baseline points="516,3039 563,3042 611,3047 659,3050 707,3052 755,3054 803,3057 850,3059 898,3060 946,3060 994,3062 1042,3062 1090,3062 1138,3062 1185,3060 1233,3059 1281,3056 1329,3054 1377,3051 1425,3048 1473,3045"/>
                <TextEquiv>
                    <Unicode>kein Wort geredet, außert der Geigen</Unicode>
                </TextEquiv>
            </TextLine>
            <TextLine id="r2l35" custom="readingOrder {index:34;}">
                <Coords points="508,3140 627,3130 778,3179 886,3134 1091,3169 1151,3126 1237,3179 1312,3123 1467,3122 1467,3086 1247,3056 1144,3099 933,3057 815,3084 508,3053"/>
                <Baseline points="515,3119 562,3122 609,3123 656,3126 704,3128 751,3129 798,3130 845,3131 893,3132 940,3134 987,3134 1034,3134 1082,3132 1129,3132 1176,3131 1223,3129 1271,3126 1318,3123 1365,3120 1412,3117 1460,3113"/>
                <TextEquiv>
                    <Unicode>der lediglich gesagt, es seye gut gegangen.</Unicode>
                </TextEquiv>
            </TextLine>
            <TextLine id="r2l36" custom="readingOrder {index:35;}">
                <Coords points="618,3254 742,3204 814,3247 897,3201 966,3239 1088,3201 1165,3262 1249,3201 1449,3188 1449,3137 1393,3113 1339,3151 1311,3124 1247,3180 1153,3129 1091,3169 961,3139 930,3170 851,3139 776,3181 722,3152 616,3160"/>
                <Baseline points="624,3203 664,3203 705,3203 746,3203 787,3203 828,3204 869,3204 910,3204 951,3206 992,3206 1033,3206 1073,3206 1114,3206 1155,3204 1196,3203 1237,3202 1278,3200 1319,3197 1360,3194 1401,3190 1442,3185"/>
                <TextEquiv>
                    <Unicode>Er habe sich nach 9. Uhren von das</Unicode>
                </TextEquiv>
            </TextLine>
            <TextLine id="r2l37" custom="readingOrder {index:36;}">
                <Coords points="518,3276 1036,3300 1148,3274 1213,3312 1422,3260 1412,3209 1294,3239 1247,3202 1157,3258 1085,3201 1036,3239 996,3216 882,3253 743,3204 669,3247 518,3206"/>
                <Baseline points="525,3269 569,3269 614,3269 658,3269 703,3270 747,3270 792,3270 836,3272 881,3273 925,3273 970,3275 1014,3275 1059,3275 1103,3275 1148,3275 1192,3273 1237,3272 1281,3270 1326,3267 1370,3264 1415,3260"/>
                <TextEquiv>
                    <Unicode>weg begeben, und habe den tischmacher</Unicode>
                </TextEquiv>
            </TextLine>
            <TextLine id="r2l38" custom="readingOrder {index:37;}">
                <Coords points="519,3351 857,3343 974,3403 1045,3348 1246,3364 1339,3335 1384,3359 1436,3338 1436,3265 1212,3312 1104,3285 1017,3308 946,3274 796,3304 704,3283 656,3320 588,3266 518,3296"/>
                <Baseline points="525,3339 570,3339 615,3341 660,3342 706,3342 751,3344 796,3344 841,3345 887,3345 932,3345 977,3347 1022,3347 1068,3345 1113,3345 1158,3344 1203,3342 1249,3341 1294,3339 1339,3335 1384,3332 1430,3327"/>
                <TextEquiv>
                    <Unicode>und sein Streib alda gelaßen, welche biß</Unicode>
                </TextEquiv>
            </TextLine>
            <TextLine id="r2l39" custom="readingOrder {index:38;}">
                <Coords points="521,3440 565,3422 619,3459 671,3418 751,3462 814,3424 1012,3419 1045,3448 1142,3424 1195,3460 1266,3412 1325,3436 1465,3393 1421,3334 1202,3377 1041,3349 981,3401 911,3397 862,3351 520,3347"/>
                <Baseline points="528,3411 574,3411 620,3411 667,3413 713,3414 760,3416 806,3417 853,3419 899,3420 946,3421 992,3422 1038,3422 1085,3422 1131,3420 1178,3418 1224,3415 1271,3411 1317,3407 1364,3400 1410,3392 1457,3383"/>
                <TextEquiv>
                    <Unicode>zuletzt verblieben. Sonsten seÿe Ihm von</Unicode>
                </TextEquiv>
            </TextLine>
            <TextLine id="r2l40" custom="readingOrder {index:39;}">
                <Coords points="525,3512 738,3490 820,3528 926,3484 972,3524 1055,3532 1112,3495 1203,3526 1473,3451 1472,3389 1362,3402 1308,3450 1265,3413 1195,3461 1139,3423 1061,3451 1009,3417 806,3469 674,3418 616,3460 549,3420 523,3438"/>
                <Baseline points="531,3483 577,3485 624,3485 671,3486 718,3486 764,3488 811,3488 858,3488 905,3489 951,3489 998,3488 1045,3488 1092,3486 1138,3484 1185,3483 1232,3480 1279,3476 1325,3472 1372,3468 1419,3461 1466,3456"/>
                <TextEquiv>
                    <Unicode>dieser tranzigen Gebenheit nichts in biß en</Unicode>
                </TextEquiv>
            </TextLine>
            <TextEquiv>
                <Unicode>Einer darvon aber seye zuruk gekommen,
um sein Säklin zu holen, so seine Cammera¬
den würklich mit genommen, unter der
Oporten seye der Indiene Handlanger
Probst, so eine rohte Veste getragen,
neben deß H. von Patels Knecht
gestanden, da dieser Steinbauer von dem
Sprobst einen Stoß empfangen, der
darvon zu Boden gefallen, wiße aber
nicht, ob dieser stoß der Probst aus
freyem Willen gethan, oder wie solches
zugegangen, noch ob der Steinhauer auf
der Ruken oder vor sich gefallen, indeme
dieses unter der forten und vor außen
sich zugetragen, während als Er in dem
Schopf verblieben.
Aut diesen
empfangenen Stoß, haben die Steine
tauer zu fluchen, schelten und heraus
forderen angefangen, seyen die Straß
hinunter gegangen, und haben eine
solche Menge Steinen hinauf geboten,
daß er sich nicht getrohet hätte hinauß
zu gehen, welches ihn auch bewogen noch
ein Viertelin zu tringen. Es seye
allerand dem Schopff gegangen, außer
Er Dept. und der Tischmacher Plütiger
und sein Weib seyen darin verblieben.
der einer halben Stund seyen wieder
in den Schopff zurükgekommen, deß H.
von Saveld necht, der Geiger, der
Probst, und ein paar Indiene Arbei¬
iter, und haben von dieser Schlägeri
kein Wort geredet, außert der Geigen
der lediglich gesagt, es seye gut gegangen.
Er habe sich nach 9. Uhren von das
weg begeben, und habe den tischmacher
und sein Streib alda gelaßen, welche biß
zuletzt verblieben. Sonsten seÿe Ihm von
dieser tranzigen Gebenheit nichts in biß en</Unicode>
            </TextEquiv>
        </TextRegion>
        <TextRegion orientation="0.0" id="r3" custom="readingOrder {index:2;}">
            <Coords points="1524,496 1524,665 1622,665 1622,496"/>
            <TextLine id="r3l1" custom="readingOrder {index:0;}">
                <Coords points="1518,622 1540,617 1543,612 1564,618 1583,602 1589,605 1628,589 1611,508 1602,513 1597,510 1587,523 1573,523 1525,571 1508,572"/>
                <Baseline points="1524,615 1556,606 1589,597 1622,596"/>
                <TextEquiv>
                    <Unicode>1. 2.</Unicode>
                </TextEquiv>
            </TextLine>
            <TextEquiv>
                <Unicode>1. 2.</Unicode>
            </TextEquiv>
        </TextRegion>
        <TextRegion orientation="0.0" id="r4" custom="readingOrder {index:3;}">
            <Coords points="1590,2342 1590,2495 1608,2495 1608,2342"/>
            <TextLine id="r4l1" custom="readingOrder {index:0;}">
                <Coords points="1585,2453 1595,2450 1608,2456 1617,2453 1599,2348 1588,2351 1578,2347 1567,2351"/>
                <Baseline points="1590,2445 1608,2442"/>
                <TextEquiv>
                    <Unicode>d.</Unicode>
                </TextEquiv>
            </TextLine>
            <TextEquiv>
                <Unicode>d.</Unicode>
            </TextEquiv>
        </TextRegion>
        <TextRegion orientation="0.0" id="r5" custom="readingOrder {index:4;}">
            <Coords points="1629,2948 1629,3101 1647,3101 1647,2948"/>
            <TextLine id="r5l1" custom="readingOrder {index:0;}">
                <Coords points="1620,3059 1628,3060 1643,3050 1644,3052 1645,3051 1648,3053 1653,3053 1660,3014 1648,3011 1644,3004 1638,3006 1630,3005"/>
                <Baseline points="1629,3048 1647,3051"/>
                <TextEquiv>
                    <Unicode>.</Unicode>
                </TextEquiv>
            </TextLine>
            <TextEquiv>
                <Unicode>.</Unicode>
            </TextEquiv>
        </TextRegion>
        <TextRegion orientation="0.0" id="r6" custom="readingOrder {index:5;}">
            <Coords points="1655,277 1655,3658 2777,3658 2777,277"/>
            <TextLine id="r6l1" custom="readingOrder {index:0;}">
                <Coords points="2584,386 2616,376 2643,384 2666,379 2686,359 2729,337 2779,330 2774,258 2750,258 2727,243 2700,251 2690,263 2681,257 2656,265 2627,250 2574,275"/>
                <Baseline points="2586,333 2612,329 2639,325 2665,323 2692,320 2718,318 2745,317 2772,315"/>
                <TextEquiv>
                    <Unicode>303</Unicode>
                </TextEquiv>
            </TextLine>
            <TextLine id="r6l2" custom="readingOrder {index:1;} person {offset:6; length:16;}">
                <Coords points="1675,580 2106,533 2167,487 2296,517 2629,453 2596,359 2509,411 2308,385 2200,432 1896,435 1835,487 1664,494"/>
                <Baseline points="1682,575 1731,569 1780,561 1830,555 1879,548 1929,541 1978,535 2027,528 2077,521 2126,515 2176,508 2225,501 2275,495 2324,489 2373,481 2423,475 2472,468 2522,461 2571,455 2621,447"/>
                <TextEquiv>
                    <Unicode>Vest. Johannes Rütiger der</Unicode>
                </TextEquiv>
            </TextLine>
            <TextLine id="r6l3" custom="readingOrder {index:2;} place {offset:27; length:9;}">
                <Coords points="1672,704 1784,639 1851,675 1925,635 1986,668 2130,601 2204,638 2266,596 2714,511 2701,444 2186,554 2071,531 2014,587 1879,565 1658,596"/>
                <Baseline points="1673,656 1724,649 1776,643 1828,636 1880,631 1931,624 1983,618 2035,612 2087,606 2138,599 2190,593 2242,586 2294,581 2345,573 2397,567 2449,559 2501,552 2552,545 2604,538 2656,531 2708,522"/>
                <TextEquiv>
                    <Unicode>Tischmacher, gebührtig von Sumiswald</Unicode>
                </TextEquiv>
            </TextLine>
            <TextLine id="r6l4" custom="readingOrder {index:3;} place {offset:8; length:11;}">
                <Coords points="1652,770 2045,693 2125,727 2210,669 2284,706 2343,662 2390,695 2461,657 2565,677 2730,612 2723,555 2679,539 2525,575 2477,550 2206,638 2130,603 2016,672 1927,636 1884,684 1786,638 1736,694 1640,669"/>
                <Baseline points="1655,740 1708,733 1761,727 1815,720 1868,713 1922,707 1975,701 2028,695 2082,690 2135,684 2189,678 2242,671 2295,666 2349,661 2402,655 2456,648 2509,642 2562,636 2616,629 2669,621 2723,614"/>
                <TextEquiv>
                    <Unicode>vor dem oberen Thor wohnhaft, bey 67.</Unicode>
                </TextEquiv>
            </TextLine>
            <TextLine id="r6l5" custom="readingOrder {index:4;}">
                <Coords points="1664,878 1773,810 2057,799 2144,769 2256,813 2353,749 2501,747 2493,675 2454,658 2391,695 2344,661 2288,706 2213,683 2137,730 2027,695 1889,719 1814,780 1689,748 1652,770"/>
                <Baseline points="1665,822 1706,817 1747,813 1789,807 1830,803 1871,799 1913,796 1954,792 1995,788 2037,785 2078,780 2119,777 2161,773 2202,769 2243,764 2285,759 2326,753 2367,749 2409,744 2450,738 2492,731"/>
                <TextEquiv>
                    <Unicode>Jahren Alters. Sagte aud.</Unicode>
                </TextEquiv>
            </TextLine>
            <TextLine id="r6l6" custom="readingOrder {index:5;}">
                <Coords points="1664,989 1967,989 2188,934 2318,973 2385,913 2494,943 2533,898 2652,908 2708,883 2705,845 2593,804 2439,883 2250,848 2199,883 2140,844 2038,886 1971,861 1904,897 1656,907"/>
                <Baseline points="1670,977 1721,973 1773,969 1824,967 1876,962 1928,958 1979,953 2031,950 2082,944 2134,940 2186,934 2237,929 2289,924 2340,919 2392,914 2444,909 2495,903 2547,900 2598,894 2650,889 2702,885"/>
                <TextEquiv>
                    <Unicode>Als er lezten Mitwochen gegen halber</Unicode>
                </TextEquiv>
            </TextLine>
            <TextLine id="r6l7" custom="readingOrder {index:6;}">
                <Coords points="1650,1082 2147,1019 2228,1040 2474,997 2513,1023 2570,980 2676,994 2709,933 2540,897 2456,959 2390,915 2318,973 2232,938 2065,950 1995,1002 1641,993"/>
                <Baseline points="1655,1070 1707,1064 1760,1059 1812,1053 1865,1049 1917,1045 1970,1040 2022,1035 2075,1029 2127,1026 2180,1020 2232,1016 2285,1010 2337,1007 2390,1002 2442,996 2495,991 2547,986 2600,981 2652,976 2705,971"/>
                <TextEquiv>
                    <Unicode>Neun Uhren des Abends, mit seiner</Unicode>
                </TextEquiv>
            </TextLine>
            <TextLine id="r6l8" custom="readingOrder {index:7;}">
                <Coords points="1661,1170 2188,1101 2254,1136 2380,1091 2432,1118 2498,1074 2688,1100 2749,1070 2740,966 2663,1000 2566,981 2515,1022 1960,1043 1878,1092 1760,1068 1657,1118"/>
                <Baseline points="1667,1148 1720,1143 1774,1138 1828,1132 1881,1127 1935,1123 1989,1118 2042,1113 2096,1108 2150,1103 2204,1099 2257,1094 2311,1089 2365,1085 2418,1081 2472,1077 2526,1073 2579,1069 2633,1067 2687,1062 2741,1059"/>
                <TextEquiv>
                    <Unicode>Frau und tochter von Hauß, zu deß H.</Unicode>
                </TextEquiv>
            </TextLine>
            <TextLine id="r6l9" custom="readingOrder {index:8;} person {offset:0; length:10;}">
                <Coords points="1674,1251 2689,1152 2679,1060 2569,1130 2492,1083 2428,1134 2208,1158 2057,1121 1988,1183 1914,1129 1773,1140 1726,1187 1667,1166"/>
                <Baseline points="1679,1227 1729,1223 1779,1218 1829,1212 1879,1209 1929,1203 1979,1200 2029,1196 2079,1191 2129,1186 2180,1182 2230,1178 2280,1173 2330,1169 2380,1164 2430,1160 2480,1155 2530,1151 2580,1146 2630,1142 2681,1137"/>
                <TextEquiv>
                    <Unicode>von Tatels Keller gegangen, um mit</Unicode>
                </TextEquiv>
            </TextLine>
            <TextLine id="r6l10" custom="readingOrder {index:9;}">
                <Coords points="1663,1325 2207,1254 2633,1262 2738,1243 2734,1188 2218,1175 1983,1255 1816,1214 1660,1282"/>
                <Baseline points="1668,1302 1721,1297 1774,1293 1827,1288 1880,1283 1933,1279 1986,1275 2039,1271 2092,1267 2145,1263 2198,1259 2251,1256 2304,1251 2357,1247 2410,1244 2463,1241 2516,1236 2569,1234 2622,1230 2675,1226 2729,1223"/>
                <TextEquiv>
                    <Unicode>einander eine halbe zu trinken, seyen</Unicode>
                </TextEquiv>
            </TextLine>
            <TextLine id="r6l11" custom="readingOrder {index:10;}">
                <Coords points="1662,1409 1705,1383 1797,1430 1851,1380 2212,1343 2378,1374 2436,1327 2602,1344 2673,1310 2755,1349 2754,1273 2206,1254 2139,1307 2017,1271 1953,1324 1852,1292 1656,1326"/>
                <Baseline points="1667,1380 1721,1377 1775,1375 1829,1372 1883,1368 1937,1365 1991,1361 2046,1356 2100,1353 2154,1348 2208,1344 2262,1340 2316,1337 2370,1332 2425,1328 2479,1324 2533,1319 2587,1316 2641,1313 2695,1310 2750,1305"/>
                <TextEquiv>
                    <Unicode>gust auf ihre Ankonft etwelche Steinhauss</Unicode>
                </TextEquiv>
            </TextLine>
            <TextLine id="r6l12" custom="readingOrder {index:11;}">
                <Coords points="1653,1479 2233,1430 2298,1465 2397,1410 2596,1444 2723,1405 2717,1314 2622,1358 2562,1322 2420,1328 2375,1376 2222,1345 2186,1381 2059,1367 1865,1430 1783,1433 1708,1382 1649,1419"/>
                <Baseline points="1658,1455 1710,1454 1763,1451 1816,1449 1869,1446 1922,1443 1974,1442 2027,1439 2080,1436 2133,1433 2186,1430 2238,1427 2291,1422 2344,1419 2397,1415 2450,1410 2502,1404 2555,1399 2608,1393 2661,1387 2714,1380"/>
                <TextEquiv>
                    <Unicode>und inviene Arbeiter zu dem schopff</Unicode>
                </TextEquiv>
            </TextLine>
            <TextLine id="r6l13" custom="readingOrder {index:12;}">
                <Coords points="2125,1511 2221,1495 2262,1523 2298,1496 2404,1509 2434,1492 2507,1521 2549,1485 2590,1518 2619,1504 2652,1526 2705,1485 2748,1482 2742,1422 2704,1412 2591,1446 2502,1425 2463,1448 2380,1411 2310,1468 2231,1433 2124,1490"/>
                <Baseline points="2133,1521 2163,1517 2193,1514 2223,1509 2254,1505 2284,1502 2314,1498 2345,1495 2375,1492 2405,1490 2436,1485 2466,1484 2496,1481 2526,1478 2557,1476 2587,1473 2617,1472 2648,1469 2678,1468 2708,1467 2739,1466"/>
                <TextEquiv>
                    <Unicode>Er Depe. hingegen</Unicode>
                </TextEquiv>
            </TextLine>
            <TextLine id="r6l14" custom="readingOrder {index:13;}">
                <Coords points="1671,1556 1728,1537 1772,1567 1797,1543 1858,1578 1929,1532 2124,1518 2123,1486 2083,1461 2057,1476 1969,1451 1907,1470 1761,1469 1714,1507 1668,1493"/>
                <Baseline points="1677,1536 1702,1535 1728,1533 1754,1533 1780,1531 1806,1529 1832,1527 1858,1526 1884,1524 1909,1522 1935,1521 1961,1519 1987,1517 2013,1517 2039,1515 2065,1515 2091,1514 2117,1514"/>
                <TextEquiv>
                    <Unicode>hinauß gekommen.</Unicode>
                </TextEquiv>
            </TextLine>
            <TextLine id="r6l15" custom="readingOrder {index:14;}">
                <Coords points="1666,1645 1702,1624 1756,1656 1805,1608 2674,1563 2702,1523 2604,1528 2550,1485 2507,1522 2437,1492 2382,1528 2221,1495 2080,1570 1963,1530 1863,1581 1793,1547 1662,1589"/>
                <Baseline points="1671,1622 1722,1617 1773,1614 1824,1610 1876,1607 1927,1603 1978,1600 2029,1596 2081,1593 2132,1592 2183,1587 2234,1585 2286,1582 2337,1578 2388,1574 2439,1571 2491,1567 2542,1562 2593,1557 2644,1553 2696,1547"/>
                <TextEquiv>
                    <Unicode>habe sich mit seinen Leuten beis hinten in</Unicode>
                </TextEquiv>
            </TextLine>
            <TextLine id="r6l16" custom="readingOrder {index:15;}">
                <Coords points="1672,1715 1761,1691 1915,1731 1965,1686 2002,1719 2462,1646 2749,1661 2744,1579 2619,1560 2525,1606 2427,1569 1668,1643"/>
                <Baseline points="1677,1695 1730,1692 1783,1690 1836,1687 1889,1684 1943,1681 1996,1679 2049,1676 2102,1673 2155,1669 2209,1667 2262,1662 2315,1659 2368,1656 2421,1653 2475,1650 2528,1646 2581,1644 2634,1640 2687,1637 2741,1634"/>
                <TextEquiv>
                    <Unicode>den Schopf gesehet, und daselbst ihren Trunck</Unicode>
                </TextEquiv>
            </TextLine>
            <TextLine id="r6l17" custom="readingOrder {index:16;}">
                <Coords points="1666,1814 1753,1769 2542,1721 2609,1763 2767,1719 2764,1671 2691,1689 2614,1650 2531,1688 2457,1648 2148,1719 2058,1689 1986,1734 1797,1695 1662,1747"/>
                <Baseline points="1671,1770 1725,1767 1779,1765 1834,1761 1888,1760 1943,1757 1997,1754 2052,1750 2106,1748 2161,1744 2215,1740 2269,1737 2324,1733 2378,1730 2433,1727 2487,1724 2542,1720 2596,1717 2651,1714 2705,1710 2760,1707"/>
                <TextEquiv>
                    <Unicode>genoßen, wo auch ein Baurs Mann sich ein¬</Unicode>
                </TextEquiv>
            </TextLine>
            <TextLine id="r6l18" custom="readingOrder {index:17;}">
                <Coords points="1671,1851 1860,1861 1984,1821 2137,1859 2271,1821 2322,1862 2480,1793 2596,1805 2591,1720 2483,1766 2387,1735 2277,1789 2076,1744 1960,1810 1846,1764 1669,1811"/>
                <Baseline points="1677,1842 1722,1840 1768,1837 1813,1835 1859,1832 1904,1829 1950,1826 1995,1823 2041,1821 2086,1819 2132,1815 2178,1812 2223,1811 2269,1808 2314,1805 2360,1802 2405,1800 2451,1797 2496,1796 2542,1793 2588,1791"/>
                <TextEquiv>
                    <Unicode>befunden. Das hernach seÿe der</Unicode>
                </TextEquiv>
            </TextLine>
            <TextLine id="r6l19" custom="readingOrder {index:18;}">
                <Coords points="1677,1941 2020,1898 2070,1933 2188,1908 2223,1936 2278,1895 2452,1880 2519,1918 2726,1869 2722,1805 2630,1798 2511,1850 2322,1861 2190,1821 2136,1859 1956,1823 1675,1898"/>
                <Baseline points="1682,1913 1733,1911 1785,1910 1837,1907 1889,1904 1941,1901 1992,1899 2044,1896 2096,1894 2148,1890 2200,1888 2251,1885 2303,1883 2355,1880 2407,1878 2459,1875 2510,1873 2562,1871 2614,1869 2666,1868 2718,1866"/>
                <TextEquiv>
                    <Unicode>trobst in den Schopff gekommen, habe sie</Unicode>
                </TextEquiv>
            </TextLine>
            <TextLine id="r6l20" custom="readingOrder {index:19;}">
                <Coords points="1664,2005 1770,1994 1862,2045 1999,1980 2691,1968 2776,1951 2771,1837 2569,1934 2395,1889 2243,1949 2035,1901 1933,1958 1855,1924 1795,1967 1709,1929 1662,1953"/>
                <Baseline points="1670,1986 1724,1986 1779,1986 1834,1985 1889,1983 1944,1982 1999,1979 2054,1976 2109,1974 2164,1970 2219,1967 2273,1964 2328,1962 2383,1958 2438,1955 2493,1953 2548,1952 2603,1950 2658,1949 2713,1949 2768,1949"/>
                <TextEquiv>
                    <Unicode>herauß geruffen, um zuschauen, wie die</Unicode>
                </TextEquiv>
            </TextLine>
            <TextLine id="r6l21" custom="readingOrder {index:20;} person {offset:0; length:10;}">
                <Coords points="1655,2089 2724,2040 2697,1962 2659,2000 2519,1969 2462,2012 2362,1962 2255,1966 2089,2038 1999,1979 1856,2046 1651,1990"/>
                <Baseline points="1661,2064 1713,2064 1766,2064 1819,2064 1872,2063 1925,2061 1977,2060 2030,2057 2083,2054 2136,2052 2189,2049 2241,2046 2294,2043 2347,2040 2400,2039 2453,2036 2505,2034 2558,2033 2611,2031 2664,2030 2717,2030"/>
                <TextEquiv>
                    <Unicode>Steinlaner Steinen die Straaß hinauf</Unicode>
                </TextEquiv>
            </TextLine>
            <TextLine id="r6l22" custom="readingOrder {index:21;}">
                <Coords points="1676,2150 2110,2129 2243,2167 2338,2119 2567,2175 2625,2124 2684,2157 2775,2133 2774,2076 2675,2086 2536,2031 2383,2071 2339,2040 2132,2083 2086,2058 2013,2101 1953,2054 1870,2100 1791,2058 1675,2113"/>
                <Baseline points="1683,2133 1737,2133 1791,2133 1845,2133 1900,2132 1954,2130 2008,2129 2062,2127 2117,2126 2171,2124 2225,2123 2279,2120 2334,2118 2388,2117 2442,2115 2496,2114 2551,2113 2605,2112 2659,2112 2713,2112 2768,2114"/>
                <TextEquiv>
                    <Unicode>werffen, damit er solches allfällig zeugen</Unicode>
                </TextEquiv>
            </TextLine>
            <TextLine id="r6l23" custom="readingOrder {index:22;}">
                <Coords points="1973,2222 2118,2218 2272,2269 2338,2212 2449,2210 2568,2256 2712,2207 2785,2227 2784,2153 2614,2141 2544,2184 2460,2133 2413,2171 2355,2138 2198,2176 2109,2129 1972,2167"/>
                <Baseline points="1980,2217 2019,2214 2059,2213 2099,2210 2139,2209 2179,2207 2219,2207 2258,2205 2298,2205 2338,2204 2378,2204 2418,2204 2458,2204 2498,2205 2537,2205 2577,2205 2617,2207 2657,2207 2697,2208 2737,2208 2777,2210"/>
                <TextEquiv>
                    <Unicode>Er Depl. habe aber sich hieren,</Unicode>
                </TextEquiv>
            </TextLine>
            <TextLine id="r6l24" custom="readingOrder {index:23;}">
                <Coords points="1670,2222 1678,2223 1687,2216 1700,2226 1710,2226 1720,2217 1746,2226 1757,2224 1769,2212 1798,2215 1798,2171 1782,2176 1762,2165 1743,2172 1703,2143 1691,2149 1670,2149"/>
                <Baseline points="1677,2210 1705,2208 1734,2207 1762,2208 1791,2210"/>
                <TextEquiv>
                    <Unicode>könne.</Unicode>
                </TextEquiv>
            </TextLine>
            <TextLine id="r6l25" custom="readingOrder {index:24;}">
                <Coords points="1671,2300 1814,2295 1881,2340 1981,2285 2128,2290 2281,2354 2386,2289 2458,2334 2533,2293 2678,2332 2728,2324 2729,2210 2584,2275 2450,2210 2263,2271 2078,2222 1945,2268 1783,2206 1672,2256"/>
                <Baseline points="1679,2286 1731,2286 1783,2286 1835,2286 1887,2286 1939,2286 1991,2286 2043,2286 2095,2286 2147,2286 2200,2286 2252,2286 2304,2288 2356,2288 2408,2289 2460,2291 2512,2292 2564,2295 2616,2298 2668,2301 2721,2304"/>
                <TextEquiv>
                    <Unicode>nicht mischen wollen, auch nicht gewußt,</Unicode>
                </TextEquiv>
            </TextLine>
            <TextLine id="r6l26" custom="readingOrder {index:25;}">
                <Coords points="1670,2382 2384,2368 2557,2425 2761,2422 2762,2344 2623,2350 2517,2297 2464,2335 2361,2297 2282,2354 2129,2291 1881,2340 1672,2300"/>
                <Baseline points="1677,2363 1730,2363 1784,2364 1838,2366 1892,2366 1946,2366 2000,2366 2053,2367 2107,2367 2161,2367 2215,2367 2269,2369 2323,2369 2377,2370 2430,2370 2484,2372 2538,2375 2592,2376 2646,2379 2700,2382 2754,2385"/>
                <TextEquiv>
                    <Unicode>bas zuvor unter diesen Leutten vorgegangen,</Unicode>
                </TextEquiv>
            </TextLine>
            <TextLine id="r6l27" custom="readingOrder {index:26;}">
                <Coords points="1683,2453 1802,2445 1853,2488 2013,2453 2102,2491 2178,2452 2595,2489 2624,2475 2626,2394 2577,2371 2522,2406 2384,2367 2242,2422 2107,2368 2037,2422 1906,2379 1852,2411 1793,2374 1740,2412 1684,2398"/>
                <Baseline points="1691,2442 1737,2444 1783,2444 1830,2445 1876,2445 1922,2447 1969,2447 2015,2448 2061,2450 2108,2450 2154,2451 2200,2453 2247,2454 2293,2455 2339,2456 2386,2457 2432,2457 2478,2459 2525,2459 2571,2460 2618,2460"/>
                <TextEquiv>
                    <Unicode>sonder seye mit seinem Weib und</Unicode>
                </TextEquiv>
            </TextLine>
            <TextLine id="r6l28" custom="readingOrder {index:27;} person {offset:24; length:10;}">
                <Coords points="1679,2537 1843,2534 1886,2570 1999,2524 2688,2560 2688,2527 2511,2466 2219,2487 2160,2456 2093,2501 2025,2458 1909,2501 1802,2444 1742,2474 1682,2453"/>
                <Baseline points="1686,2525 1735,2525 1785,2525 1835,2525 1885,2525 1934,2525 1984,2526 2034,2527 2084,2528 2133,2529 2183,2531 2233,2532 2283,2534 2332,2535 2382,2538 2432,2540 2482,2541 2531,2544 2581,2546 2631,2549 2681,2550"/>
                <TextEquiv>
                    <Unicode>stochter, gleichwie der Baurs Mann, in</Unicode>
                </TextEquiv>
            </TextLine>
            <TextLine id="r6l29" custom="readingOrder {index:28;}">
                <Coords points="1680,2609 1793,2601 1871,2641 1922,2612 2073,2665 2199,2616 2326,2621 2517,2680 2604,2633 2748,2648 2750,2599 2621,2551 2452,2555 2386,2598 2308,2539 2107,2580 1999,2524 1889,2571 1815,2535 1681,2575"/>
                <Baseline points="1688,2595 1740,2597 1793,2598 1845,2600 1898,2601 1951,2604 2003,2604 2056,2606 2109,2608 2161,2609 2214,2610 2267,2612 2319,2614 2372,2616 2425,2618 2477,2620 2530,2622 2583,2625 2635,2628 2688,2632 2741,2636"/>
                <TextEquiv>
                    <Unicode>dem Schopff sichen geblieben, und habe von</Unicode>
                </TextEquiv>
            </TextLine>
            <TextLine id="r6l30" custom="readingOrder {index:29;}">
                <Coords points="1682,2684 1919,2684 2045,2741 2109,2696 2167,2737 2289,2694 2330,2737 2375,2703 2529,2715 2567,2751 2636,2709 2718,2725 2719,2691 2625,2654 2513,2681 2390,2637 2325,2672 2240,2615 2122,2669 1898,2625 1821,2669 1685,2611"/>
                <Baseline points="1688,2678 1739,2678 1790,2679 1841,2681 1892,2681 1943,2682 1994,2684 2046,2685 2097,2687 2148,2690 2199,2691 2250,2693 2301,2695 2352,2697 2404,2700 2455,2703 2506,2707 2557,2710 2608,2713 2659,2717 2711,2721"/>
                <TextEquiv>
                    <Unicode>der Schlägerey nichts gesehen noch ge¬</Unicode>
                </TextEquiv>
            </TextLine>
            <TextLine id="r6l31" custom="readingOrder {index:30;}">
                <Coords points="1691,2756 1841,2785 2034,2766 2109,2816 2235,2772 2301,2800 2539,2788 2575,2817 2658,2798 2660,2760 2591,2768 2504,2710 2429,2745 2373,2703 2331,2737 2279,2696 2186,2746 2102,2706 2047,2743 1976,2707 1932,2737 1824,2734 1757,2690 1693,2711"/>
                <Baseline points="1698,2753 1745,2754 1793,2756 1840,2757 1888,2759 1936,2760 1983,2761 2031,2763 2079,2765 2126,2766 2174,2768 2222,2769 2269,2772 2317,2774 2365,2776 2412,2778 2460,2781 2508,2784 2555,2787 2603,2790 2651,2793"/>
                <TextEquiv>
                    <Unicode>ghöret, wiße auch nicht, wer und was</Unicode>
                </TextEquiv>
            </TextLine>
            <TextLine id="r6l32" custom="readingOrder {index:31;}">
                <Coords points="1669,2834 1984,2838 2072,2898 2135,2893 2181,2855 2341,2850 2342,2830 2235,2771 2110,2816 2054,2779 1949,2788 1910,2764 1846,2787 1712,2748 1672,2774"/>
                <Baseline points="1677,2822 1709,2822 1742,2823 1775,2825 1808,2826 1841,2827 1874,2828 1906,2829 1939,2831 1972,2832 2005,2834 2038,2835 2071,2837 2104,2838 2136,2840 2169,2842 2202,2844 2235,2846 2268,2848 2301,2850 2334,2853"/>
                <TextEquiv>
                    <Unicode>darzu Anlaß gegeben.</Unicode>
                </TextEquiv>
            </TextLine>
            <TextLine id="r6l33" custom="readingOrder {index:32;}">
                <Coords points="2552,2879 2589,2872 2603,2882 2611,2878 2623,2883 2629,2878 2659,2888 2677,2885 2678,2835 2621,2828 2603,2811 2574,2818 2554,2815"/>
                <Baseline points="2559,2864 2586,2867 2614,2868 2642,2869 2670,2867"/>
                <TextEquiv>
                    <Unicode>Herre</Unicode>
                </TextEquiv>
            </TextLine>
            <TextLine id="r6l34" custom="readingOrder {index:33;} person {offset:27; length:9;}">
                <Coords points="1675,2911 1715,2900 1754,2944 1825,2904 2080,2919 2172,2979 2252,2931 2685,2962 2688,2907 2561,2855 2391,2904 2331,2850 2073,2899 1984,2837 1864,2832 1780,2874 1715,2823 1679,2843"/>
                <Baseline points="1682,2898 1731,2898 1781,2900 1831,2901 1881,2904 1931,2906 1980,2908 2030,2912 2080,2916 2130,2918 2180,2922 2229,2926 2279,2930 2329,2932 2379,2936 2429,2939 2478,2943 2528,2946 2578,2949 2628,2952 2678,2955"/>
                <TextEquiv>
                    <Unicode>kurze Zeit darauf seye der Christian</Unicode>
                </TextEquiv>
            </TextLine>
            <TextLine id="r6l35" custom="readingOrder {index:34;}">
                <Coords points="1687,2974 1879,2988 1925,3023 2063,2992 2206,3058 2281,3010 2467,3011 2717,3071 2721,3018 2609,2950 2497,2998 2336,2934 2176,2979 1984,2909 1909,2951 1827,2906 1754,2944 1692,2910"/>
                <Baseline points="1694,2972 1744,2973 1795,2976 1846,2978 1897,2981 1948,2984 1999,2987 2050,2989 2101,2993 2152,2996 2203,3001 2253,3004 2304,3008 2355,3013 2406,3017 2457,3021 2508,3026 2559,3031 2610,3037 2661,3041 2712,3047"/>
                <TextEquiv>
                    <Unicode>der Knecht im Hauß, der Gartner,</Unicode>
                </TextEquiv>
            </TextLine>
            <TextLine id="r6l36" custom="readingOrder {index:35;}">
                <Coords points="1701,3070 2403,3099 2491,3160 2566,3113 2719,3165 2727,3070 2520,3052 2465,3011 2210,3057 2063,2992 1955,3038 1820,2983 1706,3008"/>
                <Baseline points="1710,3047 1760,3048 1810,3051 1860,3055 1911,3057 1961,3060 2011,3063 2061,3067 2112,3070 2162,3074 2212,3077 2262,3082 2313,3086 2363,3090 2413,3095 2463,3100 2514,3106 2564,3112 2614,3118 2664,3123 2715,3131"/>
                <TextEquiv>
                    <Unicode>im Geiger, der Grobst, und glaube,</Unicode>
                </TextEquiv>
            </TextLine>
            <TextLine id="r6l37" custom="readingOrder {index:36;}">
                <Coords points="1699,3128 2667,3219 2692,3175 2606,3118 2519,3171 2407,3103 2240,3120 2106,3076 1903,3106 1860,3062 1702,3095"/>
                <Baseline points="1706,3123 1754,3127 1803,3130 1852,3133 1901,3136 1949,3139 1998,3143 2047,3146 2096,3150 2144,3153 2193,3158 2242,3161 2291,3166 2339,3171 2388,3176 2437,3181 2486,3186 2534,3193 2583,3200 2632,3208 2681,3216"/>
                <TextEquiv>
                    <Unicode>noch etwelche Indiene Struker in den</Unicode>
                </TextEquiv>
            </TextLine>
            <TextLine id="r6l38" custom="readingOrder {index:37;}">
                <Coords points="1686,3248 1983,3216 2455,3261 2573,3322 2612,3293 2711,3307 2713,3261 2618,3227 2499,3241 2420,3187 2269,3214 2134,3157 2082,3189 2031,3148 1697,3136"/>
                <Baseline points="1698,3192 1748,3197 1798,3202 1849,3207 1899,3212 1949,3215 2000,3219 2050,3223 2100,3227 2151,3231 2201,3236 2251,3239 2302,3244 2352,3249 2402,3254 2453,3260 2503,3267 2553,3274 2604,3281 2654,3290 2705,3300"/>
                <TextEquiv>
                    <Unicode>Schopff zurükgekommen, haben in ihrer</Unicode>
                </TextEquiv>
            </TextLine>
            <TextLine id="r6l39" custom="readingOrder {index:38;}">
                <Coords points="1680,3272 1787,3316 1838,3282 2232,3335 2297,3314 2358,3372 2406,3348 2447,3398 2544,3381 2616,3426 2737,3399 2743,3343 2520,3326 2327,3244 2241,3290 2043,3224 1685,3226"/>
                <Baseline points="1688,3266 1740,3271 1792,3276 1844,3281 1896,3285 1949,3290 2001,3294 2053,3299 2105,3304 2157,3308 2210,3313 2262,3319 2314,3324 2366,3331 2418,3337 2471,3344 2523,3351 2575,3359 2627,3367 2679,3375 2732,3386"/>
                <TextEquiv>
                    <Unicode>Gegenhart von keiner Schlägerey ge¬</Unicode>
                </TextEquiv>
            </TextLine>
            <TextLine id="r6l40" custom="readingOrder {index:39;}">
                <Coords points="1707,3358 1885,3364 1942,3432 2013,3376 2111,3436 2238,3391 2386,3427 2468,3489 2560,3433 2686,3456 2690,3419 2451,3400 2396,3351 2358,3372 2325,3331 2202,3311 2034,3337 1872,3289 1789,3318 1753,3277 1714,3293"/>
                <Baseline points="1715,3348 1763,3353 1811,3357 1859,3362 1907,3366 1956,3371 2004,3375 2052,3380 2100,3385 2148,3389 2197,3394 2245,3400 2293,3405 2341,3409 2389,3415 2438,3420 2486,3426 2534,3432 2582,3439 2630,3444 2679,3452"/>
                <TextEquiv>
                    <Unicode>gedenket, noch gesaget, was vorgangen</Unicode>
                </TextEquiv>
            </TextLine>
            <TextLine id="r6l41" custom="readingOrder {index:40;}">
                <Coords points="1695,3460 2176,3476 2232,3521 2415,3497 2692,3559 2699,3503 2644,3509 2561,3433 2470,3488 2318,3457 2238,3392 2112,3435 2014,3376 1940,3428 1885,3364 1813,3389 1708,3358"/>
                <Baseline points="1707,3425 1756,3428 1805,3432 1854,3436 1903,3441 1952,3446 2001,3451 2050,3455 2099,3462 2148,3468 2197,3473 2246,3479 2295,3486 2344,3492 2393,3499 2442,3505 2491,3512 2540,3520 2589,3526 2638,3534 2687,3542"/>
                <TextEquiv>
                    <Unicode>seye, so daß er mit seinen leüten</Unicode>
                </TextEquiv>
            </TextLine>
            <TextLine id="r6l42" custom="readingOrder {index:41;}">
                <Coords points="2545,3650 2573,3659 2592,3650 2632,3674 2673,3660 2679,3665 2712,3645 2726,3647 2737,3593 2714,3592 2690,3557 2676,3550 2614,3577 2563,3566"/>
                <Baseline points="2561,3609 2587,3611 2614,3615 2640,3621 2667,3628 2693,3635 2720,3639"/>
                <TextEquiv>
                    <Unicode>gantz </Unicode>
                </TextEquiv>
            </TextLine>
            <TextEquiv>
                <Unicode>303
Vest. Johannes Rütiger der
Tischmacher, gebührtig von Sumiswald
vor dem oberen Thor wohnhaft, bey 67.
Jahren Alters. Sagte aud.
Als er lezten Mitwochen gegen halber
Neun Uhren des Abends, mit seiner
Frau und tochter von Hauß, zu deß H.
von Tatels Keller gegangen, um mit
einander eine halbe zu trinken, seyen
gust auf ihre Ankonft etwelche Steinhauss
und inviene Arbeiter zu dem schopff
Er Depe. hingegen
hinauß gekommen.
habe sich mit seinen Leuten beis hinten in
den Schopf gesehet, und daselbst ihren Trunck
genoßen, wo auch ein Baurs Mann sich ein¬
befunden. Das hernach seÿe der
trobst in den Schopff gekommen, habe sie
herauß geruffen, um zuschauen, wie die
Steinlaner Steinen die Straaß hinauf
werffen, damit er solches allfällig zeugen
Er Depl. habe aber sich hieren,
könne.
nicht mischen wollen, auch nicht gewußt,
bas zuvor unter diesen Leutten vorgegangen,
sonder seye mit seinem Weib und
stochter, gleichwie der Baurs Mann, in
dem Schopff sichen geblieben, und habe von
der Schlägerey nichts gesehen noch ge¬
ghöret, wiße auch nicht, wer und was
darzu Anlaß gegeben.
Herre
kurze Zeit darauf seye der Christian
der Knecht im Hauß, der Gartner,
im Geiger, der Grobst, und glaube,
noch etwelche Indiene Struker in den
Schopff zurükgekommen, haben in ihrer
Gegenhart von keiner Schlägerey ge¬
gedenket, noch gesaget, was vorgangen
seye, so daß er mit seinen leüten
gantz </Unicode>
            </TextEquiv>
        </TextRegion>
    </Page>
</PcGts>
