3024 4032
268 349 378 438 240.
557 406 1171 529 Erstes Examen¬
789 507 894 576 mit
460 580 1201 724 Hans Henzicken,
427 656 1358 777 Gebührtig von Mooß feran, aus der
433 740 1288 844 kirchhöre feran, Amts Lenzburg
1289 794 1323 828 .
418 805 1329 926 32. Jahren Alters, unverheiratet,
398 877 1352 1003 sein Vatter heiße Ullrich Hunzicker
422 970 1328 1076 und seye ein armer Taglöhner.
409 1027 1358 1152 seine Muter Cathrinastere frühe
401 1111 901 1215 zeitig verstorben.
1007 1128 1337 1235 Er seye seit
400 1195 1341 1306 acht Jahren von Hans Wegg, aus¬
412 1275 1343 1388 Ursach, weilen man Ihne in den
394 1337 1327 1462 Muster Rodul auf geschrieben.
397 1421 1365 1563 und gestraffet, daß er nicht behörig
380 1511 1306 1634 bewahnet und gekleidet gewesen
385 1578 1325 1722 welches weder sein Vatter noch Er im
382 1663 1363 1802 vermögen gehabt. Er habe wahrend dieser
369 1734 1349 1895 ganzen Zeit gedienet, und zwar anfang
367 1826 1359 1950 rlich bey dem Baur auf dem Hard außen
369 1901 1346 2022 her Hoffingen von Schienacht biß daß
364 1994 1360 2121 nacht, nachwerts zu Stynan bey Per¬
364 2058 1298 2179 kohler biß zur Wienacht, da dann zu
364 2155 1333 2286 Lozwyl bey dem Matten Baur biß
373 2244 1332 2380 nach faßnacht, wo er wegg gegangen
361 2333 1316 2464 weilen die Neben diensten Ihne ge¬
357 2383 1319 2521 ehaßet, hernach zu Hauggenried bey
355 2456 1328 2589 deß Rohthaußen Zeit biß zur Stie¬
349 2555 1325 2686 nacht, nachwerts zu Kirchberg bey
351 2642 1326 2770 dem Salz david, da er biß nach faß¬
341 2714 1333 2867 nacht getröschet und geholtzet, darauf
340 2789 1234 2920 zu Lißach bey dem sogenannten
363 2874 1261 3021 Lissach Peter, wo er zwey Jahr in
352 2947 857 3060 dienst verblieben.
994 3003 1262 3104 Endlichen
338 3045 1329 3181 habe er sich in den Bucheggburg begeben,
340 3091 1290 3259 da er zu erst bey Adam Mollet zu
349 3181 1301 3332 Ober Ramsteren frey Jahr gewesen
340 3245 1325 3436 darnach er zwey Jahr lang auf Meßen
1072 3417 1213 3497 Jueß
2522 255 2617 347 2441.
1566 367 2596 515 zu dem Hans Schluss gekommen, und von
1572 442 2574 573 demselben seit letzter Wienacht zu dem
1572 517 2668 637 Rulans Mollet dem Grichtsteß in gleichem
1560 582 2633 735 dorff, welcher ihme auf könfftige Wie¬
1564 677 2640 802 nacht I. S. Lohn, zwey Heider und zwey
1570 771 2637 897 Paar Schu schuldig wäre. Die übrigen
1578 857 2637 982 Meistere aber haben ihne außbezalt
1571 953 2615 1062 dem Bruder der Melchior Hunzicker
1574 1024 2549 1149 welcher zu Stiftweil in der Kirchhöre
1573 1114 2643 1239 Schöffland diene, seye ihme 2 Thaler
1567 1200 2634 1318 schuldig, die er ihme anfangs kommers
1557 1302 1780 1425 gelichen
1572 1490 2573 1609 Nachdemme der Delinenient durch¬
1574 1575 2545 1693 einen kräfftigen Zuspruch behörig¬
1583 1651 2630 1767 ermahnet worden, die reine Wahrheit
1589 1733 2642 1845 über alles so er werde befragt werden,
1577 1796 2609 1937 aufrichtig zu offenbahren, und sein
1573 1871 2576 2018 Gewißen zu entladen, mithin zu
1576 1972 2620 2121 bekennen, aus was gründen Er im
1577 2045 2553 2201 BuchEggberg gefänglich angehalten
1585 2142 2595 2269 und gewahrsamlich allhero gebracht
1577 2222 1807 2309 worden.
1826 2231 2623 2355 hat er folgende Bekant¬
1564 2285 2468 2427 muß seines Verbrechens gethan
1579 2468 2601 2607 die Ursach seiner Gefangenemung
1566 2544 2601 2667 seye, daß er beklagt worden, er habe
1583 2594 2584 2752 mit einer s. h. Stuten zu thun gehabt.
1578 2661 2475 2823 die Sach seÿe aber also geschehen.
2555 2740 2627 2812 Als
1574 2733 2628 2888 Er am donstag den 24 den Herbstmonath
1584 2835 2652 2989 Abendes von halber Siben biß um 9. Uhr
1565 2892 2621 3060 gefueteret, indeßen allein und müßig
1575 2980 2566 3140 gewesen, seye er um halbe 9. Uhr
1581 3047 2533 3189 auf die bösten Bedancken gefallen,
1570 3137 2637 3285 daß er in dem C. v. Kuhe Stall einen
1569 3188 2616 3353 Stuhl geholt selben in den Roß Stall
1549 3285 2644 3448 getragen, und hinter die Stuten gestelt
2374 3444 2639 3573 darauf etc.
