3024 4032
208 1386 348 1517 Prug
185 1569 346 1710 Gutb
205 1909 336 2038 frag
179 2127 312 2270 Antb
144 2659 337 2807 s. tend
236 246 386 360 266.
425 329 1373 521 welche Mahl aufgestanden, unden
433 438 1375 611 Man zu befragen, ob Er etwas begehren
410 512 1358 681 habe aber nichts geantwortet. Es habe
417 592 1380 770 ihne demnach damit Er beßer athmen könn
417 676 1386 848 ein benig auf die Seiten geleget. Haus
407 763 1359 920 Mörgend etwan dem 1. Uhrsage der
401 855 1314 994 Brennen kommen zu schauen, was der
405 929 1333 1070 Mann mache, und ob Er mit ihme auf
404 1014 1333 1158 die Arbeit gehen wolle, da dan der
403 1091 1278 1236 Brunnen zuerst gewahret, daß der
391 1171 1259 1326 Mann vom Lebenszeichen mehr
390 1253 1224 1415 von sich gebe, und gestorben seyn.
389 1366 1331 1549 E diese zwey Manner, so sein Man¬
364 1482 1236 1632 heimgeführt, trunken gewesen?
373 1618 1344 1771 Er habe ihnen kein Stein angespührt,
377 1702 1304 1861 Er haben auch gesagt, der Mann habe
371 1772 897 1918 nicht trunken gehabt.
385 1908 1325 2071 Ob sie nicht gesaget, mit wein sie können
361 2011 1235 2152 gehabt, und ber sie geschlagen habe?
357 2123 1310 2316 Darvon haben sie gar nichts geredet, und
338 2245 1011 2408 Es habe sie nicht gefraget,
401 2352 1066 2527 Weiters biße Er nichts
342 2466 1229 2658 Also abgelesen und bestäthiget.
355 2704 1217 2857 Christen Trutis von Stoken,
340 2791 1327 2972 Haußman in Hohen Vener Frischen
712 2872 809 2949 .
343 2880 1233 3030 Matten, bey 30 Jahren Alters
328 2953 1224 3120 Handlangen bey H. Werkmeister
336 3034 870 3167 Hebler. Sagte aus¬
325 3128 1240 3309 Gestern habe er bey dem oberen
347 3237 1226 3379 Thor biß um 6. Rthr deß Abends
955 3326 1290 3495 gearbeitet.
2512 284 2653 381 267.
1585 372 2628 550 Bearbeitet, da der Hand Freyburg¬
1615 466 2623 631 hand zu ihme gekommen, und ihne beredet
1583 552 2612 681 mit in die Stadt in Herrn von Malisert
1594 633 2610 780 Keller trieben zu gehen, daselbst sie den
1582 705 2577 823 unglücklichen Sammel Burg, und den
1575 795 2628 933 Steinhauer Pailland angetroffen, haben
1578 880 2631 1035 unter ihnen vier eine Maas getrunken
1578 968 2640 1107 und seyen biß gegen 8. Vhren verblieben,
1576 1038 2576 1173 dahin noch ein junger Menste, der dem
1684 1124 1838 1198 en
1581 1116 2611 1271 Hr. Sekelschreiber Lienhart zu König
1588 1191 2560 1336 ein Hand hüte, gekommen, vor dem
1573 1275 2547 1438 Vhorschließen seyen sie vier, nemlich
1582 1363 2549 1468 der Furg, Freyburghauß, daß
1724 1463 1771 1518 .
1570 1440 2520 1589 Herrn Sekel Schreibers Handlunter,
1564 1488 2550 1632 und er Deponient mit einander zu der
2392 1573 2568 1661 Wosie
1562 1599 2181 1727 Stadt hinausgegangen.
1570 1648 2595 1781 bey H. von Tagels Hauß angekommen
1560 1728 2611 1879 habe der verstorbene Burge, sie war¬
1557 1789 2541 1946 von geheißen, mit verdeüten, er
1560 1861 2631 2011 wolle ihnen da noch ein halb Maas Zahlen
1552 1966 2592 2085 Er Deponent aber habe dem Burge ge¬
1579 2037 2543 2184 Wagt, sie wollen sich nicht aufhalten,
1565 2129 2483 2261 sonder heimgehen, sie haben alle
1871 2209 1936 2265 1
1794 2220 1854 2268 gan
1568 2197 2506 2352 trunken gehabt, wie in der That sie
1568 2282 2540 2413 etwas berauscht gewesen, dennoch aber
1565 2357 2527 2506 habe er Depl. allezeit gewußt, was
1559 2441 2497 2576 er mache, sogar, daß er sich an alle
1555 2511 2569 2654 Hergangenheit wohl zu ersinnen buße.
1638 2595 2550 2709 daselbst haben sie mit einander nur
1569 2669 2520 2796 eine halb Maaß getrunken, die Er
1552 2745 2523 2849 Depl. bezahlet, weilen der Burge in
1561 2819 2412 2934 der Stadt die Maaß bezahlet.
1555 2893 2505 3022 Allda in dem Schopff haben sich Vier
1551 2968 2498 3096 Indiene Truker befunden, welche m
1568 3049 2430 3193 ihrer Gegenwart nichts getrunken.
1568 3126 2555 3261 seye auch ein alter Baurs Man̄ dage¬
1586 3200 2503 3332 wesen, den Er nicht gekennet, und der
2367 3313 2518 3408 fin etc.
