3024 4032
306 190 402 282 18.
415 297 1599 507 Sen Jahr gewesen, daß der Speich an einem
426 395 1564 581 Samstag auf den abend in das wirtshauß
429 493 1549 668 gekommen, und jemand nachgefraget
444 583 1577 774 und in erwartung deß Sodannes, so dahin
429 682 1561 843 kommen sollen, einen Trunck genommen
414 784 1549 936 wie dieser Mann lange gewercket, habe
418 899 1535 1045 er wegg gehen wollen, da dann zugleich
412 990 1573 1140 Selbiger angelanget, so daß Sie darauf hin
409 1091 1563 1216 sich mit einander zu Tisch gestehet und zu
407 1190 1553 1327 Sbacht gespießen, auch allda übernachtet
410 1274 1538 1429 deß Morgens dejennirt und zu Morgen
412 1372 1528 1523 geeßen. Die Urthe dann, wie viel es
407 1474 1504 1608 gewesen ersinne er sich nicht mehr,
1510 1473 1560 1578 .
392 1556 1576 1713 habe der Stahl mit denen Steumfünst
412 1671 1529 1800 Jahen Stucken bezalet, und ihme ange¬
410 1781 1561 1882 botten, wann er von diesem Gelt auf¬
402 1884 1561 2023 wechßlen wolle, seye ihme gleich darauf
408 1984 1548 2097 er in der that, weilen es ihme schön gelt¬
420 2068 1549 2211 geschinnen, etwas aufgewechslet, dar¬
406 2170 1275 2309 nach Sie beyde wegg gegangen.
868 2297 929 2368 ben
415 2287 1519 2412 Sontags den 11. Merz dann seyn der
387 2377 1545 2540 Stahl am Morgen zu Pferd bey dem
392 2482 1570 2604 wirtshauß angekommen, und habe Casse
406 2547 1502 2689 dejeunert, welches er mit neuen L. 10.
407 2638 1574 2804 Sticken bezalet, und darauf weggerichten
398 2730 1456 2888 gegen 3. Uhren gleichen Tags seyn er
398 2822 1500 2960 wider kommen, und habe sich anden
388 2929 1522 3078 Tisch gestehet, wo die Officieren gewesen.
404 3001 1572 3150 welche Musterens halber sich allda befunde.
405 3092 1545 3251 da habe er ihme zwey Paquets über den
392 3167 1564 3359 Tisch gestrecket, welche F. 10. Stuck und
401 3278 1574 3432 zersammen d. 16. ingehalten, mit ersuchen
1495 3394 1557 3472 .
401 3375 1491 3520 ihme darfür anderes Gelt zu geben
381 3466 1577 3622 darauf er ihme d. 16. Müntz in seinem
1653 2294 1747 2424 4
2770 333 2882 464 19.
1780 435 2879 583 Rebend Stüblin gezehlet. Er habe sich
1795 547 2899 647 so lang verweilet, daß er allda übernachtet
1793 614 2872 744 indeßen habe er bey seinem Weib auch ein
1789 707 2857 816 Paquet 10. f. außgewechslet, wiße aber
1789 794 2886 920 nicht, wie viel es gewesen. Er versichere
1787 870 2832 986 aber, daß alles das Gelt, in 5. t. und
1772 953 2750 1058 d. 10. Stiecken, so er von dem Wahli¬
1774 1030 2868 1161 empfangen, die Summ der §. 53. auß¬
1771 1118 2870 1253 geworffen, welche er dem H. Freyweibel
1780 1192 2893 1316 von Richtrach auf sein abforderen gegen
1786 1277 2821 1413 anderes Gelt in treuen zugestelt.
1774 1355 2839 1482 der Stähli habe ihme vorgegeben, Er
1784 1437 2867 1563 werde mit diesem Gelt in der Münz¬
1783 1525 1984 1645 bezalet.
1770 1652 2779 1775 Bey dem Speich hingegen habe er kein
1779 1716 2860 1842 dergleichen gelt gesehen noch gemercket.
1774 1801 2827 1930 Er versichere, daß er nicht gewußt, daß
1785 1879 2818 1988 dieses Gelt noch keinen Kauff haben
1767 1949 2889 2099 sollen, noch daß er einen Zweiffel gehabt,
1770 2043 2856 2188 daß Selbiges möchte entwendet worden
1783 2155 1986 2261 seyn.
1746 2282 2867 2448 Martin Steinmann von Bur¬
1785 2407 2265 2510 sellen deponirt.
2455 2420 2865 2528 Montags den 2ten
1777 2473 2855 2596 Jenner lezthin am Morgen seyen der
1773 2547 2882 2676 Christen Schneider und Christen Brentzig
1791 2643 2869 2781 bofer zu seinem hauß gekommen, haben
1773 2730 2786 2853 Ihme um s. 30. Stene Funf dähler.
1774 2816 2839 2965 gezeiget mit ersuchen, Ihnen Selbige
1786 2904 2866 3010 außzuwechslen, verdeütende, die gehören
1777 2988 2830 3111 einem Herrn zu dern, er solle Sie und
1782 3080 2851 3198 beyseits legen, Sie wollen Sie dann
1785 3149 2834 3286 in Zeit von 5 Wochen wider lösten.
1782 3242 2843 3371 auf ihr bittliches anhalten habe er ihnen
1767 3325 2854 3474 Seuch und Piecettes imgleiche Summ
1764 3410 2289 3549 darfür zugestelt.
