3024 4032
364 479 537 565 336.
581 579 1536 729 Elsbeth Rensch habe ihr zugeruffen
574 676 1460 776 und angekündet, Sie förchte es seye
567 734 1484 834 etwas mit dem März ihrer tochter
569 805 1493 949 vorgegangen, das nicht recht sey, Sie
569 881 1513 1000 Latz solle Weiber hohlen, damit man
556 950 1245 1064 die sach recht erfahren könne.
1350 978 1510 1078 do
553 1024 1478 1167 halben komme Sie gantz schrekhaft Sie
544 1105 1470 1226 Deponentin abzuholen. Sie habe
557 1192 1444 1311 nun gleich vermuthet, was Er seyn
558 1270 1500 1389 möchte, deßwegen Sie im vorbeygehen
556 1343 1470 1477 den Chor Richter Jucker auch mit
536 1418 1456 1523 beruffen, Als Sie in das Haus
548 1501 1505 1636 : namlich in Hans Rentsch des Stein¬
539 1580 1493 1711 brechers Haus angekommen, haben
536 1657 1453 1788 Sie die Muter Elsbeth Rentsch in
539 1730 1441 1843 der Stuben, und dera unglükliche
534 1801 1441 1919 Tochter, das Mädi hinter dem
515 1886 1429 1994 Ofen sehr betrukt angetroffen so
527 1965 1453 2082 gleich habe der Chor Richter das Med
524 2042 1447 2151 angeredet, und ihm vorgehalten, wie
518 2108 1378 2235 daß es vor etwann zunfft oder
494 2199 1453 2327 Sechs Wöchen, da es angemutheter
501 2272 1440 2397 Schwängerschafts halber, vor Chor¬
508 2353 1389 2470 Gricht zu Bollingen bescheiden
517 2421 1485 2563 worden, Es aber damals solche gelange¬
490 2507 1438 2623 gnet. Er forchte übel anjezo seye
509 2577 1425 2713 die Sach schlimmer worden, Er solle
517 2666 1369 2779 also offenbaren, was für eine
518 2735 1455 2866 gewandnuß es darmit habe, dann es
496 2825 1440 2951 scheine einmahl, es seye eine Veren¬
494 2894 1425 3034 oderung mit ihm vorgegangen, das
497 2988 1413 3115 Midi aber habe keit abgelaugnet, es
496 3076 1453 3210 buße mit von dem, so ihme zugemut
493 3141 797 3249 itet werde.
865 3131 1455 3288 darüber der Chor¬
491 3210 1377 3357 Richter ihns ermahnet, wann es nit
501 3282 1459 3443 freywillig seinen zustand eröfnen wollen,
508 3366 1443 3485 so werde Er und visitieren laßen, wie Er
502 3443 1437 3585 dann albereits die Hebamme bey sich habe
1624 2361 1695 2489 2.
2693 449 2864 554 337.
1764 560 2782 764 Auf wiederholter Ablaugnen, gabe der
1771 676 2736 874 Chor Richter Ihre Deponienten den
1760 780 2696 925 würklichen Befehl, das Menschlin zu¬
1762 862 2829 977 visitieren, da Sie dann solches alsobald verrich¬
1747 931 2825 1087 stet, das Menschlin sich auch gar nicht ge¬
1755 1020 2772 1153 beigert, und habe Sie befunden, daß Er
1753 1112 2746 1226 die Früste voll Milch habe, worauf
1752 1181 2786 1314 Sie ihm noch ernsthafter zugereit, es
1759 1272 2779 1418 aber zu laugnen fortgefahren. So
1744 1343 2824 1475 habe der Chor Richter befohlen man
1744 1434 2793 1552 müße noch harter an ihn sezen, auch so
1735 1510 2688 1655 gar selbsten ihn bedrohet, da es dann
1738 1581 2797 1699 endlich seiner muter enderet, das Kind
1744 1658 2778 1787 befinde sich unter dem Ofen alles die
1737 1727 2811 1832 Muter auch sogleich das Kind gefunden
1736 1816 2655 1939 das Mädi habe hierauf in aller
1748 1886 2782 1996 anwesenden Gegenbart gesagt, das
1723 1955 2749 2091 Kind seye nicht lebendig zur Welt
1721 2045 2023 2137 gekommen.
2252 2030 2717 2161 endete hiermit
1720 2116 2116 2231 ihre Außag
1738 2388 2789 2554 Gor Richter speter Güter bestätigte
1713 2496 2788 2641 obige der gebammen Außag durch aus
1709 2580 2762 2726 nur mit diesem Beyfügen, daß gleich
1708 2658 2753 2803 Anfangs, als er beruffen worden, Er
1701 2728 2691 2849 nicht allein beywohnen wollen, sonder
1700 2813 2682 2961 habe erstlich dem Waysen vogt Hans
1702 2891 2762 3027 Hodel zu sich beruffen, welches bey allem
1711 2966 2636 3081 obigen mit ihme zugegen gewesen,
1689 3038 2782 3167 Nachdemme aber das Kind gefunden ware
1705 3113 2638 3247 haben sie annoch den Chor richter
1706 3184 2728 3324 Christen Rentsch beruffen laßen, um
1708 3258 2794 3420 das fernere mit einander zu veranstalten
1696 3323 2774 3502 Sie haben das Menschlin befragt, bey der
1699 3406 2768 3577 vatter des kinds seye. So geantwor¬
1720 3479 2774 3653 let, es seye ferndrigen Jahrs im Korn
2381 3621 2737 3769 Schneidet.
