3024 4032
307 2448 407 2535 2.
336 2678 442 2789 Je
291 3075 426 3177 A
317 3300 409 3434 Je
336 338 487 462 446.
357 474 495 588 Fe
366 784 433 866 2.
353 960 480 1081 Gri
356 1202 451 1284 El.
332 1392 458 1540 Ir
527 465 1457 606 Weilen Sie also schwarz gewesen, so werde sie
508 560 1465 688 gebrauchet worden, und also noch ganz gewesen
518 644 686 737 sachen und
517 784 1351 917 Ju. es seye alles zimlich gantz gewesen?
521 956 1466 1085 Woher dann das meiste Zerschriften seÿ.
513 1048 1349 1153 und die Nahmen ausgehauen seyen?
515 1206 1481 1329 Sie habe etwelche Hauben zu ihrem Gebrauch
515 1285 1421 1406 gelaschen, und den Nahme ausgetrennet.
507 1421 1441 1558 Es seye ihr bekant gemacht worden, so wohl
511 1511 1417 1628 durch Mstr Ziegler den Weibel, der sie
503 1589 1392 1691 aus hohem Befelch befragt, als durch die
502 1659 1436 1762 öffentliche Sublication, daß der Frau von
489 1739 1460 1855 Wolkenweil ein gantze reine Wösch entwendet
507 1818 1414 1913 worden, da nun das hinter ihr gefundene
493 1885 1441 1995 zeug mit derselben Nahme bezeichnet, so
494 1971 1448 2089 hätte sie alsobald sehen können, daß dieses
491 2052 1442 2151 Zeug gestohlen seye, und hätte solches anzeigen
497 2134 1440 2219 und nicht noch kauffen sollen, worin Sie so¬
497 2215 1456 2292 straffbar seye, als wann sie die diebin selbst
493 2301 631 2384 wäre.
478 2397 1462 2536 Es seye ihr nicht zu Sie gekommen, daß es dieses
482 2517 856 2649 Zeug seyen möchten.
483 2692 1428 2802 Wann dieses Zeug ihr nicht als verdächtig vor¬
494 2753 1461 2877 gekommen, warum sie dann solches hier und dort,
484 2848 1390 2950 an Orten versecket, da man dergleichen
482 2939 1398 3045 kostbaren Zeug nicht hätte suchen sollen.
460 3093 1390 3206 Sie habe solches dahin gethan, damit der
460 3166 885 3295 Mannes nicht sehe.
456 3316 1469 3443 Aus bad grund sie solches den mann verberge
467 3422 646 3497 bollen.
1567 2492 1669 2601 Fr.
1569 2713 1651 2814 .
2534 412 2684 518 448
1693 533 2709 625 Weilen er sie bestraffet hätte, daß Sie dergleichen
1544 564 1619 657 A.
1687 618 2057 714 Sachen gekaufet.
1706 753 2703 895 dieses Zeug seye ihr also verdächtig gewesen.
1566 791 1685 925 Gri
1707 911 2700 1028 Nein, um so da weniger, als die Studin vor¬
1556 927 1647 1031 d.
1701 1006 2701 1120 gegeben, sie komme von Gruf- und habe einen
1693 1080 2310 1189 reichen Mann geheürathet.
1586 1227 2688 1363 Ir. Wie dieses möglich seye, indemme unter diesem
1689 1310 2709 1412 Zeug noch Vandomes und Rabat sich befunden,
1689 1453 2700 1560 Sie habe geglaubt, solche kommen von ihrem Mann
1560 1478 1636 1579 A.
1682 1578 1795 1655 her.
1683 1671 2554 1785 Wein Sie von diesem Zeug verkauffet?
1550 1703 1661 1806 Gr.
1708 1831 2655 1953 der Frau Bätlin ein Fürtuch um d. 2.
1568 1849 1635 1930 A.
1691 1942 2613 2037 obey Hals kircher um 20 bz und 1 paar
2601 2001 2671 2091 und
1683 2019 2481 2119 prodierte Engageantes um 122. b.
1682 2106 2557 2184 des Cammer Dieners bey Herrn Amman
1684 2177 2587 2283 Frisching Weib, zwey Bläzen von
1685 2261 2700 2368 brochierter Mousseline um 50. b. und sonst
1686 2332 1991 2435 niemand mehr
1696 2487 2693 2602 Was Sie Ihr Gel. Herrn Schultheiß von Erlach
1687 2577 2166 2680 Diensten verkauffet?
1684 2716 2697 2815 Sie habe der Köchin diesen Sommer nur 3 Stük¬
1690 2793 2654 2917 lein von ihren eigenen Spitzen verkauffet, und
2501 2855 2655 2974 dame
1679 2881 2098 2980 sonst nichts mehr.
1689 3018 2691 3133 der Kammer Magd stehen ferndrigen Jahr eine
1692 3094 2671 3211 schwarze seidige Robe um 3 ten welche Sie von
1690 3165 2679 3294 der jgfr Gruner zum verkauffen gehabt, die
1685 3237 2713 3357 auch diesen kommer ein Indienenes blau und Beiße
1680 3330 2571 3474 Firtuch um 15. b. so ihr eigenes gewesten
2523 3400 2624 3483 2ten
