3024 4032
262 2169 301 2240 1
249 117 350 219 66.
406 266 1494 499 Wüehungen eine nahmhaffte Summa gele
413 341 1269 518 von mehr als d. 300. entwendet.
401 439 1462 666 Wann Wir aber durch die Anhörung der
391 551 1470 735 Procedur in gnädige Betrachtung gezogen
412 659 1431 816 daß dieser untreue Nomisch diese seine
392 729 1414 873 seith 6. Jahren verübte diebstähl in der
398 836 1439 996 Sinczstatt ohne gebaltthätigen Einbruch
408 916 1394 1098 und und bey tag verubet, darzu ihne
389 1028 1414 1149 auch, daß er gewußt, wo die Schlußel
379 1081 1456 1252 zu der Präg kammer sich befinden, und
385 1185 1446 1364 das allda gewesene viele Gelt, als einen
387 1276 1485 1485 Armen Taglerner verleiten und
1323 1332 1501 1405 at
380 1390 1422 1524 versuchung bringen können. Anbey das
380 1489 1420 1611 Entwendte wieder restituiert worden, und
370 1591 1436 1718 schon eine lange Gefangenschafft außge¬
361 1677 1424 1803 standen, Alß haben wir auß dieser
374 1769 1421 1891 und anderen Grunden Auß zur Gnade
371 1870 1421 2003 geleibet, und dieseres deß Delinquenten
352 1964 1406 2090 verbrechen, als einen gemeinen hauß
348 2043 1422 2168 diebstahl ansehen und mit der Todes Straaf
353 2129 1369 2276 verschonen wollen, mithin zu recht
460 2233 1208 2396 Erkennt und Gesprochen
341 2369 1413 2510 Es solle zu Schutzung der gemeinen Sicher,
335 2452 1359 2595 heit, dieser Christen Wahl zu einer
348 2540 1361 2673 wohl verdienten dennoch gnädigen
334 2638 1337 2795 Bestraffung für zunfzehen Jahr mit
329 2741 1378 2880 dem serung Ring in das schallenwerk
340 2830 1374 2967 an Karren geschmidet, verurtheillet
968 2963 1275 3052 geben in
342 2941 954 3066 und verhält seyn.
340 3023 1308 3166 Unser großen Raths versamlung
325 3126 1062 3279 den 11ten Juny 1750.
2769 68 2871 157 67.
