3024 4032
300 2328 418 2470 2.
321 193 436 307 28
335 944 416 1056 1.
523 276 1293 478 Information
460 473 1558 669 Aufgenommen aus Meine gnädigen Herren Befelch weg
458 570 1549 719 Christen Sehli und Niclaus
458 650 1550 832 Speich, so sich in der Münzin Unter¬
464 776 770 895 vergeßen
457 931 1520 1092 Herr Herrner der Munz-Meister
454 1042 779 1157 Deponirt.
1006 1063 1568 1177 Nachdemme er einen
445 1134 1586 1287 genauen Überschlag gemacht und berech¬
442 1214 1605 1355 riret, was ihme etwann möchte entwendet
445 1319 1532 1469 worden seyn, habe er befunden, daß
440 1429 1562 1547 ihme bey 21. Marck manglen können.
438 1500 1520 1638 das Starck mache 55. Stuck, und
463 1590 1556 1741 werffe zusammen d. 231. auß. Es
449 1700 1543 1833 seye nicht möglich, daß manes biß an
450 1780 1541 1914 2. oder 3. Marck zu sicher wißen und
1517 1881 1546 1977 1
447 1916 1516 2020 ausweihnen könne, ein mehrers
454 1999 1572 2120 aber als 24 Marck können, also nicht
442 2107 742 2239 fehlen.
436 2319 1537 2507 H. Freyweibel Engimann von
1268 2431 1549 2541 Nachdemme
455 2457 1038 2570 richtrach zeüget.
434 2527 1493 2668 er vernommen, daß der Christen
437 2624 1564 2778 Stähli von Bollingen, aus der Münz¬
453 2727 1557 2880 neue funf dazen Stuck entwendet
459 2802 1546 2939 und er darüberhin unter der Hand¬
449 2941 1568 3082 sich erkundiget, ob in seinem Bezirt
445 3041 1492 3165 keines dieses Gelts außgegeben
455 3116 1596 3283 worden, habe er in erfahrung gebracht
462 3249 1570 3374 1, daß der Hans Baumgartner Ochsen Wirth¬
471 3326 1549 3429 zu Münsingen von diesem stahl in de
484 3382 1083 3491 mahlen empfangen
1291 3378 1572 3476 653
458 3454 1270 3542 u. der Martin Steinmann
1344 3496 1569 3571 705
1300 3510 1331 3553 1
498 3519 915 3634 von herselben
1263 3616 1590 3693 1235
1663 3252 1753 3379 3.
2774 351 2862 443 17.
1759 426 2871 578 W. diese 70 rt. habe der Steinmann auf
1812 538 2892 657 eine obligation hin an Christen Schneider
1801 580 2858 738 und Christen Grenzikofer außgeliehen.
1789 664 2890 819 Welche d. 123. 5. b. er aus seinem eigenen
1785 743 2819 870 Gelt eingewechslet, und Sichgh. der
1795 847 2794 957 Wunz-Commission zugestelt, welche
1786 913 2806 1023 Ihme den delauf alsobald in anderem
1766 985 2462 1119 Gelt wider erstehet haben
1792 1067 2861 1221 Da er auch vernommen, daß dieser Stahli¬
1785 1161 2876 1290 bey dem Steinestel- Sacher zu Grenzig
1793 1250 2840 1380 bofen von diesen Stucken solle außge¬
1780 1333 2888 1451 wechslet haben, habe er aus defelch Mortgh.
1780 1404 2883 1550 der Münz-Com̅ission genaue Sachfrag
1786 1495 2875 1627 gehalten, und den Steinestel-Sacher
1777 1588 2880 1713 Oberlaus Kapfer Vatter und Sohn darüber¬
1759 1683 2890 1801 sohin zu red gestoßen, welche aber versicheret
1778 1759 2855 1913 daß die von dem Stahli dergleichen Gelt
1780 1851 2611 1995 weder empfangen noch gesehen.
1744 1930 2803 2090 den wirth Sbischler zu Rubigen habe.
1774 2045 2872 2163 er auch aus Befelch Morhgh. der Münz¬
1786 2122 2839 2259 Commission befraget, ob der Speich oder
1779 2210 2864 2331 Stähli ihme nicht auch von diesen gelt
1774 2310 2842 2426 Stucken etwann zugestellet. Der dann
1776 2398 2852 2514 Ihne versicheret, daß er von ihnen dergl.
1763 2469 2849 2615 Gelt keines empfangen, wohl aber habe
1773 2573 2822 2716 der Wahl seith dem Neuen Jahr ihme
1791 2669 2875 2786 einsten von diesen gleichen Stucken 15. 8.
1761 2739 2827 2888 gegen anderes gelt hinterlegen wollen
1779 2816 2853 2917 mit verdeüten, er wolle es dann wieder
1774 2909 2860 3041 heraus losen. Er habe aber ihme hierinn
1792 2990 2805 3118 nicht willfahren wollen und selben
1793 3110 2104 3222 abgewiesen.
1995 3261 2061 3343 3
1774 3274 2852 3403 Hans Baumgartner achßen wirth
1767 3353 2591 3471 zu Münsingen. Deponirt
2712 3358 2824 3455 Win
1781 3435 2764 3557 er glaube, so seye es etwas nach dem
