3024 4032
312 2753 434 2870 Ge
325 349 502 440 444.
362 886 457 990 he.
348 1035 489 1114 Setb.
382 1227 469 1338 Hr.
354 1399 453 1504 2.
359 1550 472 1665 Gr.
327 1806 434 1892 24.
351 2077 441 2172 A
526 472 1455 610 gedienet, darauf habe es ein halbjahr bey
541 547 1472 697 Frau Predikantin Dik gemähet, seye auch
528 643 1473 765 einhalbjahr bey dem Gottel vogt Wytten¬
523 711 1467 824 bach in dienst gewesen, und seit einem Jahr
522 789 1306 915 seye es wieder bey seinen Elteren.
522 895 1229 1027 Wormit es sein Leben gewonnen.
523 1019 1422 1142 Es seye auf die Störren glätten und nähen
516 1119 727 1214 gegangen
533 1205 1393 1348 Ob ihm von seiner Elteren bosten thaten
527 1311 1116 1424 nichts mehrers bekant seyn.
506 1412 1483 1527 Es habe alles geoffenbaret, was ihme in wißen
518 1520 1420 1642 Ob der Blumbert, seines Stief Vatters
503 1624 1390 1732 Schwager, nicht vielen Umgang mit ihme
505 1706 672 1799 gehabt.
505 1795 1476 1936 Er biß wohl, daß Sie zu etwelchen Mahlen
503 1891 1467 2012 von ihrem eigenen reiche verkauft habe.
621 1982 1485 2110 wurde hierauf binder an sein Art geführt,
503 2086 1391 2204 der Humbert seye sehr wenig zu seinen
499 2145 1407 2253 Elteren gekommen, und haben seines wißend
502 2210 1299 2309 bringen Umgang mit einander gehabt.
494 2276 1365 2382 Wurde hierauf schieder an sein Ort geführt.
788 2343 867 2394 tet
710 2361 1239 2456 dt Examen
1229 2380 1454 2495 Hh. Beihof
482 2453 1425 2574 Mit Marianna Berger, Janual
475 2529 1467 2658 Dufresne des Schumachers Eheweib bey d
479 2621 1445 2722 Jahren Alters, habe eine uneheliche Tochter¬
471 2740 1387 2852 Ihre bekante liederliche Aufführung und
487 2809 1400 2928 lebend Art seye die Ursach daß schon seit
480 2882 1447 3000 geraumer Zeit wieder ihres Hauß ein böter
485 2932 1407 3063 verdacht gewaltet, nun seye die sorts
473 3038 1407 3153 kein Zweifel mehr, sonder alles lige an
498 3109 1366 3207 Tag, indemme in der Durchsuchung ihrer
469 3194 1388 3312 Wohnung so viele Sachen hervorgekommen
478 3246 1445 3362 die Anzeiger auf welche diebische Art. Sie
472 3328 1414 3434 sich an verschiedenen Orten müßen ver¬
469 3375 1448 3506 gegriffen haben, derohalben und da alles
1543 3303 1658 3396 Fr.
1557 3410 1639 3498 4.
2542 420 2693 530 445.
1686 513 2669 657 offenbar wolle man hoffen, Sie werde in sich
1682 605 2614 711 selbst gehen, und alle ihre böste Thaten und
1679 690 2632 803 Diebstähl aufrichtig und mit Reü bekennen
1694 776 2659 904 Wordurch allein Sie sich der Gnas einer Hohen
1690 840 2476 949 Obrigkeit würdig machen könne.
1686 1002 2656 1109 Es seye möglich, daß gestohlene Sachen hinter
1561 1020 1637 1102 A.
1690 1093 2687 1185 ihnen gefunden worden, dennoch aber habe beden
1698 1170 2616 1241 sie noch ihr Mann oder ihre Tochter solches
1686 1236 2646 1338 entwendet, sonder sie habe selber von einer
1677 1314 2581 1428 Judin, die sich tauffen laßen, gekauffet.
1774 1459 2688 1581 dieses vorgeben seye allerdings falsch und
1536 1468 1732 1576 Instreit.
1684 1531 2670 1628 unglaublich, es wurde ihr selber fallen, zu er¬
1688 1616 2667 1717 beisen, daß ein solche Person hier geweßen,
1675 1682 2688 1802 zudemme seÿe am Tag und angezeigt worden, daß
1678 1765 2652 1893 sie selbst die Lieben seye; und insonderheit
1691 1835 2671 1941 der frau von Wattenwyl Wösch entben¬
1682 1912 2624 2027 edet habe, worfür sie dießmal ernstlich
1687 1992 2034 2091 befragt werde.
1547 2132 1647 2219 4.
1684 2134 2612 2252 Sie habe solche, wie gesagt, von der Juntin
1679 2230 1908 2348 gekauffet.
1696 2362 2616 2452 Wie es dann mit diesem Kauf zugegangen.
1560 2389 1653 2487 Ge
1701 2521 2688 2636 die Güttin seye bey Herrn Boßart an der Schau¬
1568 2526 1649 2616 21.
1697 2597 2658 2711 plaz daß an der Kost gebesten, daselbst sie
1690 2647 2608 2775 solche gestehen, welche etwan ein Monat vor
1683 2749 2685 2855 Jacobs Tag zu ihr in ihre Wohnung gekommen, und
1695 2820 2692 2929 ihr in einem rothen Ruch, fürtücher, Man¬
1687 2905 2637 3002 chettes, Spihen und Hals Tücher zum Kauf¬
1684 2976 2690 3096 gebracht, darfür sie ihre 2 thaler bezahlet.
1784 3042 2676 3175 Sie habe vorgeben, sie gehe auf Berlin
1684 3111 2655 3281 und habe einen vornemmen Herr geheyrathet.
1684 3251 2690 3397 In welchen Zustand die Wisch sich damal befunden.
1683 3425 2508 3544 Sie seye unstauber und schwarz gebesten.
