3024 4032
244 2786 395 2879 At.
282 233 406 356 26
489 339 1519 546 Außgewechßlet, welcher verdeüteten
496 469 1516 603 solle selber nicht außgeben, es werde
487 543 1497 677 erst nach dem Obenjahr lauff haben,
484 619 1172 735 er wolle es wieder lösen.
1256 642 1514 795 Graf vor
484 704 1460 808 vor dem Neu Jahr dann habe er
475 778 1481 918 ihme wiederum 8. 2. von gleichen
488 887 1454 999 Stucken zugebracht, dargegen er
471 951 1478 1109 ihme den Sterth in anderem Gelt
450 1041 1506 1207 zugestelt. Weilen nun der Wahl¬
466 1162 1502 1290 sein versprechen nicht gehalten, so
469 1258 1463 1374 habe er diese Rechs Kronen Funf
470 1353 1489 1488 Fähler dem Schulmeister Wahl an
478 1448 1514 1554 bezahlung Stieren, die er mit ihme
463 1517 1477 1683 vertauschet, gegeben, und da ohne
453 1637 1456 1762 sein wißen ihme noch ein künf¬
465 1747 1471 1858 Ruzler übergeblieben, habe erselben
460 1833 1492 1961 seinem Bruder zugestelt, welchen
1336 1939 1449 2020 der
1253 1941 1338 2031 e
459 1937 1254 2062 ihne auch allhero gebracht.
445 2019 1488 2167 Christen Stähli habe vorgewendet, ein
465 2130 1516 2263 Theil habe er für seinen Lohn bekommen
472 2221 1425 2358 und das übrige aus dem Abgang¬
453 2306 1446 2452 zusamen lesten können, weilen
447 2413 1477 2542 er wohl darmit umgehen könne. Es
441 2488 1518 2647 geschehe Morgen dardurch kein Anrechts
450 2739 1452 2881 Ullrich Riterhauser deren
451 2860 1192 2989 Wirth allhier Sagt auß.
423 2936 1489 3073 der Christen Stähli seye zu verschie¬
432 3027 1425 3155 denen mahlen seith wienacht mit
443 3105 1477 3228 Leuten in das Wirtshauß gekommen
446 3185 1483 3346 und habe alle seit tractiert, und mit
433 3282 1494 3442 Seiten Funf dahen stucken behalet, so
446 3369 1474 3538 daß er im allem 8. et in diesen Gelt
433 3493 1454 3643 Porten empfangen, mit ersuchen,
435 3570 1443 3746 er solle das Gelt beyseits legen, er
1598 1521 1712 1597 12.
2742 217 2880 311 27
1792 366 2860 556 werde es kommen heraus lösen, fi
1794 475 2903 620 der That habe er auch eine Zeit hernach
2507 559 2890 657 wieer ver¬
1782 599 2371 721 R. 4. außgeberholet.
1787 618 2880 782 enommen, daß dieser Wahl Antreu¬
1786 710 2882 889 halber eingestehet worden, habe er also¬
1780 813 2889 970 bald die übrigen d. 10. in 50. Stucken
1782 882 2915 1044 bestehend, Monchgh. der Sunz-Com̅ission
1768 975 2864 1130 freywillig eingehändiget. Er habe nicht
1775 1075 2857 1231 gewußt, daß dieses Gelt nicht läufig
1770 1168 2900 1318 seye, noch daß der Stahl in der Münz¬
1772 1293 2353 1428 fabrication arbeite.
1750 1467 2877 1613 Maria Deck Keller Magd bey Herrn
1779 1562 2737 1703 Weinschenck Baudard. Sagt auß¬
1764 1671 2800 1839 vor Liechtmeß habe der Christen Stahl
1775 1782 2932 1908 Sie gebetten, ihr neues Gelt aufzubeehrten,
1778 1873 2911 1977 er wolle es dann wiederlösten. anfänglich
1760 1966 2896 2077 habe Sie es ihme abgeschlagen, endlich aber
1776 2026 2880 2174 da er versprochen, solches baldigst wider
1783 2120 2874 2258 auß zutauschen, habe Sie ihme gegen
1771 2201 2906 2356 d. 9. 20 t. ander gelt gegeben, darvon
1774 2311 2855 2439 er nachwerts 7. Stuck mit 35. b. wider
1764 2382 2889 2521 gelöset. Das übrige habe Sie mit ihres
1765 2444 2806 2606 Kindes pfarrhofen Gelt verwechslet.
1764 2569 2853 2717 als die vernommen, daß der Wahl in
1770 2642 2894 2814 der Gefangenschafft siche, seye, die zu deßen
1762 2718 2908 2918 Weib gegangen, und selbe gefraget, ob diß
1760 2851 2904 3029 etwann gestehlen Geltsteye? welche Ihr
1759 2932 2884 3103 mit weinen verdeütet, die solle es ihr
1746 3021 2928 3188 zu bringen, Sie wolle ihr anderes darfür
1742 3117 2882 3263 geben, welches die auch gethan, und von
1757 3189 2910 3358 dem Weib 8. §. 10. t. ander Gelt darfür
1758 3285 2928 3482 empfangen. Seye alles was ihr in wißen
2589 3578 2870 3737 ..
