3024 4032
147 132 272 209 138.
353 223 1375 497 sich auf Eygen hern zu verhangen,
364 365 1397 574 allso Sie den Ludwig Spring samt
358 449 1356 633 seiner Magdt auf dem Acher
348 539 1355 733 Arbeitend angetroffen, da
350 647 1383 823 haben die zwey mit gekommenen
334 732 1399 938 Weibs Persohnen die Magdt Visition
350 831 1367 992 und befunden, daß Sie Milch in
317 914 1391 1087 Ihren grüsten gehabt, darauffs
333 1005 1372 1189 Sie dem Mentsch seine Niderkunst
308 1097 1387 1271 zu gemuhtet, und hernach auff
311 1185 1369 1366 deß Freyweibels Befelch nach Kilch¬
305 1281 767 1424 dorff geführt
297 1403 1343 1567 Auf Ihr ankommen, habe es ihne
287 1525 1382 1698 gedunket, sowohl der Ludwig Schinge¬
305 1613 1346 1754 als die Magdt seyen erschroken, doch
302 1697 1387 1854 da Sie ihme allsobald verdeütet, weßwegen
281 1794 1370 1915 sie daher kommend, habe Er nichts anders
283 1875 1339 2020 darzu gesagt, als In Gotes Nahmen.
263 1990 1298 2125 Spring habe damahlen mit seiner
278 2086 1312 2219 Magdt nichts geredet, daß Sie ge¬
259 2154 1304 2295 höret haben. Da Sie aber all¬
253 2258 1331 2407 bereits mit dem mentsch fort gehen
269 2348 1332 2460 wollen, habe es zu seinem Meister
247 2421 1306 2556 gesagt, Es habe kein Creücher gelt,
255 2516 1275 2663 Er solle Ihme geben, daß es doch
254 2600 1309 2742 etwann könne ein Viertel kauffen
245 2693 1296 2831 der Spring habe hierauff in das
247 2787 1305 2921 Hauß sich begeben, um der Magdt
246 2885 1320 3001 etwas gelts zu holen, Sie haben das
232 2978 1327 3109 Mentsch aber nicht mit gehen laßen
249 3061 1318 3186 wollen, sondern ihme verdeütet,
221 3144 1298 3274 Wann es etwas bedörffe, werden Sie
225 3228 1295 3363 ihme das nöhtige schon verschaffen,
222 3314 1345 3454 und haben Sie von Stund an, das Mentsch
228 3404 925 3544 auff kilchdorff geführt.
1055 3475 1254 3599 Hernach
2575 325 2689 424 129
1605 353 2641 548 Hernach seye Mornderist als donstags
1615 495 2640 632 Abends gegen Num Uhr ohngefehrd,
1617 582 2570 709 der Chorweibel von Kilchdorff, Nebst
2574 646 2617 695 .
1606 659 2656 808 denen beyden Weiblen von Kilchdorff
1619 759 2645 898 und Mühledorff zu ihme gekommen,
1607 844 2649 969 daß sie alle 4. mit Einander auß
1594 917 2645 1054 deß Freyweibels befehl, den Kilchmeyer
1598 1015 2578 1140 andwig Spring zu Eggenhorn, Wie
1613 1095 2633 1225 auch das daselbsten noch befindliche
1616 1189 2485 1315 todte Kind abhollen sollen,
2486 1216 2608 1307 Also
1607 1271 2653 1403 seyn Er, wie wohlen ungern noch selbigen
1613 1354 2626 1487 Abends dorthin, ohngefehrd 10 Uhren
1615 1460 2663 1577 angekommen, Habind den Ludwig Spring,
1600 1534 2666 1658 samt einer Weibs Persohn, so wie Er glaube
1604 1621 2629 1753 seines Bruders Tochter gewesen, vor
1600 1709 2650 1838 dem Hauß sitzend angetroffen, da
1602 1794 2638 1907 Sie Ihme den Aufhabenden Befelch
1600 1873 2631 2009 kund gethan, habe Er sich ein wenig
1601 1960 2628 2083 beschwart. Er seye Acher Rüde, doch
1604 2054 2641 2166 keine Hinternuß gemacht, sondern
1606 2130 2642 2252 lich billig eingestellet, die da ge¬
1600 2236 2641 2336 wesene Weibs Persohn aber habe sehr
1591 2295 2668 2425 geweinet und bedaurens gehalten,
1595 2378 2666 2504 und deß Springs Weib haben Sie nicht
1588 2466 1926 2599 gesehen.
1603 2570 2649 2771 dem Spring haben Sie auch gesagt:
1585 2710 2653 2838 Er solle ihnen den Keller eröffnen,
1604 2796 2633 2919 damit Sie das todte Kind suchen
1601 2877 2651 2989 und mit nehmen können, darauf
1584 2959 2652 3088 Er den Schlüßel im Hauß abgeholet,
1598 3045 2655 3173 und Alsobald den Keller Eröffnet,
1595 3127 2650 3263 da dann der Chorweibel das Kind an
1600 3204 2677 3379 bestimtem Ort gefunden, und seyen
1592 3308 2663 3464 Sie hierauf mit dem Spring und
2483 3407 2659 3488 dem
