<?xml version="1.0" encoding="UTF-8" standalone="yes"?>
<PcGts xmlns="http://schema.primaresearch.org/PAGE/gts/pagecontent/2013-07-15" xmlns:xsi="http://www.w3.org/2001/XMLSchema-instance" xsi:schemaLocation="http://schema.primaresearch.org/PAGE/gts/pagecontent/2013-07-15 http://schema.primaresearch.org/PAGE/gts/pagecontent/2013-07-15/pagecontent.xsd">
    <Metadata>
        <Creator>prov=University of Rostock/Institute of Mathematics/CITlab|PLANET AI GmbH/Gundram Leifert/gundram.leifert@planet-ai.de:name=German_Kurrent_XVI-XVIII_M5.4(htr_id=38771)::::v=2.6.7
prov=University of Rostock/Institute of Mathematics/CITlab|PLANET AI GmbH/Tobias Gruening/tobias.gruening@planet-ai.de:name=de.uros.citlab.module.baseline2polygon.B2PSeamMultiOriented:v=2.6.7
prov=University of Rostock/Institute of Mathematics/CITlab|PLANET AI GmbH/Tobias Gruening/tobias.gruening@planet-ai.de:name=/net_tf/LA73_249_0mod360.pb:de.uros.citlab.segmentation.CITlab_LA_ML:v=2.6.7
Transkribus</Creator>
        <Created>2022-06-16T09:29:18.941+02:00</Created>
        <LastChange>2022-09-12T15:41:44.634+02:00</LastChange>
        <TranskribusMetadata docId="1334852" pageId="52363941" pageNr="228" tsid="114646042" status="IN_PROGRESS" userId="9570" imgUrl="https://files.transkribus.eu/Get?id=RTMCUMXKRXKDLPUIWDXKWOJX&amp;fileType=view" xmlUrl="https://files.transkribus.eu/Get?id=EQCBFXHLDHZSQXLTMFWLWZFZ" imageId="35485838"/>
    </Metadata>
    <Page imageFilename="IMG_7981.jpg" imageWidth="3024" imageHeight="4032">
        <ReadingOrder>
            <OrderedGroup id="ro_1687513613543" caption="Regions reading order">
                <RegionRefIndexed index="0" regionRef="r1"/>
                <RegionRefIndexed index="1" regionRef="r2"/>
                <RegionRefIndexed index="2" regionRef="r3"/>
            </OrderedGroup>
        </ReadingOrder>
        <TextRegion orientation="0.0" id="r1" custom="readingOrder {index:0;}">
            <Coords points="332,342 332,3549 486,3549 486,342"/>
            <TextLine id="r1l1" custom="readingOrder {index:0;}">
                <Coords points="326,429 356,443 375,436 389,447 406,433 452,450 469,439 485,442 486,378 468,370 459,374 436,360 424,371 386,367 378,374 366,368 326,377"/>
                <Baseline points="332,417 361,419 390,417 420,417 449,417 479,420"/>
                <TextEquiv>
                    <Unicode>454</Unicode>
                </TextEquiv>
            </TextLine>
            <TextLine id="r1l2" custom="readingOrder {index:1;}">
                <Coords points="370,1067 401,1058 421,1038 431,1041 451,1028 466,1028 484,1016 492,1016 488,970 470,971 443,954 422,964 414,974 407,974 382,995 363,995"/>
                <Baseline points="374,1031 402,1026 430,1025 458,1023 486,1017"/>
                <TextEquiv>
                    <Unicode>Ir.</Unicode>
                </TextEquiv>
            </TextLine>
            <TextLine id="r1l3" custom="readingOrder {index:2;}">
                <Coords points="390,1215 409,1220 436,1199 444,1202 455,1198 466,1202 463,1125 447,1123 433,1132 424,1128 400,1134 386,1133"/>
                <Baseline points="396,1191 427,1191 459,1188"/>
                <TextEquiv>
                    <Unicode>2.</Unicode>
                </TextEquiv>
            </TextLine>
            <TextLine id="r1l4" custom="readingOrder {index:3;}">
                <Coords points="376,1520 386,1518 424,1485 432,1492 452,1484 466,1489 484,1485 480,1436 470,1439 439,1418 423,1433 407,1440 383,1432 369,1437"/>
                <Baseline points="381,1488 413,1486 445,1481 477,1482"/>
                <TextEquiv>
                    <Unicode>Fr.</Unicode>
                </TextEquiv>
            </TextLine>
            <TextLine id="r1l5" custom="readingOrder {index:4;}">
                <Coords points="360,1832 384,1833 399,1842 415,1839 434,1853 445,1854 445,1763 428,1766 423,1771 408,1759 395,1766 376,1751 360,1749"/>
                <Baseline points="366,1823 402,1823 438,1823"/>
                <TextEquiv>
                    <Unicode>.</Unicode>
                </TextEquiv>
            </TextLine>
            <TextLine id="r1l6" custom="readingOrder {index:5;}">
                <Coords points="348,2008 360,2007 374,1995 379,1999 403,1978 423,1984 440,1975 464,1980 454,1895 443,1897 412,1882 404,1891 380,1889 366,1899 336,1903"/>
                <Baseline points="350,1971 376,1965 402,1961 428,1960 455,1958"/>
                <TextEquiv>
                    <Unicode>Fr.</Unicode>
                </TextEquiv>
            </TextLine>
            <TextLine id="r1l7" custom="readingOrder {index:6;}">
                <Coords points="342,2406 359,2407 364,2412 390,2397 408,2408 433,2407 428,2309 417,2308 411,2313 400,2306 386,2311 378,2309 371,2316 366,2312 349,2327 338,2328"/>
                <Baseline points="348,2394 373,2389 399,2387 425,2390"/>
                <TextEquiv>
                    <Unicode>21.</Unicode>
                </TextEquiv>
            </TextLine>
            <TextLine id="r1l8" custom="readingOrder {index:7;}">
                <Coords points="356,2828 406,2803 420,2810 438,2806 450,2795 469,2800 452,2714 428,2712 406,2728 401,2724 388,2728 378,2741 370,2740 352,2762 344,2763"/>
                <Baseline points="359,2804 392,2790 425,2786 458,2783"/>
                <TextEquiv>
                    <Unicode>Ge</Unicode>
                </TextEquiv>
            </TextLine>
            <TextLine id="r1l9" custom="readingOrder {index:8;}">
                <Coords points="324,3026 338,3024 350,3029 356,3025 385,3041 396,3037 424,3041 429,2944 417,2942 385,2922 339,2951 328,2952"/>
                <Baseline points="332,3006 361,3009 390,3009 419,3012"/>
                <TextEquiv>
                    <Unicode>21.</Unicode>
                </TextEquiv>
            </TextLine>
            <TextLine id="r1l10" custom="readingOrder {index:9;}">
                <Coords points="344,3308 351,3307 370,3322 405,3299 414,3305 430,3300 457,3302 448,3213 437,3213 414,3201 397,3214 392,3211 387,3215 373,3206 360,3215 335,3216"/>
                <Baseline points="348,3276 381,3272 414,3268 447,3267"/>
                <TextEquiv>
                    <Unicode>Fr.</Unicode>
                </TextEquiv>
            </TextLine>
            <TextLine id="r1l11" custom="readingOrder {index:10;}">
                <Coords points="334,3532 346,3531 356,3540 365,3537 375,3546 390,3548 417,3527 439,3529 441,3455 429,3456 420,3447 405,3442 381,3454 373,3451 366,3456 337,3451"/>
                <Baseline points="341,3507 371,3510 401,3509 432,3512"/>
                <TextEquiv>
                    <Unicode>2.</Unicode>
                </TextEquiv>
            </TextLine>
            <TextEquiv>
                <Unicode>454
Ir.
2.
Fr.
.
Fr.
21.
Ge
21.
Fr.
2.</Unicode>
            </TextEquiv>
        </TextRegion>
        <TextRegion orientation="0.0" id="r2" custom="readingOrder {index:1;}">
            <Coords points="495,520 495,3539 1482,3539 1482,520"/>
            <TextLine id="r2l1" custom="readingOrder {index:0;} place {offset:32; length:6;}">
                <Coords points="522,591 1137,570 1421,626 1423,532 1359,513 1082,520 913,479 631,515 525,486"/>
                <Baseline points="530,564 574,563 618,563 662,561 707,560 751,560 795,558 839,557 884,557 928,557 972,557 1016,557 1061,558 1105,560 1149,562 1193,564 1238,567 1282,572 1326,578 1370,584 1415,591"/>
                <TextEquiv>
                    <Unicode>Gnädigen Frau Schultheiß in von Erlach</Unicode>
                </TextEquiv>
            </TextLine>
            <TextLine id="r2l2" custom="readingOrder {index:1;} person {offset:20; length:6;}">
                <Coords points="527,654 642,680 787,641 1195,645 1489,708 1491,643 1238,590 529,595"/>
                <Baseline points="534,647 581,647 628,646 676,645 723,643 771,641 818,639 865,638 913,636 960,635 1008,635 1055,635 1102,636 1150,638 1197,642 1245,646 1292,653 1339,661 1387,670 1434,682 1482,696"/>
                <TextEquiv>
                    <Unicode>verkauffet, und die Rubans bethe alt seyn,</Unicode>
                </TextEquiv>
            </TextLine>
            <TextLine id="r2l3" custom="readingOrder {index:2;} person {offset:15; length:6;}">
                <Coords points="526,747 823,751 1029,715 1432,754 1376,689 1333,707 1241,662 1030,683 832,643 526,679"/>
                <Baseline points="533,726 577,725 622,725 666,723 711,721 756,719 800,717 845,716 889,714 934,712 979,711 1023,711 1068,711 1112,711 1157,713 1202,716 1246,720 1291,725 1335,731 1380,739 1425,749"/>
                <TextEquiv>
                    <Unicode>habe die Jgfr. Terrin ihr selbst gegeben.</Unicode>
                </TextEquiv>
            </TextLine>
            <TextLine id="r2l4" custom="readingOrder {index:3;} person {offset:4; length:7;}">
                <Coords points="607,835 874,797 973,827 1067,793 1172,839 1442,835 1443,768 1294,776 1105,718 1068,743 609,744"/>
                <Baseline points="615,801 656,799 697,797 738,795 779,792 820,791 861,789 902,788 943,788 984,786 1025,787 1066,788 1107,789 1148,791 1189,793 1230,795 1271,800 1312,804 1353,809 1394,815 1436,822"/>
                <TextEquiv>
                    <Unicode>zur Roßhaar und Kölsch aber seyn sie</Unicode>
                </TextEquiv>
            </TextLine>
            <TextLine id="r2l5" custom="readingOrder {index:4;}">
                <Coords points="531,892 561,898 578,913 612,895 631,902 664,881 713,899 755,880 773,883 772,838 756,839 727,812 687,806 666,808 619,837 573,827 529,831"/>
                <Baseline points="537,876 562,875 587,875 613,875 638,874 663,873 689,872 714,872 739,870 765,870"/>
                <TextEquiv>
                    <Unicode>unschuldig.</Unicode>
                </TextEquiv>
            </TextLine>
            <TextLine id="r2l6" custom="readingOrder {index:5;}">
                <Coords points="535,1030 1151,1004 1453,1042 1453,942 1273,910 536,915"/>
                <Baseline points="543,1010 588,1010 633,1008 678,1007 723,1005 768,1004 813,1003 859,1002 904,1001 949,999 994,999 1039,999 1084,999 1129,1001 1175,1002 1220,1004 1265,1007 1310,1010 1355,1015 1400,1020 1446,1028"/>
                <TextEquiv>
                    <Unicode>Ob Sie dan der Fr. Laufferen nicht Roß¬</Unicode>
                </TextEquiv>
            </TextLine>
            <TextLine id="r2l7" custom="readingOrder {index:6;}">
                <Coords points="536,1104 767,1073 824,1097 873,1084 942,1127 1107,1082 1270,1086 1269,1032 1242,1016 1064,1027 1016,1005 935,1041 812,1006 764,1046 700,1026 644,1054 581,1025 535,1049"/>
                <Baseline points="543,1076 579,1075 615,1074 651,1073 687,1073 723,1071 759,1071 795,1070 831,1068 867,1068 903,1068 939,1067 975,1067 1011,1067 1047,1067 1083,1068 1119,1068 1155,1070 1191,1071 1227,1073 1263,1074"/>
                <TextEquiv>
                    <Unicode>haar zum Verkaufft angebotten.</Unicode>
                </TextEquiv>
            </TextLine>
            <TextLine id="r2l8" custom="readingOrder {index:7;}">
                <Coords points="529,1205 1211,1186 1373,1222 1393,1145 1219,1120 1064,1155 894,1117 722,1144 529,1129"/>
                <Baseline points="536,1184 578,1182 620,1181 663,1179 705,1178 748,1176 790,1175 833,1175 875,1173 918,1173 960,1173 1002,1175 1045,1175 1087,1176 1130,1177 1172,1179 1215,1181 1257,1183 1300,1185 1342,1188 1385,1191"/>
                <TextEquiv>
                    <Unicode>Ja, sie habe Commission gehabt, Sie zu</Unicode>
                </TextEquiv>
            </TextLine>
            <TextLine id="r2l9" custom="readingOrder {index:8;}">
                <Coords points="531,1292 1145,1256 1396,1294 1396,1210 1306,1235 1243,1190 1128,1227 890,1192 663,1235 530,1212"/>
                <Baseline points="537,1259 579,1256 622,1254 664,1253 707,1252 750,1250 792,1250 835,1248 877,1248 920,1247 963,1247 1005,1247 1048,1247 1090,1247 1133,1248 1176,1248 1218,1250 1261,1252 1303,1253 1346,1255 1389,1257"/>
                <TextEquiv>
                    <Unicode>fragen, ob sie Roß haar kauffe, habe</Unicode>
                </TextEquiv>
            </TextLine>
            <TextLine id="r2l10" custom="readingOrder {index:9;}">
                <Coords points="536,1344 720,1378 801,1382 844,1345 908,1348 959,1385 1005,1369 1064,1380 1062,1273 925,1302 769,1273 670,1314 616,1282 565,1295 535,1280"/>
                <Baseline points="542,1337 567,1337 593,1335 619,1335 644,1334 670,1334 696,1332 721,1332 747,1331 773,1331 799,1329 824,1329 850,1329 876,1328 901,1328 927,1328 953,1328 978,1328 1004,1329 1030,1329 1056,1331"/>
                <TextEquiv>
                    <Unicode>aber noch keines gehabt.</Unicode>
                </TextEquiv>
            </TextLine>
            <TextLine id="r2l11" custom="readingOrder {index:10;} person {offset:33; length:9; continued:true;}">
                <Coords points="536,1488 849,1481 908,1513 970,1479 1039,1519 1107,1475 1363,1520 1470,1491 1470,1453 1286,1398 1195,1409 1118,1367 799,1433 536,1361"/>
                <Baseline points="543,1478 589,1478 635,1478 681,1477 727,1476 773,1475 819,1475 865,1473 911,1472 957,1472 1003,1470 1049,1470 1095,1470 1141,1470 1187,1471 1233,1472 1279,1473 1325,1476 1371,1479 1417,1482 1464,1487"/>
                <TextEquiv>
                    <Unicode>Es werde auch von Ierl. Landvogt Tscharner</Unicode>
                </TextEquiv>
            </TextLine>
            <TextLine id="r2l12" custom="readingOrder {index:11;} person {offset:0; length:8; continued:true;}">
                <Coords points="521,1575 569,1549 894,1583 949,1550 1029,1572 1148,1547 1174,1572 1444,1575 1444,1524 1170,1474 1039,1519 810,1478 764,1507 521,1505"/>
                <Baseline points="528,1548 573,1548 618,1548 664,1547 709,1547 755,1547 800,1547 846,1545 891,1545 937,1545 982,1545 1027,1545 1073,1545 1118,1547 1164,1547 1209,1547 1255,1548 1300,1549 1346,1550 1391,1552 1437,1553"/>
                <TextEquiv>
                    <Unicode>von Reüd Köchi geklaget, es seye ihr ein</Unicode>
                </TextEquiv>
            </TextLine>
            <TextLine id="r2l13" custom="readingOrder {index:12;}">
                <Coords points="527,1646 844,1648 871,1674 919,1650 957,1679 1042,1628 1178,1626 1257,1661 1441,1631 1441,1580 1339,1556 1269,1598 1140,1560 1019,1594 831,1571 721,1610 617,1566 526,1587"/>
                <Baseline points="533,1628 578,1628 623,1629 668,1629 713,1629 758,1629 803,1629 848,1628 893,1628 938,1626 983,1626 1028,1625 1073,1625 1118,1624 1163,1623 1208,1623 1253,1623 1298,1623 1343,1623 1388,1625 1434,1626"/>
                <TextEquiv>
                    <Unicode>möscherner Mörstel samt Stempfel und</Unicode>
                </TextEquiv>
            </TextLine>
            <TextLine id="r2l14" custom="readingOrder {index:13;}">
                <Coords points="503,1737 642,1751 687,1721 1156,1766 1204,1733 1311,1766 1477,1726 1477,1660 1430,1631 1123,1676 1001,1655 971,1683 840,1647 787,1683 656,1645 503,1681"/>
                <Baseline points="510,1704 558,1707 606,1709 654,1710 702,1710 750,1712 798,1712 846,1712 894,1712 942,1712 990,1712 1038,1710 1086,1710 1134,1710 1182,1710 1230,1709 1278,1709 1326,1709 1374,1710 1422,1710 1470,1712"/>
                <TextEquiv>
                    <Unicode>ein küpffe aus der Kuchin entwendet worden.</Unicode>
                </TextEquiv>
            </TextLine>
            <TextLine id="r2l15" custom="readingOrder {index:14;}">
                <Coords points="509,1868 575,1867 659,1824 724,1863 748,1839 821,1828 974,1847 974,1748 883,1736 802,1773 745,1772 709,1750 656,1772 587,1731 508,1749"/>
                <Baseline points="515,1826 540,1826 565,1826 590,1826 615,1826 640,1826 666,1826 691,1826 716,1826 741,1826 766,1826 791,1826 817,1826 842,1826 867,1826 892,1826 917,1824 942,1824 968,1824"/>
                <TextEquiv>
                    <Unicode>Wiße nichts davon.</Unicode>
                </TextEquiv>
            </TextLine>
            <TextLine id="r2l16" custom="readingOrder {index:15;} person {offset:4; length:25;}">
                <Coords points="538,1967 617,2001 826,1977 883,2005 1090,2004 1297,1964 1437,1990 1438,1916 1259,1894 1132,1922 963,1888 731,1927 607,1877 538,1902"/>
                <Baseline points="545,1950 589,1954 633,1958 677,1961 722,1964 766,1965 810,1967 855,1968 899,1968 943,1968 988,1970 1032,1968 1076,1968 1120,1968 1165,1968 1209,1967 1253,1965 1298,1965 1342,1964 1386,1962 1431,1961"/>
                <TextEquiv>
                    <Unicode>das Johannes Bischoff bergers Weib habe</Unicode>
                </TextEquiv>
            </TextLine>
            <TextLine id="r2l17" custom="readingOrder {index:16;}">
                <Coords points="522,2056 1372,2072 1465,2043 1465,1991 946,2014 521,1991"/>
                <Baseline points="528,2036 574,2039 621,2040 667,2041 714,2042 760,2043 807,2043 853,2043 900,2043 946,2043 993,2042 1039,2042 1086,2042 1132,2040 1179,2039 1225,2039 1272,2037 1318,2036 1365,2035 1411,2033 1458,2033"/>
                <TextEquiv>
                    <Unicode>angezeigt, Es habe von ihr Inge zwey Zwä¬</Unicode>
                </TextEquiv>
            </TextLine>
            <TextLine id="r2l18" custom="readingOrder {index:17;}">
                <Coords points="515,2143 1392,2110 1391,2077 1306,2051 1229,2081 1041,2062 995,2098 930,2062 764,2107 614,2072 514,2088"/>
                <Baseline points="522,2118 565,2120 608,2121 651,2121 694,2121 737,2121 780,2121 824,2121 867,2121 910,2120 953,2120 996,2118 1039,2118 1082,2117 1126,2115 1169,2114 1212,2112 1255,2111 1298,2110 1341,2109 1385,2108"/>
                <TextEquiv>
                    <Unicode>helein, und 5. Thee Keßel, und ihr</Unicode>
                </TextEquiv>
            </TextLine>
            <TextLine id="r2l19" custom="readingOrder {index:18;}">
                <Coords points="497,2204 736,2202 803,2242 948,2202 1121,2199 1165,2228 1489,2187 1488,2139 1358,2119 1291,2151 1101,2125 746,2165 496,2139"/>
                <Baseline points="504,2193 552,2195 601,2196 650,2198 699,2199 748,2199 797,2199 846,2199 895,2199 944,2198 993,2197 1041,2196 1090,2195 1139,2192 1188,2191 1237,2189 1286,2186 1335,2184 1384,2181 1433,2178 1482,2175"/>
                <TextEquiv>
                    <Unicode>Mann 2. Heider und zwey Rastenkungen</Unicode>
                </TextEquiv>
            </TextLine>
            <TextLine id="r2l20" custom="readingOrder {index:19;}">
                <Coords points="517,2316 539,2319 585,2295 612,2319 655,2293 717,2322 747,2314 748,2211 706,2227 673,2219 645,2244 601,2246 557,2233 518,2249"/>
                <Baseline points="524,2274 551,2276 578,2276 605,2277 632,2277 659,2277 686,2277 713,2277 740,2280"/>
                <TextEquiv>
                    <Unicode>erhandelt.</Unicode>
                </TextEquiv>
            </TextLine>
            <TextLine id="r2l21" custom="readingOrder {index:20;}">
                <Coords points="513,2447 596,2406 791,2432 921,2399 1013,2427 1355,2412 1458,2393 1457,2338 1314,2321 1220,2359 1154,2336 1005,2362 925,2324 713,2358 572,2327 511,2357"/>
                <Baseline points="519,2406 565,2405 612,2402 658,2400 705,2400 752,2399 798,2397 845,2397 891,2396 938,2395 985,2394 1031,2394 1078,2393 1124,2391 1171,2391 1218,2390 1264,2387 1311,2385 1357,2384 1404,2381 1451,2378"/>
                <TextEquiv>
                    <Unicode>der Thee Keßel die Zwähelin und die Sie¬</Unicode>
                </TextEquiv>
            </TextLine>
            <TextLine id="r2l22" custom="readingOrder {index:21;}">
                <Coords points="508,2486 681,2486 771,2528 915,2483 1163,2497 1216,2468 1258,2493 1461,2459 1460,2397 1352,2441 1253,2410 1159,2452 986,2426 935,2450 864,2418 775,2460 675,2416 507,2444"/>
                <Baseline points="515,2477 564,2477 613,2477 663,2477 712,2477 762,2476 811,2475 860,2475 910,2474 959,2472 1009,2472 1058,2470 1108,2469 1157,2467 1206,2465 1256,2463 1305,2460 1355,2458 1404,2455 1454,2451"/>
                <TextEquiv>
                    <Unicode>senkungen seyn, ihr eigen gewesten, dem</Unicode>
                </TextEquiv>
            </TextLine>
            <TextLine id="r2l23" custom="readingOrder {index:22;}">
                <Coords points="504,2584 603,2556 803,2581 984,2548 1061,2584 1435,2546 1433,2476 1275,2480 1238,2512 903,2488 781,2528 502,2485"/>
                <Baseline points="510,2550 555,2550 601,2552 647,2552 693,2552 739,2552 785,2552 830,2552 876,2550 922,2550 968,2549 1014,2549 1060,2547 1106,2546 1151,2544 1197,2543 1243,2541 1289,2539 1335,2537 1381,2534 1427,2531"/>
                <TextEquiv>
                    <Unicode>Mann aber, habe sie vier Grunder ver¬</Unicode>
                </TextEquiv>
            </TextLine>
            <TextLine id="r2l24" custom="readingOrder {index:23;}">
                <Coords points="511,2681 627,2637 696,2663 836,2638 880,2675 984,2654 1087,2670 1182,2652 1182,2559 974,2595 849,2572 661,2595 577,2572 511,2598"/>
                <Baseline points="518,2633 550,2631 583,2631 616,2631 649,2631 682,2631 715,2630 747,2630 780,2630 813,2630 846,2630 879,2630 912,2631 945,2631 977,2631 1010,2631 1043,2631 1076,2631 1109,2631 1142,2631 1175,2631"/>
                <TextEquiv>
                    <Unicode>kauffet, wie sie schon gesagt</Unicode>
                </TextEquiv>
            </TextLine>
            <TextLine id="r2l25" custom="readingOrder {index:24;}">
                <Coords points="509,2794 746,2793 796,2827 859,2794 1087,2790 1167,2824 1216,2790 1423,2778 1423,2726 1244,2700 1143,2751 1016,2716 833,2753 669,2710 508,2721"/>
                <Baseline points="516,2783 561,2783 606,2784 651,2785 696,2786 741,2787 786,2788 831,2789 876,2789 921,2790 966,2790 1011,2789 1056,2789 1101,2787 1146,2786 1191,2783 1236,2780 1281,2777 1326,2772 1371,2767 1416,2760"/>
                <TextEquiv>
                    <Unicode>Ob Sie der Frau ablin nicht auch eine</Unicode>
                </TextEquiv>
            </TextLine>
            <TextLine id="r2l26" custom="readingOrder {index:25;}">
                <Coords points="514,2889 726,2870 811,2894 853,2870 988,2896 1022,2868 1276,2865 1275,2841 1120,2796 793,2829 752,2797 678,2837 606,2803 514,2818"/>
                <Baseline points="521,2862 558,2863 595,2864 633,2864 670,2865 708,2865 745,2866 782,2867 820,2867 857,2867 895,2867 932,2867 969,2867 1007,2867 1044,2865 1082,2865 1119,2864 1156,2862 1194,2860 1231,2858 1269,2856"/>
                <TextEquiv>
                    <Unicode>seidene Robe verkauffen wollen.</Unicode>
                </TextEquiv>
            </TextLine>
            <TextLine id="r2l27" custom="readingOrder {index:26;}">
                <Coords points="502,3043 663,3027 705,3057 817,3037 1001,3075 1101,3029 1355,3070 1479,2996 1478,2925 1242,2988 1071,2965 938,2995 826,2963 625,2988 500,2937"/>
                <Baseline points="509,3017 557,3018 605,3021 653,3023 701,3025 749,3026 797,3027 846,3029 894,3029 942,3030 990,3029 1038,3029 1086,3027 1134,3026 1183,3023 1231,3021 1279,3017 1327,3012 1375,3006 1423,3001 1472,2993"/>
                <TextEquiv>
                    <Unicode>Sie habe ihr die ihrige, so nur halb seitig seye,</Unicode>
                </TextEquiv>
            </TextLine>
            <TextLine id="r2l28" custom="readingOrder {index:27;}">
                <Coords points="488,3130 550,3117 572,3139 611,3116 691,3149 729,3117 824,3151 868,3124 942,3144 981,3119 1047,3132 1048,3090 998,3099 953,3056 824,3076 658,3044 490,3061"/>
                <Baseline points="495,3101 522,3104 549,3105 576,3106 604,3107 631,3108 658,3108 686,3110 713,3111 740,3111 768,3113 795,3113 822,3113 849,3114 877,3114 904,3114 931,3115 959,3116 986,3116 1013,3117 1041,3117"/>
                <TextEquiv>
                    <Unicode>zum Kauff angetragen.</Unicode>
                </TextEquiv>
            </TextLine>
            <TextLine id="r2l29" custom="readingOrder {index:28;}">
                <Coords points="513,3287 820,3285 894,3320 1279,3299 1478,3255 1475,3169 1091,3247 980,3214 511,3226"/>
                <Baseline points="519,3272 566,3273 614,3273 661,3275 709,3276 756,3278 804,3279 851,3279 899,3281 946,3281 994,3281 1042,3279 1089,3278 1137,3276 1184,3272 1232,3268 1279,3262 1327,3256 1374,3248 1422,3239 1470,3228"/>
                <TextEquiv>
                    <Unicode>Ob dienen der Stadt kein anderes gut gehalten</Unicode>
                </TextEquiv>
            </TextLine>
            <TextLine id="r2l30" custom="readingOrder {index:29;}">
                <Coords points="510,3399 1152,3395 1417,3358 1416,3299 1253,3292 1166,3326 1052,3300 981,3336 909,3307 725,3324 508,3297"/>
                <Baseline points="516,3354 560,3354 605,3356 649,3358 694,3360 739,3362 783,3363 828,3365 873,3366 917,3368 962,3368 1007,3368 1051,3367 1096,3366 1141,3363 1185,3359 1230,3355 1275,3350 1319,3343 1364,3334 1409,3324"/>
                <TextEquiv>
                    <Unicode>da sie sich zugezogen, als ihre Wohnung.</Unicode>
                </TextEquiv>
            </TextLine>
            <TextLine id="r2l31" custom="readingOrder {index:30;}">
                <Coords points="493,3550 516,3545 531,3558 544,3559 558,3550 572,3552 587,3540 602,3546 629,3532 678,3543 679,3499 665,3496 647,3479 633,3490 619,3488 603,3473 598,3477 578,3466 568,3470 526,3436 496,3433"/>
                <Baseline points="501,3515 529,3516 558,3518 586,3518 615,3519 643,3519 672,3518"/>
                <TextEquiv>
                    <Unicode>Mein</Unicode>
                </TextEquiv>
            </TextLine>
            <TextEquiv>
                <Unicode>Gnädigen Frau Schultheiß in von Erlach
verkauffet, und die Rubans bethe alt seyn,
habe die Jgfr. Terrin ihr selbst gegeben.
zur Roßhaar und Kölsch aber seyn sie
unschuldig.
Ob Sie dan der Fr. Laufferen nicht Roß¬
haar zum Verkaufft angebotten.
Ja, sie habe Commission gehabt, Sie zu
fragen, ob sie Roß haar kauffe, habe
aber noch keines gehabt.
Es werde auch von Ierl. Landvogt Tscharner
von Reüd Köchi geklaget, es seye ihr ein
möscherner Mörstel samt Stempfel und
ein küpffe aus der Kuchin entwendet worden.
Wiße nichts davon.
das Johannes Bischoff bergers Weib habe
angezeigt, Es habe von ihr Inge zwey Zwä¬
helein, und 5. Thee Keßel, und ihr
Mann 2. Heider und zwey Rastenkungen
erhandelt.
der Thee Keßel die Zwähelin und die Sie¬
senkungen seyn, ihr eigen gewesten, dem
Mann aber, habe sie vier Grunder ver¬
kauffet, wie sie schon gesagt
Ob Sie der Frau ablin nicht auch eine
seidene Robe verkauffen wollen.
Sie habe ihr die ihrige, so nur halb seitig seye,
zum Kauff angetragen.
Ob dienen der Stadt kein anderes gut gehalten
da sie sich zugezogen, als ihre Wohnung.
Mein</Unicode>
            </TextEquiv>
        </TextRegion>
        <TextRegion orientation="0.0" id="r3" custom="readingOrder {index:2;}">
            <Coords points="1583,380 1583,3285 2729,3285 2729,380"/>
            <TextLine id="r3l1" custom="readingOrder {index:0;}">
                <Coords points="2570,447 2603,467 2627,451 2636,458 2661,453 2680,454 2685,460 2699,450 2714,453 2721,383 2694,378 2689,371 2668,381 2653,372 2630,385 2613,376 2596,382 2577,377"/>
                <Baseline points="2580,425 2605,427 2631,428 2657,432 2683,435 2709,437"/>
                <TextEquiv>
                    <Unicode>45.</Unicode>
                </TextEquiv>
            </TextLine>
            <TextLine id="r3l2" custom="readingOrder {index:1;}">
                <Coords points="1690,603 1932,581 2100,612 2144,579 2432,571 2646,597 2737,578 2735,503 2528,502 2410,543 2125,468 1964,532 1874,509 1689,566"/>
                <Baseline points="1697,599 1748,592 1800,586 1851,582 1903,578 1955,575 2006,573 2058,572 2109,572 2161,570 2213,570 2264,570 2316,570 2367,570 2419,570 2471,570 2522,570 2574,569 2625,567 2677,565 2729,561"/>
                <TextEquiv>
                    <Unicode>Wo der Mann dann seine anderen Kleider habe.</Unicode>
                </TextEquiv>
            </TextLine>
            <TextLine id="r3l3" custom="readingOrder {index:2;}">
                <Coords points="1582,658 1591,657 1611,639 1626,646 1634,643 1655,649 1683,636 1663,537 1652,537 1647,545 1620,547 1594,570 1585,567 1578,573 1565,574"/>
                <Baseline points="1583,626 1612,621 1641,614 1671,609"/>
                <TextEquiv>
                    <Unicode>Pr.</Unicode>
                </TextEquiv>
            </TextLine>
            <TextLine id="r3l4" custom="readingOrder {index:3;}">
                <Coords points="1694,785 2008,735 2685,742 2684,693 2328,694 2140,654 1971,691 1806,646 1692,698"/>
                <Baseline points="1700,755 1748,751 1797,747 1846,744 1895,741 1944,740 1993,738 2042,737 2091,737 2140,735 2189,735 2237,735 2286,734 2335,734 2384,734 2433,732 2482,732 2531,731 2580,730 2629,728 2678,726"/>
                <TextEquiv>
                    <Unicode>Außert einer blauen Veste und einen alten</Unicode>
                </TextEquiv>
            </TextLine>
            <TextLine id="r3l5" custom="readingOrder {index:4;}">
                <Coords points="1581,792 1589,790 1594,793 1610,780 1624,776 1631,768 1639,767 1647,773 1654,773 1645,688 1638,688 1624,706 1616,704 1601,717 1590,715 1582,722 1574,723"/>
                <Baseline points="1586,773 1616,771 1646,767"/>
                <TextEquiv>
                    <Unicode>A.</Unicode>
                </TextEquiv>
            </TextLine>
            <TextLine id="r3l6" custom="readingOrder {index:5;} person {offset:16; length:9;}">
                <Coords points="1685,837 1780,860 2016,814 2595,826 2625,819 2624,772 2228,748 2163,778 2060,743 1683,785"/>
                <Baseline points="1691,827 1737,823 1783,820 1830,817 1876,814 1922,812 1969,810 2015,809 2061,809 2108,807 2154,807 2200,806 2247,806 2293,806 2339,806 2386,804 2432,804 2478,803 2525,803 2571,801 2618,800"/>
                <TextEquiv>
                    <Unicode>Rot, so bey dem Schneider, habe er keinen</Unicode>
                </TextEquiv>
            </TextLine>
            <TextLine id="r3l7" custom="readingOrder {index:6;}">
                <Coords points="1705,905 2700,900 2698,827 2545,815 2426,854 2190,818 2068,864 2014,823 1777,863 1704,839"/>
                <Baseline points="1712,899 1761,896 1810,893 1859,891 1908,890 1957,888 2006,888 2055,887 2104,887 2153,887 2202,887 2251,887 2300,885 2349,885 2398,885 2447,884 2496,882 2545,881 2594,879 2643,876 2693,873"/>
                <TextEquiv>
                    <Unicode>andere Kleider, als die so er auf dem Leib</Unicode>
                </TextEquiv>
            </TextLine>
            <TextLine id="r3l8" custom="readingOrder {index:7;}">
                <Coords points="1699,1036 1706,1036 1737,1004 1745,1010 1773,1009 1806,988 1821,994 1829,987 1846,995 1857,992 1856,956 1842,962 1828,954 1813,957 1797,947 1784,949 1771,938 1758,939 1737,922 1717,931 1695,929"/>
                <Baseline points="1703,986 1732,983 1761,981 1791,980 1820,980 1850,980"/>
                <TextEquiv>
                    <Unicode>ftrage.</Unicode>
                </TextEquiv>
            </TextLine>
            <TextLine id="r3l9" custom="readingOrder {index:8;}">
                <Coords points="1709,1176 2656,1111 2653,1048 2512,1063 2464,1036 2054,1042 1941,1121 1706,1102"/>
                <Baseline points="1715,1148 1761,1146 1808,1145 1855,1142 1901,1140 1948,1139 1995,1136 2041,1134 2088,1131 2135,1129 2182,1127 2228,1125 2275,1122 2322,1121 2368,1118 2415,1115 2462,1113 2508,1110 2555,1108 2602,1106 2649,1104"/>
                <TextEquiv>
                    <Unicode>In welcher Verrichtung Sie gewesen, als Sie</Unicode>
                </TextEquiv>
            </TextLine>
            <TextLine id="r3l10" custom="readingOrder {index:9;}">
                <Coords points="1596,1192 1633,1190 1638,1185 1651,1192 1699,1174 1689,1104 1681,1105 1671,1098 1668,1102 1662,1098 1655,1102 1637,1099 1609,1127 1587,1134"/>
                <Baseline points="1598,1163 1628,1159 1658,1154 1688,1151"/>
                <TextEquiv>
                    <Unicode>Pr</Unicode>
                </TextEquiv>
            </TextLine>
            <TextLine id="r3l11" custom="readingOrder {index:10;}">
                <Coords points="1698,1246 1810,1268 1867,1260 1950,1212 2119,1214 2131,1211 2129,1160 2063,1145 2000,1179 1979,1160 1950,1176 1909,1147 1854,1157 1794,1198 1715,1185 1696,1195"/>
                <Baseline points="1704,1220 1730,1217 1756,1215 1782,1214 1809,1213 1835,1211 1861,1210 1887,1209 1914,1208 1940,1206 1966,1205 1992,1205 2019,1203 2045,1203 2071,1202 2097,1201 2124,1200"/>
                <TextEquiv>
                    <Unicode>angehalten worden.</Unicode>
                </TextEquiv>
            </TextLine>
            <TextLine id="r3l12" custom="readingOrder {index:11;} person {offset:24; length:7;}">
                <Coords points="1594,1387 2002,1364 2062,1408 2114,1370 2305,1386 2443,1346 2710,1370 2708,1323 2586,1268 2365,1327 2281,1283 1591,1300"/>
                <Baseline points="1601,1379 1656,1376 1711,1374 1766,1373 1821,1370 1876,1368 1931,1366 1986,1364 2041,1361 2096,1359 2151,1356 2206,1355 2261,1353 2316,1351 2371,1349 2426,1347 2481,1346 2536,1344 2591,1344 2646,1343 2702,1343"/>
                <TextEquiv>
                    <Unicode>a. Sie habe zu der frau Gentzer, der küferin,</Unicode>
                </TextEquiv>
            </TextLine>
            <TextLine id="r3l13" custom="readingOrder {index:12;}">
                <Coords points="1713,1500 1826,1454 1940,1477 2045,1446 2282,1485 2440,1429 2553,1433 2552,1393 2447,1366 2363,1408 2309,1385 2057,1408 2025,1378 1888,1406 1710,1394"/>
                <Baseline points="1719,1455 1760,1454 1801,1451 1843,1449 1884,1448 1925,1448 1967,1446 2008,1445 2049,1445 2091,1443 2132,1442 2173,1442 2215,1440 2256,1439 2297,1438 2339,1437 2380,1434 2421,1432 2463,1430 2504,1425 2546,1422"/>
                <TextEquiv>
                    <Unicode>die sterblich krank lige, gehen wollen.</Unicode>
                </TextEquiv>
            </TextLine>
            <TextLine id="r3l14" custom="readingOrder {index:13;}">
                <Coords points="1721,1633 1981,1600 2076,1629 2166,1593 2484,1612 2667,1578 2665,1505 2495,1559 2300,1517 2177,1549 1946,1514 1717,1542"/>
                <Baseline points="1727,1611 1773,1608 1820,1605 1866,1602 1913,1601 1960,1599 2006,1597 2053,1596 2100,1593 2146,1593 2193,1591 2240,1589 2286,1587 2333,1586 2380,1584 2426,1580 2473,1577 2520,1575 2566,1571 2613,1566 2660,1562"/>
                <TextEquiv>
                    <Unicode>Ob ihr man nicht genauen Umgang mit</Unicode>
                </TextEquiv>
            </TextLine>
            <TextLine id="r3l15" custom="readingOrder {index:14;}">
                <Coords points="1598,1665 1607,1661 1626,1668 1632,1658 1654,1662 1664,1655 1670,1658 1686,1653 1662,1556 1650,1562 1642,1558 1629,1577 1603,1583 1595,1580 1589,1588 1579,1589"/>
                <Baseline points="1598,1637 1634,1624 1670,1619"/>
                <TextEquiv>
                    <Unicode>Se</Unicode>
                </TextEquiv>
            </TextLine>
            <TextLine id="r3l16" custom="readingOrder {index:15;}">
                <Coords points="1700,1701 1973,1681 2006,1707 2195,1665 2422,1685 2544,1654 2541,1591 2423,1617 2157,1605 2093,1640 1947,1612 1867,1661 1758,1631 1698,1656"/>
                <Baseline points="1706,1685 1747,1683 1789,1682 1830,1679 1872,1677 1913,1676 1955,1673 1996,1671 2038,1670 2079,1668 2121,1667 2163,1665 2204,1662 2246,1661 2287,1658 2329,1656 2370,1654 2412,1652 2453,1650 2495,1647 2537,1644"/>
                <TextEquiv>
                    <Unicode>seinem Schwager Humbert gehabt.</Unicode>
                </TextEquiv>
            </TextLine>
            <TextLine id="r3l17" custom="readingOrder {index:16;}">
                <Coords points="1703,1830 1714,1829 1733,1837 1745,1829 1759,1833 1773,1829 1777,1833 1795,1822 1812,1828 1824,1825 1824,1759 1794,1762 1789,1756 1773,1761 1754,1756 1739,1767 1703,1760"/>
                <Baseline points="1709,1818 1736,1817 1763,1818 1790,1818 1817,1818"/>
                <TextEquiv>
                    <Unicode>Nein.</Unicode>
                </TextEquiv>
            </TextLine>
            <TextLine id="r3l18" custom="readingOrder {index:17;}">
                <Coords points="1581,1841 1591,1842 1598,1838 1613,1848 1616,1846 1633,1853 1649,1850 1644,1763 1626,1761 1594,1780 1578,1778"/>
                <Baseline points="1587,1827 1614,1827 1641,1824"/>
                <TextEquiv>
                    <Unicode>2</Unicode>
                </TextEquiv>
            </TextLine>
            <TextLine id="r3l19" custom="readingOrder {index:18;}">
                <Coords points="1712,1992 2002,2006 2117,1961 2191,1998 2337,1944 2577,1973 2642,1929 2724,1932 2720,1869 2568,1901 2430,1861 1708,1927"/>
                <Baseline points="1718,1979 1770,1977 1823,1974 1875,1973 1928,1969 1980,1967 2033,1964 2086,1961 2138,1958 2191,1954 2243,1950 2296,1947 2348,1944 2401,1941 2454,1938 2506,1935 2559,1932 2611,1928 2664,1926 2717,1923"/>
                <TextEquiv>
                    <Unicode>Ob Sie nicht bekantschaft mit einem frem¬</Unicode>
                </TextEquiv>
            </TextLine>
            <TextLine id="r3l20" custom="readingOrder {index:19;}">
                <Coords points="1594,2018 1619,2012 1628,2005 1639,2014 1653,2005 1667,2010 1685,2006 1672,1911 1666,1911 1655,1923 1648,1922 1630,1936 1596,1923 1581,1925"/>
                <Baseline points="1598,1997 1624,1993 1650,1988 1676,1988"/>
                <TextEquiv>
                    <Unicode>Pri</Unicode>
                </TextEquiv>
            </TextLine>
            <TextLine id="r3l21" custom="readingOrder {index:20;} person {offset:17; length:15;}">
                <Coords points="1706,2072 2715,2022 2713,1971 2516,1957 2313,1969 2262,2010 2137,1984 1968,2023 1799,1982 1704,2017"/>
                <Baseline points="1712,2049 1761,2049 1811,2048 1861,2048 1911,2046 1961,2044 2010,2042 2060,2040 2110,2037 2160,2036 2210,2033 2259,2030 2309,2028 2359,2025 2409,2023 2459,2021 2508,2019 2558,2017 2608,2015 2658,2013 2708,2012"/>
                <TextEquiv>
                    <Unicode>den Tischmacher, Nahmens Wißrofs by habe.</Unicode>
                </TextEquiv>
            </TextLine>
            <TextLine id="r3l22" custom="readingOrder {index:21;}">
                <Coords points="1710,2221 1809,2245 1851,2212 2114,2200 2230,2241 2336,2195 2526,2240 2686,2199 2684,2128 2500,2116 2144,2170 2074,2141 1844,2150 1777,2112 1707,2135"/>
                <Baseline points="1716,2207 1764,2207 1812,2207 1860,2205 1908,2204 1956,2202 2004,2201 2053,2199 2101,2198 2149,2196 2197,2195 2245,2193 2293,2192 2341,2190 2390,2189 2438,2187 2486,2186 2534,2186 2582,2184 2630,2184 2679,2184"/>
                <TextEquiv>
                    <Unicode>Anderst nicht, als weil Er auch eine Drifienne</Unicode>
                </TextEquiv>
            </TextLine>
            <TextLine id="r3l23" custom="readingOrder {index:22;}">
                <Coords points="1590,2228 1602,2227 1612,2232 1622,2224 1628,2226 1637,2220 1648,2218 1643,2138 1621,2147 1615,2153 1603,2149 1584,2155"/>
                <Baseline points="1595,2204 1640,2201"/>
                <TextEquiv>
                    <Unicode>e.</Unicode>
                </TextEquiv>
            </TextLine>
            <TextLine id="r3l24" custom="readingOrder {index:23;}">
                <Coords points="1709,2309 2482,2287 2479,2210 2328,2240 2287,2216 2251,2247 2157,2224 2110,2256 2031,2228 1912,2237 1831,2276 1707,2245"/>
                <Baseline points="1715,2289 1754,2291 1794,2291 1834,2291 1874,2289 1914,2289 1954,2288 1994,2286 2034,2284 2074,2282 2114,2280 2154,2278 2194,2276 2234,2274 2274,2272 2314,2270 2354,2268 2394,2267 2434,2267 2474,2267"/>
                <TextEquiv>
                    <Unicode>geheürathet, haben Sie ihm gekennet.</Unicode>
                </TextEquiv>
            </TextLine>
            <TextLine id="r3l25" custom="readingOrder {index:24;}">
                <Coords points="1697,2451 1773,2482 1847,2451 1913,2479 2018,2444 2707,2437 2704,2379 2642,2362 2548,2391 1694,2382"/>
                <Baseline points="1704,2448 1753,2448 1803,2447 1853,2447 1903,2445 1952,2444 2002,2442 2052,2439 2102,2437 2151,2435 2201,2433 2251,2430 2301,2428 2350,2425 2400,2423 2450,2421 2500,2419 2549,2417 2599,2415 2649,2414 2699,2412"/>
                <TextEquiv>
                    <Unicode>Auf ernstliche Instanz verbliebe Sie auf allem</Unicode>
                </TextEquiv>
            </TextLine>
            <TextLine id="r3l26" custom="readingOrder {index:25;}">
                <Coords points="1719,2537 2109,2518 2185,2551 2325,2502 2618,2522 2642,2456 2328,2439 2205,2473 2061,2453 1968,2490 1716,2473"/>
                <Baseline points="1725,2526 1770,2525 1816,2523 1861,2522 1907,2520 1952,2518 1998,2516 2043,2514 2089,2511 2134,2510 2180,2508 2226,2506 2271,2504 2317,2502 2362,2500 2408,2498 2453,2496 2499,2495 2544,2493 2590,2490 2636,2490"/>
                <TextEquiv>
                    <Unicode>vorbeschriebenen, mit Erhärten, daß Sie die</Unicode>
                </TextEquiv>
            </TextLine>
            <TextLine id="r3l27" custom="readingOrder {index:26;}">
                <Coords points="1715,2611 1963,2633 2072,2603 2628,2583 2606,2514 2432,2514 2378,2547 1713,2548"/>
                <Baseline points="1722,2600 1769,2599 1816,2598 1863,2597 1911,2596 1958,2595 2005,2593 2053,2591 2100,2590 2147,2588 2195,2586 2242,2583 2289,2582 2337,2580 2384,2577 2431,2576 2479,2573 2526,2571 2573,2568 2621,2567"/>
                <TextEquiv>
                    <Unicode>Wosch nicht selbst gestohlen, sonder von der</Unicode>
                </TextEquiv>
            </TextLine>
            <TextLine id="r3l28" custom="readingOrder {index:27;} person {offset:0; length:5;}">
                <Coords points="1721,2688 1841,2673 1888,2692 2029,2665 2087,2690 2163,2661 2211,2665 2209,2608 2156,2602 2118,2634 2021,2609 1953,2634 1897,2617 1841,2644 1805,2623 1769,2637 1719,2617"/>
                <Baseline points="1728,2670 1753,2671 1778,2672 1803,2672 1828,2672 1853,2672 1878,2672 1903,2670 1928,2669 1953,2668 1978,2667 2003,2666 2028,2664 2053,2662 2078,2661 2103,2660 2128,2660 2153,2660 2178,2660 2204,2660"/>
                <TextEquiv>
                    <Unicode>Jidin erhandelt habe.</Unicode>
                </TextEquiv>
            </TextLine>
            <TextLine id="r3l29" custom="readingOrder {index:28;}">
                <Coords points="2425,3296 2459,3301 2484,3285 2500,3288 2530,3275 2545,3277 2543,3182 2532,3182 2524,3191 2510,3186 2499,3189 2465,3206 2423,3204"/>
                <Baseline points="2432,3263 2458,3260 2484,3257 2510,3257 2537,3263"/>
                <TextEquiv>
                    <Unicode>5t</Unicode>
                </TextEquiv>
            </TextLine>
            <TextEquiv>
                <Unicode>45.
Wo der Mann dann seine anderen Kleider habe.
Pr.
Außert einer blauen Veste und einen alten
A.
Rot, so bey dem Schneider, habe er keinen
andere Kleider, als die so er auf dem Leib
ftrage.
In welcher Verrichtung Sie gewesen, als Sie
Pr
angehalten worden.
a. Sie habe zu der frau Gentzer, der küferin,
die sterblich krank lige, gehen wollen.
Ob ihr man nicht genauen Umgang mit
Se
seinem Schwager Humbert gehabt.
Nein.
2
Ob Sie nicht bekantschaft mit einem frem¬
Pri
den Tischmacher, Nahmens Wißrofs by habe.
Anderst nicht, als weil Er auch eine Drifienne
e.
geheürathet, haben Sie ihm gekennet.
Auf ernstliche Instanz verbliebe Sie auf allem
vorbeschriebenen, mit Erhärten, daß Sie die
Wosch nicht selbst gestohlen, sonder von der
Jidin erhandelt habe.
5t</Unicode>
            </TextEquiv>
        </TextRegion>
    </Page>
</PcGts>
