3024 4032
322 2110 483 2216 Antb.
325 338 501 435 450
380 1031 490 1131 schei
761 445 1280 584 sten Examen
653 570 935 671 Joh: Rudolff
525 634 1464 761 Mit Daniel Dufreone dem Schumacher
539 735 1481 833 und hiesigem Burger 23. Jahren Alters, ver¬
525 802 1454 896 heyrathet mit Maria Wenger von Thier¬
532 868 1183 968 prächeren, habe keine Kinder¬
541 1001 1381 1117 Es seye bedaurlich und schändlich, daß ein
540 1079 1438 1199 Burger hiesiger Stadt der ein Handwert
542 1174 1463 1285 erlernet, und gestunden starken leibt seye, sich
529 1249 1430 1375 in einen solchen Verdacht gestehet, darfür Er
512 1338 1441 1446 habe müßen gefänglich eingezogen werden.
713 1420 1426 1523 Da nun in seinem Hauß, so viele
515 1488 1396 1603 Sachen gefunden worden, die nunmehr als
512 1577 1453 1673 gestohlen zu seyn erkennet werden, so seye er
509 1663 1465 1777 zu seinem desten ernst meinen ermahnet,
517 1745 1455 1852 alles offenherzig zu bekennen, in wie beit er¬
498 1823 1413 1937 sich in dem einten und andern vergriffen
496 1898 1455 2038 habe, dardurch er er hohen Obrigkeit ged
483 2019 949 2135 sich zuziehen werde?
513 2117 1435 2241 Er möchte wüßen, über welche dieb stahl
508 2209 1438 2317 er beklagt, oder im verdacht seye. Er
513 2291 1435 2396 seiner seits seye deß thalt ganz unschuldig,
507 2365 1418 2467 seye oft etwelche Wochen noch einander nicht zu
492 2448 1473 2569 Hauß, da er auf der Störr arbeite, und dann ver¬
1066 2529 1449 2657 Erst ohnlängst habe
488 2536 958 2651 sehe er die Hochbacht.
508 2605 1428 2711 er vor seiner muter vernommen, sein weib
495 2679 1457 2793 seye des Diebstahls halben so verwichenen Oster,
496 2734 1450 2882 Markt, denen Tyrolleren geschehen, im Ver¬
794 2834 1442 2981 Er habe Sie darauf zu Red ge¬
500 2855 669 2947 dacht.
491 2902 1452 3047 stellt. Sie habe ihm aber alles gelaugnet.
587 3006 1407 3119 er bekenne zwar zwey paar Baumwollene
481 3079 1429 3202 Strumpf zu haben, die sein Weib ihm am Mart
1151 3169 1434 3300 Er wolle durch
485 3199 943 3295 um 20. bz gekauffet.
475 3239 1444 3385 Dreyfache Kundschaft erweisen, daß zu der
477 3324 1392 3462 zeit, da dieser diebstahl geschehen, er des
462 3413 1449 3535 Abends von halber acht ihr weg biß am morgen
464 3455 1496 3619 um 6. Rthr allzeit auf dem großen Rechthung gesehen
1571 2069 1635 2152 A.
1548 492 1684 646 12.
1577 867 1644 962 A.
1575 1646 1663 1754 Ge
2602 352 2725 432 457.
1674 435 2708 590 Wie Er sich so unschuldig und unwiß und dargeben
1697 527 2687 648 dörffe, da doch in Durchsuchung seiner Wohnung
1690 591 2684 708 in seines Stuben, Schäft und Rath, zimlich viele
1682 669 2736 780 Strumpf und Kappen die zum Theil schon getra¬
1688 722 2310 857 igen gewesen, sich erfunden?
1686 833 2726 962 Er habe von diesen Sachen nichts anders gestehen,
1702 889 2737 995 als ein paar Strumpf, und eine kleine Kappen, die
1687 962 2688 1066 er auf seiner Lauben gefunden, solche habe er in
1689 1016 2698 1130 seinen Schaft verbahret, eine große Kappen dann
1686 1096 2729 1197 habe sein Weib an dem Oster Märit in einem
1678 1159 2721 1273 Papeir heimgebracht, mit Verdeüten, sie habe
1683 1250 2685 1333 ſolche gefunden. Selbige habe er auch in ein
1682 1287 2685 1404 Kistlen den Schaft gethan, und niemal getragen
1694 1366 2691 1477 wo sie noch zu finden seyn werden. Welche von
1684 1422 2714 1532 ihme gefundene Sachen ihm auf das hin, was er
1692 1497 2718 1634 von seiner muter gehört, verdächtig vorgekommen.
1681 1591 2671 1750 Es seye allerdings unglaublich, daß er von diesem
1687 1678 2749 1793 diebstahl keine Wüßenschaft haben solle, indeme
1690 1743 2724 1872 zimmlich viele getragene Mans Strümpf, und noch
1696 1816 2623 1909 eine weit größere Quantitaet gantz weiße
1670 1889 2739 1990 Kappen und Strumpf in seiner Wohnung an ver-
1687 1957 2675 2043 dächtigen orten verwahret, entdeket worden.
1676 2043 2629 2172 Er betheüre, daß er keine andere dergleichen
1688 2139 2703 2245 Strumpf habe, als neben denen die Er würtlich
1702 2201 2722 2323 angezogen, noch einstauberes paar, das auf der
1687 2279 2109 2380 Lauben ligen werde.
1719 2355 2745 2479 der Gericht laute dennoch, daß Er öfters mit seinem
1574 2376 1679 2509 Se
1689 2457 2749 2539 Weib am Abens in der Stadt herumziehe, seye also
1701 2508 2727 2618 wohl möglich, daß er die gleiche Nacht zuvor, als
1701 2572 2685 2688 er auf die hohe Wacht gegangen, mit seinem
1687 2625 2703 2726 Weib den Diebstahl in dem Moren Gang habe
1690 2693 2740 2820 verüben helffen, indemme darzu Mannes Kraft
1693 2792 2009 2904 nöthig gebesten.
1575 2885 1656 2963 A.
1695 2878 2684 2998 Er wüße nichts davon, und habe auch darbey
1693 2963 2063 3075 nicht geholffen.
1581 3040 2716 3163 Fr. Welch Logement sie in ihrem Wohnhaus inhaben?
1587 3158 1665 3255 17.
1670 3146 2722 3279 Nur eine Stuben stant Kuche, und die Lauben,
1696 3235 2527 3354 denne auf dem Estrich Plaz für Holze
1701 3333 2472 3459 Ob dieses alles wohl beschloßen seye?
1567 3314 1692 3434 Co¬
2522 3448 2687 3527 Gutb.
