2535 2924
347 31 1257 155 Das man inne dem nachrichter bevälchen,
388 118 1197 213 der inne oberws vf einem laden
401 178 1245 293 gebunden zur gwonlichen richtstatt
387 244 1188 355 schleypfen: ime alda, als einem
399 311 1238 417 wüßenthafften dieben und mörder
398 383 1263 484 mit einem rad syne glider zerstoßen
346 455 1218 547 den cörpel daryn flächten, uf ein
402 523 1248 624 stund in die höche richten, unnd also
393 584 1158 674 inne synem wolverdienen nach,
383 648 1242 742 vom läben zum tod, nach keyserlichem
362 718 1131 810 rächten richten sölle. etc.
296 1875 1067 1999 Uf 22 meyens 1624 sind Anna
332 1954 1071 2048 Tritten, von Zwöysimmen, vnd Elsbeth
327 2020 1077 2094 Käch uß der Herrschafft Nydouw mit
324 2063 1089 2136 dem eyd von statt und land gehüwen
323 2108 1023 2189 gewisen, und volgendts mit ruthen
335 2151 749 2242 ußgehüwen worden.
304 2313 1028 2432 Hans Spräng von Lotzwyl; ist von
326 2416 1033 2493 synes begangenen dritth fhälers wegen
333 2454 967 2535 mit dem eyd von statt und land
323 2496 949 2593 gewisen worden uf 28 meyens.
555 2563 612 2618 NB.
329 2585 1050 2687 Ist imme zil gäben worden bis vf 1. brach¬
301 2643 624 2718 monat 1629.
1502 66 2326 216 Michel Dülbarger
1466 203 2360 352 Ob glychwol gott her himmlische
1477 309 2421 417 vatter, Vns arme ellende sündige
1467 369 2431 490 möntschenn, nit allein durch synen
1460 446 2419 548 diener den heyligen mosen, sonders
1466 506 2339 613 ouch andere syne propheten vnd
1446 568 2330 693 apostel, hin vnd wider an vilen
1403 643 2342 763 underschidenlichen orten göttlicher
1429 721 2243 825 biblischer schrifft, sowol alten
1435 785 2399 894 als nüwen testaments, mit großem
1433 845 2318 961 yfer und ernst vermant. Das
1417 921 2303 1012 wir ein erbar züchtig läbenn
1400 983 2366 1072 fromen handel und wandel füren.
1426 1053 2306 1168 In sonderheyt aber, das ein jeder
1402 1114 2316 1239 syner hochen lieben und natürlichen
1406 1191 2276 1293 oberkeyt (als einer statthalteri
1394 1254 2281 1350 gottes) alle Ehr, Liebe, trüw
1388 1323 2334 1430 und ufrichtigkeyt, mit sonderbarem
1385 1394 2219 1499 flyß, bewysen, vnd erzeigenn
1388 1456 2228 1567 söllint, mit versprächen, wo
1376 1522 2193 1615 wir solches thun, und leysten
1383 1588 2298 1699 er vns nit allein hie zytlich sägnen:
1370 1642 2250 1766 sonders dört ouch ewigklichen heyl,
1355 1728 1926 1819 und sälig machen welle.
1319 1750 2242 1899 So ist doch soliches leyder by vilen
1368 1859 2243 1948 möntschen, nit umb sovil erschießlich
1358 1913 2250 2025 noch bedänklich: dann das dieselben
1359 1975 2193 2079 sich täglich hierwider vergryffend
1310 2037 2183 2146 wie dann gegenwürtig Michel
1326 2111 2169 2225 Düllbärger an statt pflichtig
1309 2172 2182 2286 Denkbarkeyt, von solicher syner
1330 2231 2168 2355 verubten vntrüw, gägen syner
1309 2305 2131 2418 hochen und natürlichen oberkeit
1292 2361 2089 2480 verschiner tagen gfänklich ynzogen.
1309 2420 2057 2544 Und deßhalben uf frytag
1280 2489 2109 2605 den 21. meyens diß louffenden
1289 2548 2075 2652 1624. jars in bywäsenn
1309 2618 2085 2708 anhören, vnd gägenwürtigkeit
1831 2734 1980 2815 des
