2501 3004
809 34 837 95 2
235 61 1129 172 Vnd als er söliches hernach vß irem
241 130 1150 214 bevälch in einem sak alhar in d'statt
234 206 1153 274 getragen, vorhabens söliches zuverkouffen
220 232 1137 347 sye er by dem Goltenmattgassenthor
227 297 1092 388 erwütscht und ergriffenn. Und
217 338 1043 440 deßhalben uf frytag den 21. tag
216 404 1136 494 meyens, diß louffenden 1624 jars,
220 454 1165 571 zu bywäsen anhören und gägenwürtigkeit
181 516 1091 603 des ehrenvesten fromen, fürnämmenn
186 566 1149 680 fürsichtigen, wolgeachten wysen herren,
192 618 1146 727 herren Anthoni Tilliers des kleynen
187 678 1097 784 Rhats, Hans Wolfs der burgeren,
171 742 1065 858 Niclaus Kilchbärgers großweybelen,
204 807 1042 910 sampt etlicher weyblen myner
205 855 1024 966 gnädigen vnd oberen dieneren etc.
204 910 1102 1020 ervorderlichen maßen examiniert
190 969 1115 1084 worden. Hatt domalen ermelter
176 1032 1098 1149 Christen Andres, harnachgeschribne
169 1097 1120 1200 durch inne begangene diebstäl, ouch
189 1174 1093 1254 schwäre mißhandlungen, zu Marzili
193 1210 1097 1315 verjächen, vnd bekhendt: selbige ouch
147 1267 1069 1374 volgendts mit der marter erhalten
191 1316 601 1411 und bestättiget.
270 1386 904 1523 Vnd nammlichen deß ersten
61 1472 1130 1597 So habe er vor vngefar etlich monaten,
176 1548 1021 1651 mit hilf gedachter syner gspanenn
172 1596 1081 1708 an einem imme umbekhanten orth, in
169 1668 1095 1784 einem hus, ußene gaden so offen gsin,
179 1740 1119 1839 ein hut, ein mäßer, ein biel, ein rok,
73 1779 921 1890 vnd ein par hosenbänder genommen.
129 1821 1109 1965 den rok wie auch den hut umb i. Kronen
148 1889 1024 2010 verkoufft, und das erlößte gält mit
154 1945 785 2060 einanderen vertrunken.
99 2001 1041 2174 Dannethin an einem gwüßen orth
90 2094 1122 2241 uß einem spycher, (welcher syn gspan Hans
126 2139 1025 2283 Schiki mit dem biel ufgethan.) ein
127 2206 998 2343 hutzeychen, und ein bsteki mäser
118 2253 1056 2414 die er einem keßler umb 6. batzen
132 2322 682 2425 hingäben etc. entzukt.
78 2438 1109 2548 Item zu Äschi, mit hilf und bystand syner
123 2504 1141 2651 gsellen, zwo geyßen gestolen, volgendts dieselben
-4 2493 114 2607 ii Kronen
121 2544 1108 2695 einem landtman verkoufft, und ds erlößte gält
119 2593 615 2707 mit einandern theylt.
1189 1697 1397 1777 reverenter zumelden
1404 34 2404 166 Abermalen uß einem spycher, etlich
1408 129 2430 226 riemen dürs fleysch genommen, dieselben
1424 173 2343 283 gekochet, vnd mit synen gspanen
1429 253 1625 333 gnoßen.
1437 316 2370 422 Verners vß einem Gaden, welchen
1422 384 2355 486 syn gsell mit dem fus ufgestoßen
1423 436 2413 542 Rinderigs fleysch genommen, dasselbig
1417 487 2362 575 harnach mit einanderen verbrucht.
1373 569 2368 689 Demnach so habe er vor etwas zyts,
1427 657 2398 753 allernächst by kleynismatt mit hilf
1435 710 2340 803 syner gsellen, ein spycher mit dem
1416 757 2452 865 biel ufgebrochen, und darus erstlich
1436 813 2395 921 ein p hosen, ein rok ein stuk käs,
1438 874 2402 976 und ein sythen späk gestolen; welches
1436 951 2391 1029 sy alles mit einanderen gäßen, den
1396 994 2439 1085 rok aber verkoufft und das erlößte gält
1440 1045 2109 1141 vnder einanderen theylt.
1407 1128 2439 1251 uß einem anderen spycher 2 rök 1 käs
1408 1208 2426 1320 1. stuk dürs fleysch, zwöy wyße hembli
1420 1277 2446 1383 1. hut, 1. kragen, und ein mannengürtel
1422 1314 1718 1400 entwänt.
1381 1408 2414 1530 Aber uß einem spycher ein par Hosen
1419 1475 2385 1605 (darinnen gsin) 2. Kronen gsin), gestolen.
1376 1575 2423 1685 Item als er und syne gspanen abermal
1414 1636 2400 1752 ein spycher ufbrächen wellen, habe
1411 1695 2431 1841 ein hund demassen gebullen, das sy
1396 1751 2239 1886 aldry davon fliechen müßen.
1404 1825 2397 1982 Vernes so habe er mit bystand syner
1386 1901 2366 2039 gsellen, aber ein spycher geöffnet
1398 1963 2423 2114 und darus 1. p. hosen 1 wammist und
1399 2033 2150 2147 ein mantel entfrombdet.
1368 2107 2434 2285 Zu trub im wirtshus, uß einem hafen
1374 2177 2455 2365 kochets fleysch gnommen, daselbig mit syne
1390 2264 1807 2373 gspanen gässen.
1342 2330 2407 2504 Item daselbst uß einem spycher 6 Kronen
1329 2404 2430 2578 so in einem langen häntschen gsin gestolen,
1363 2480 2433 2642 und volgents ds gält mit einanderen
1359 2520 1585 2630 theylt.
