1179 2981
13 595 118 697 rberi
84 637 147 699 2.
1041 28 1128 101 9.
154 90 1090 215 gachten welsen herren hr. HRudoff
141 172 1128 310 eiger, deß rahts herren anthoni Kecher
165 224 1139 379 der Bergeren, wie auch hr. Großweybel
140 306 1120 447 frütig, in bysyn etlicher weiblen, ir
119 374 1136 505 g dieneren zu Marzili mit der Marter
143 455 1122 578 Uber daß ein und ander auch ires bißhar
165 521 1127 644 gefüerten cabwösens halber alles erstel
153 602 1067 736 ernstes gefragt und examiniert worden,
179 715 1139 854 daselbsten sy bekenttend versächen, solches
155 810 1087 907 auch mit der Marther erhalten unnd
150 865 1137 974 bestätiget, Nemlicher und des ersten
120 930 1121 1031 Waar syn was sy angezogner vorigen
113 988 962 1090 hieliger gefangenschafft bekent,
137 1094 1093 1159 Ienmach were sy ouch schon zuuor
151 1140 1034 1232 zu Büren gefangen gelegenn,
151 1205 1067 1291 ursach, sy in einem nachgelegnen
152 1249 1109 1316 dorff daselbsten es anwysen einer
142 1305 1060 1393 gwügen wybsperson, spat uf der
146 1347 1107 1446 nacht ein kader brigen nntfrombdet
151 1401 1069 1499 wellche frouw auch daselbige vmb
157 1453 1037 1548 ein brouen verkaufft, Ira der
158 1518 1070 1602 gefangenen aber mitzit daruon
144 1573 1101 1652 dem gelt werden laten, uß wellcher
154 1617 1082 1707 gefangenschafft, sya ir vater ge
122 1674 1081 1778 elost, also das iro hierüber mitzie
127 1732 764 1825 veerners widerfaren,
112 1779 1011 1909 Nochmalen vor gemalter erster
135 1867 1025 1965 hiesiger gefangenschafft, auch zu
135 1917 1029 2023 Solotsurn gefencklich ynzogen
127 1970 1056 2073 worden, wegen sy daselbstann,
117 2033 1004 2125 mit hilff einer dienstmagdt,
109 2077 1092 2181 dem wirt zur Tiegen, ain zunn
131 2133 1054 2244 blatli, etliche bragen einrork
126 2179 1084 2290 vnd zwey golter entwendt, darob
111 2251 1033 2346 sy ebenmagig ergriften, vnnd
134 2287 1102 2427 nach lang ufgestaudener gefangen
107 2337 1020 2449 schafft zwey for von der Stat
111 2395 1095 2535 Solothurn mit dem Eydt vwisen
110 2448 336 2515 worden,
128 2505 1095 2672 ber dig hat sy auch reerners veren
110 2590 981 2689 sächen, das sy leestrerschmen
136 2624 1080 2745 Zorpstes, an Thim Aiem Lonren
128 2696 1068 2813 einstuck kös ein gruns gupli
122 2740 1056 2863 ein eyigs bar ermel einstüek
119 2795 1056 2933 brodt und ein kleins ehnigshäfele
