1220 3021
64 184 1142 344 hienorgemelt, ward auch hanß Stöchl
79 267 1136 412 Wß dem Buggisperg, deß lobgemeltsen
83 338 1151 504 Hanß Oßwaldts von Kuntz pürtig
66 418 1131 577 Schwofger, alhie in Margili synlich
78 467 1068 613 geeraminiert und alda durch ine
94 574 688 728 bekhendt, wie volget
75 760 1126 893 Namlich war syn, das berurter
91 879 1098 997 Hanß Oßwald syn schwäger mit
92 942 1107 1070 sampt syner firnen zum anderen
98 1023 1118 1137 mall zu ime in syn hußhaltung kom
65 1089 1109 1222 en, daselbsten sy inne uberredt, daß
117 1177 1091 1306 er nit inen uf die Guggisperger
78 1261 1057 1394 allmendt gangen, alda sy beide
598 1342 745 1388 daelben
12 1348 1084 1457 emlich syn schwager und  cnen vier
98 1425 1137 1549 Roß gefangen, vnd denselben halffte
107 1496 1040 1613 reß, welche sn schwäger schon
73 1547 97 1600 11
108 1570 1093 1688 zu Schwarzenburg gekhonfft ghan,
113 1632 1116 1767 angelegt, er zwar inen zugelagt.
97 1707 1037 1846 jedoch aber gantz Nützit geholffen
109 1786 1117 1897 dißere zier roßnan habende sy alle
84 1881 1050 1989 weie mit einanderen ganmeldei
107 1940 1100 2075 geführtt und daselbsten umb 24 dablo
105 2022 1109 2149 men und 5 f juken verthauffen and, daß
109 2109 1083 2220 gelt under sich getheilt, ußwelchen
105 2168 1103 2304 synem antheill er verschinen imspags
108 2243 998 2374 alhie uff dem wärnt ein fühli
67 2334 1070 2452 welches er für sich behalten wellen
94 2393 1089 2515 umb 18 ß und ein seken und umb
94 2475 1067 2588 den Überresf spyt, item thuchzug
86 2539 1075 2660 hembderto und 2 par schu erkhoufft
100 2610 1103 2722 jedoch syende by sine in siner behendig
87 2683 1105 2778 ung auch noch by den 22 jarbon
109 2736 765 2838 gefunden worden.
