1179 3026
990 25 1067 90 93
54 76 976 231 Abermahlen gemeltem Innekeren
88 141 1059 282 ampistblen entwendet, welche pestolen
77 198 877 346 erumb 18 batzen vnd kaufft.
69 294 1068 491 Im Buchholterberg, alls er daselbsten
74 383 1075 558 gearbeittet michell anthonen unnd
92 428 1065 599 dem muber jedem und käs gestolen.
72 538 509 664 und verbrucht,
78 614 1028 788 Dem Brachscheyder zu Thunub
66 709 1044 859 der stuben, alls er ie gearleütet
117 787 1080 928 einseyten weehr smpt dem gchenkt
117 858 1022 995 ein pfundt buchsenbulffe und etlich
112 939 837 1076 blbg kuglenn entfrömbdet
89 1057 1022 1182 Wäters und zum lesten hat er auch
120 1128 1053 1251 bekent habe sich in einem schandtlichen
120 1203 1080 1317 bössen vn chestonlichen willenn wider
111 1276 1041 1400 gottes dess almechtigen gesatz vnnd
114 1350 1079 1444 verbott allen geoffenbareten rechten
112 1413 1085 1521 statuten und ordtnungen, auch vkent
109 1477 1083 1597 schlichem geschlacht und nater zu widerer
96 1563 1010 1678 uelongast in einem holtztener
101 1649 1021 1747 von walckringen mit einer grawen
113 1700 1049 1828 pfärdtin, so synes vatters gesin vnnd
105 1775 1071 1916 glych hernachser kaufft worden unlhrist
114 1865 823 1974 tenlicher wys vergangen
117 1975 927 2115 ff soliche sin deß gemantenn
112 2076 1033 2189 Bendicht Wantzenrindts, bekönte,
108 2154 1013 2260 unnd verzachne obschechliche und er¬
109 2217 1071 2337 sehrockliche mißhandtlungen habendt
114 2287 1087 2426 hochgenambt nun ade hen schuldthey
110 2365 1095 2500 räht und Burger diser loblichen statt
111 2437 1084 2584 dern uff ihren eydtzu recht erkent
133 2530 554 2644 sund gesprochen
80 2630 1062 2825 D als man Inne dem Nachrichten be¬
521 2758 620 2809 oben
115 2730 980 2896 felichen der inne uff gewohnliche
112 2821 1077 2975 richtstatt füren, ime allda syn
