<?xml version="1.0" encoding="UTF-8" standalone="yes"?>
<PcGts xmlns="http://schema.primaresearch.org/PAGE/gts/pagecontent/2013-07-15" xmlns:xsi="http://www.w3.org/2001/XMLSchema-instance" xsi:schemaLocation="http://schema.primaresearch.org/PAGE/gts/pagecontent/2013-07-15 http://schema.primaresearch.org/PAGE/gts/pagecontent/2013-07-15/pagecontent.xsd">
    <Metadata>
        <Creator>prov=University of Rostock/Institute of Mathematics/CITlab|PLANET AI GmbH/Gundram Leifert/gundram.leifert@planet-ai.de:name=German_Kurrent_XVI-XVIII_M1(htr_id=19584)::::v=2.6.7
prov=University of Rostock/Institute of Mathematics/CITlab|PLANET AI GmbH/Tobias Gruening/tobias.gruening@planet-ai.de:name=de.uros.citlab.module.baseline2polygon.B2PSeamMultiOriented:v=2.6.7
prov=University of Rostock/Institute of Mathematics/CITlab|PLANET AI GmbH/Gundram Leifert/gundram.leifert@planet-ai.de:name=German_Kurrent_XVI-XVIII_M1(htr_id=19584)::::v=2.6.7
prov=University of Rostock/Institute of Mathematics/CITlab|PLANET AI GmbH/Tobias Gruening/tobias.gruening@planet-ai.de:name=de.uros.citlab.module.baseline2polygon.B2PSeamMultiOriented:v=2.6.7
prov=University of Rostock/Institute of Mathematics/CITlab|PLANET AI GmbH/Tobias Gruening/tobias.gruening@planet-ai.de:name=/net_tf/LA73_249_0mod360.pb:de.uros.citlab.segmentation.CITlab_LA_ML:v=2.6.6
prov=University of Rostock/Institute of Mathematics/CITlab|PLANET AI GmbH/Tobias Gruening/tobias.gruening@planet-ai.de:name=/net_tf/LA73_249_0mod360.pb:de.uros.citlab.segmentation.CITlab_LA_ML:v=2.6.6
Transkribus</Creator>
        <Created>2020-10-05T21:45:00.339+02:00</Created>
        <LastChange>2022-09-09T15:50:25.377+02:00</LastChange>
        <TranskribusMetadata docId="1334815" pageId="52359473" pageNr="50" tsid="114641222" status="IN_PROGRESS" userId="9570" imgUrl="https://files.transkribus.eu/Get?id=IOTTYSCDPSTFVBQUBBZCAQQP&amp;fileType=view" xmlUrl="https://files.transkribus.eu/Get?id=GYCDONENSBHSKGVSKKLDWVWE" imageId="16091592"/>
    </Metadata>
    <Page imageFilename="IMG_8871.jpg" imageWidth="1186" imageHeight="3170">
        <ReadingOrder>
            <OrderedGroup id="ro_1687513789749" caption="Regions reading order">
                <RegionRefIndexed index="0" regionRef="r1"/>
                <RegionRefIndexed index="1" regionRef="r2"/>
            </OrderedGroup>
        </ReadingOrder>
        <TextRegion orientation="0.0" id="r1" custom="readingOrder {index:0;}">
            <Coords points="38,0 38,99 95,99 95,0"/>
            <TextLine id="r1l1" custom="readingOrder {index:0;}">
                <Coords points="28,84 44,86 54,80 60,80 80,65 101,65 104,23 96,23 74,-3 64,5 35,-3"/>
                <Baseline points="38,45 66,45 95,49"/>
                <TextEquiv>
                    <Unicode>0</Unicode>
                </TextEquiv>
            </TextLine>
            <TextEquiv>
                <Unicode>0</Unicode>
            </TextEquiv>
        </TextRegion>
        <TextRegion orientation="0.0" id="r2" custom="readingOrder {index:1;}">
            <Coords points="54,103 54,2988 1184,2988 1184,103"/>
            <TextLine id="r2l1" custom="readingOrder {index:0;}">
                <Coords points="201,183 273,146 524,136 602,185 825,138 913,147 979,200 1042,168 1168,208 1169,156 975,80 761,115 670,67 487,114 445,82 360,107 204,74"/>
                <Baseline points="209,141 256,140 304,140 351,138 399,137 447,136 494,135 542,134 590,133 637,133 685,133 733,134 780,135 828,138 876,141 923,145 971,151 1019,158 1066,166 1114,175 1162,187"/>
                <TextEquiv>
                    <Unicode>sy beyden übernacht gelegen, in derselben nach</Unicode>
                </TextEquiv>
            </TextLine>
            <TextLine id="r2l2" custom="readingOrder {index:1;} place {offset:0; length:4;}">
                <Coords points="198,232 410,215 523,258 677,214 752,265 824,223 998,225 1137,267 1154,187 894,197 811,142 676,193 541,144 449,193 308,180 276,146 199,185"/>
                <Baseline points="205,212 252,213 299,213 346,213 393,212 440,211 487,210 534,209 581,208 628,207 675,206 722,206 769,207 816,209 863,211 910,214 957,219 1004,224 1051,231 1098,239 1146,250"/>
                <TextEquiv>
                    <Unicode>zurn eherin hafen ein barschuch ein barwellin</Unicode>
                </TextEquiv>
            </TextLine>
            <TextLine id="r2l3" custom="readingOrder {index:2;}">
                <Coords points="202,290 259,281 348,330 454,279 612,316 791,282 847,327 910,288 1150,333 1127,264 900,259 870,227 780,260 613,225 517,259 464,219 344,211 293,257 204,236"/>
                <Baseline points="209,277 255,277 302,277 349,276 396,276 442,275 489,275 536,274 583,274 629,274 676,275 723,275 770,277 816,279 863,282 910,285 957,290 1003,294 1050,300 1097,308 1144,316"/>
                <TextEquiv>
                    <Unicode>streuff und ein gippenn entfrombdet welche</Unicode>
                </TextEquiv>
            </TextLine>
            <TextLine id="r2l4" custom="readingOrder {index:3;}">
                <Coords points="199,374 333,350 451,387 572,341 695,405 772,352 855,391 1052,362 1166,405 1167,348 1104,314 1044,344 885,298 837,331 502,291 336,333 202,289"/>
                <Baseline points="207,343 254,344 302,345 349,345 397,346 445,345 492,345 540,345 588,345 635,345 683,345 731,345 778,346 826,348 874,350 921,352 969,357 1017,361 1064,367 1112,373 1160,381"/>
                <TextEquiv>
                    <Unicode>stuck aber glych hernach den jenigen videne</Unicode>
                </TextEquiv>
            </TextLine>
            <TextLine id="r2l5" custom="readingOrder {index:4;}">
                <Coords points="196,449 241,426 272,454 315,463 349,433 435,408 541,429 623,419 658,403 658,386 618,383 574,342 546,366 532,354 509,369 494,354 450,392 402,355 361,382 328,351 286,375 249,347 195,385"/>
                <Baseline points="202,410 227,411 252,412 277,412 302,412 327,412 352,412 377,412 402,411 427,411 452,410 477,410 502,409 527,409 552,409 577,409 602,409 627,409 652,410"/>
                <TextEquiv>
                    <Unicode>zugesteldt worden.</Unicode>
                </TextEquiv>
            </TextLine>
            <TextLine id="r2l6" custom="readingOrder {index:5;}">
                <Coords points="151,529 422,543 456,577 537,529 824,530 898,581 990,540 1028,573 1061,543 1132,556 1133,503 951,449 868,489 690,450 574,500 512,454 437,480 378,444 315,491 242,434 151,493"/>
                <Baseline points="157,525 205,527 253,528 302,528 350,527 399,526 447,525 496,524 544,523 593,521 641,520 689,519 738,518 786,518 835,519 883,521 932,523 980,527 1029,532 1077,537 1126,545"/>
                <TextEquiv>
                    <Unicode>ferners hat sy aich bekent, daß sy sich zwar</Unicode>
                </TextEquiv>
            </TextLine>
            <TextLine id="r2l7" custom="readingOrder {index:6;}">
                <Coords points="200,615 276,637 345,600 419,622 627,592 762,601 807,638 892,601 1157,637 1157,582 1027,571 993,537 917,581 815,534 765,573 595,524 483,581 388,545 335,574 201,545"/>
                <Baseline points="207,594 254,595 301,595 348,596 395,595 442,595 489,595 537,594 584,594 631,593 678,593 725,593 772,593 819,594 867,595 914,597 961,599 1008,602 1055,606 1102,610 1150,616"/>
                <TextEquiv>
                    <Unicode>ledigerwys mit 12 manspersonken darund</Unicode>
                </TextEquiv>
            </TextLine>
            <TextLine id="r2l8" custom="readingOrder {index:7;}">
                <Coords points="193,693 334,667 432,713 558,666 667,695 784,671 893,717 1097,675 1165,705 1165,664 1064,606 1022,638 898,604 725,646 701,620 519,641 446,613 411,639 350,601 284,646 193,642"/>
                <Baseline points="199,667 249,667 299,667 350,667 400,666 451,666 501,665 552,665 602,664 653,664 703,664 754,664 804,665 855,666 905,667 956,668 1006,671 1057,674 1107,678 1158,682"/>
                <TextEquiv>
                    <Unicode>domahlen iren vier in der Er gsin, zu vnder</Unicode>
                </TextEquiv>
            </TextLine>
            <TextLine id="r2l9" custom="readingOrder {index:8;}">
                <Coords points="186,767 446,731 514,771 637,741 700,795 806,769 935,792 988,761 1130,766 1131,708 996,692 936,723 828,684 707,708 574,683 452,717 335,667 187,704"/>
                <Baseline points="193,739 239,738 286,737 332,736 379,735 425,735 472,735 518,734 565,734 611,735 658,735 705,736 751,737 798,738 844,739 891,741 937,743 984,745 1030,747 1077,750 1124,753"/>
                <TextEquiv>
                    <Unicode>scheidlichem mahlen in huryhppegkeit und</Unicode>
                </TextEquiv>
            </TextLine>
            <TextLine id="r2l10" custom="readingOrder {index:9;}">
                <Coords points="174,832 263,810 289,832 315,813 462,812 538,858 611,805 625,810 624,753 577,742 535,770 502,748 465,775 421,758 366,762 321,736 252,781 172,759"/>
                <Baseline points="180,817 205,814 231,812 257,809 283,808 308,807 334,806 360,806 386,806 411,807 437,807 463,807 489,807 514,806 540,806 566,804 592,802 618,800"/>
                <TextEquiv>
                    <Unicode>unzucht vertrefft</Unicode>
                </TextEquiv>
            </TextLine>
            <TextLine id="r2l11" custom="readingOrder {index:10;} person {offset:22; length:15;}">
                <Coords points="186,941 305,936 345,968 439,906 652,967 735,915 959,909 1026,967 1157,924 1157,889 911,801 777,868 647,819 528,883 400,839 326,874 248,824 185,873"/>
                <Baseline points="192,924 242,922 292,919 343,916 393,914 444,913 494,911 545,909 595,908 646,907 696,907 747,906 797,906 848,907 898,907 949,908 999,910 1050,911 1100,913 1151,916"/>
                <TextEquiv>
                    <Unicode>ff diße der gesachten Verena Lathenen</Unicode>
                </TextEquiv>
            </TextLine>
            <TextLine id="r2l12" custom="readingOrder {index:11;}">
                <Coords points="203,1044 314,990 525,982 674,1030 791,980 1121,998 1152,991 1152,927 1022,969 829,919 770,955 702,927 655,966 520,918 347,969 241,937 202,961"/>
                <Baseline points="209,992 255,991 302,989 349,987 396,985 443,983 490,982 536,980 583,979 630,978 677,977 724,976 771,976 818,976 864,976 911,977 958,978 1005,980 1052,981 1099,984 1146,987"/>
                <TextEquiv>
                    <Unicode>schware und hoche mißhandtlungen habende</Unicode>
                </TextEquiv>
            </TextLine>
            <TextLine id="r2l13" custom="readingOrder {index:12;}">
                <Coords points="197,1078 302,1056 383,1106 460,1053 724,1063 763,1038 824,1078 930,1052 981,1094 1049,1054 1102,1101 1155,1094 1154,1027 1121,1009 945,1018 900,984 673,1030 463,983 196,1037"/>
                <Baseline points="203,1056 250,1056 297,1056 344,1055 392,1054 439,1053 486,1051 533,1050 581,1049 628,1047 675,1046 722,1045 770,1044 817,1044 864,1044 911,1044 959,1046 1006,1048 1053,1051 1100,1054 1148,1059"/>
                <TextEquiv>
                    <Unicode>um 93. h und oberen schaldthëys richt,</Unicode>
                </TextEquiv>
            </TextLine>
            <TextLine id="r2l14" custom="readingOrder {index:13;} place {offset:33; length:4;}">
                <Coords points="182,1148 372,1140 403,1167 537,1118 808,1142 915,1114 1147,1151 1147,1113 1065,1072 978,1092 941,1057 836,1085 797,1053 535,1058 400,1109 311,1060 182,1085"/>
                <Baseline points="189,1132 236,1131 284,1129 331,1127 379,1125 426,1123 474,1122 521,1120 569,1118 616,1117 664,1115 712,1115 759,1114 807,1115 854,1115 902,1117 949,1119 997,1122 1044,1125 1092,1131 1140,1136"/>
                <TextEquiv>
                    <Unicode>Vnd burger diser Loblichen statt Bere,</Unicode>
                </TextEquiv>
            </TextLine>
            <TextLine id="r2l15" custom="readingOrder {index:14;}">
                <Coords points="190,1216 299,1241 340,1208 475,1226 527,1200 577,1240 637,1208 716,1259 790,1198 1006,1204 1061,1255 1145,1246 1145,1192 986,1133 931,1167 864,1131 809,1168 758,1124 712,1148 624,1124 567,1162 507,1126 446,1173 276,1138 190,1168"/>
                <Baseline points="197,1204 244,1203 291,1201 338,1200 385,1199 432,1197 479,1196 526,1195 573,1194 620,1193 667,1193 714,1192 761,1192 808,1193 855,1194 902,1196 949,1198 996,1201 1043,1205 1090,1210 1138,1215"/>
                <TextEquiv>
                    <Unicode>uff ihrem ehdt zu reschtrckendt undge</Unicode>
                </TextEquiv>
            </TextLine>
            <TextLine id="r2l16" custom="readingOrder {index:15;}">
                <Coords points="161,1336 306,1284 447,1325 502,1283 603,1322 708,1279 858,1316 916,1279 1046,1279 1136,1314 1100,1235 1061,1255 997,1222 718,1258 639,1219 598,1252 491,1214 287,1260 224,1207 161,1231"/>
                <Baseline points="167,1286 215,1285 263,1284 311,1283 359,1282 407,1281 455,1279 503,1278 551,1277 599,1276 648,1275 696,1274 744,1274 792,1274 840,1274 888,1275 936,1276 984,1277 1032,1280 1080,1282 1129,1286"/>
                <TextEquiv>
                    <Unicode>sprochen, das man sy dem nachrichter be-</Unicode>
                </TextEquiv>
            </TextLine>
            <TextLine id="r2l17" custom="readingOrder {index:16;}">
                <Coords points="144,1389 288,1398 372,1365 473,1394 640,1345 696,1396 754,1352 841,1351 926,1400 1004,1347 1104,1350 1074,1304 914,1322 752,1290 712,1327 663,1301 591,1335 501,1291 367,1343 297,1289 143,1351"/>
                <Baseline points="151,1373 198,1370 245,1368 293,1365 340,1362 387,1360 435,1358 482,1356 529,1355 577,1353 624,1351 671,1350 719,1349 766,1348 813,1347 861,1346 908,1346 955,1345 1003,1345 1050,1344 1098,1344"/>
                <TextEquiv>
                    <Unicode>welchen der sy oben unß uffgewohnliche</Unicode>
                </TextEquiv>
            </TextLine>
            <TextLine id="r2l18" custom="readingOrder {index:17;}">
                <Coords points="194,1443 243,1435 325,1480 401,1440 530,1435 591,1471 671,1439 718,1476 755,1451 819,1468 863,1435 932,1472 1003,1459 1002,1395 923,1404 849,1347 649,1409 526,1362 467,1399 399,1402 359,1368 194,1405"/>
                <Baseline points="200,1428 239,1429 279,1430 319,1430 359,1430 399,1430 438,1430 478,1430 518,1430 558,1429 598,1428 637,1428 677,1427 717,1426 757,1425 797,1424 836,1422 876,1422 916,1421 956,1420 996,1419"/>
                <TextEquiv>
                    <Unicode>richtsthatt furen, dasebbsten etc.</Unicode>
                </TextEquiv>
            </TextLine>
            <TextLine id="r2l19" custom="readingOrder {index:18;}">
                <Coords points="47,1511 1101,1500 1113,1464 47,1466"/>
                <Baseline points="54,1494 106,1493 159,1492 211,1491 264,1491 317,1491 369,1491 422,1491 475,1492 527,1492 580,1492 633,1492 685,1492 738,1492 791,1492 843,1491 896,1490 949,1490 1001,1488 1054,1486 1107,1484"/>
                <TextEquiv>
                    <Unicode>Ist mit engen uffgeschmeitzt dem caren gebront,</Unicode>
                </TextEquiv>
            </TextLine>
            <TextLine id="r2l20" custom="readingOrder {index:19;}">
                <Coords points="48,1539 1072,1526 1071,1495 1021,1489 697,1518 48,1498"/>
                <Baseline points="54,1531 104,1529 155,1527 205,1525 256,1524 306,1524 357,1524 407,1524 458,1525 508,1525 559,1526 610,1527 660,1527 711,1528 761,1528 812,1528 862,1527 913,1526 963,1524 1014,1522 1065,1519"/>
                <TextEquiv>
                    <Unicode>und volgents mit gemeidt von stat und landt</Unicode>
                </TextEquiv>
            </TextLine>
            <TextLine id="r2l21" custom="readingOrder {index:20;}">
                <Coords points="49,1582 92,1570 184,1585 236,1560 302,1585 363,1562 427,1589 425,1537 403,1528 390,1542 329,1529 301,1546 268,1529 221,1530 187,1550 165,1538 141,1552 124,1538 47,1539"/>
                <Baseline points="55,1569 81,1567 107,1565 133,1563 159,1562 185,1561 211,1560 237,1559 263,1558 289,1558 315,1557 341,1557 367,1557 393,1557 419,1557"/>
                <TextEquiv>
                    <Unicode>ririhen worden,</Unicode>
                </TextEquiv>
            </TextLine>
            <TextLine id="r2l22" custom="readingOrder {index:21;} person {offset:0; length:18;}">
                <Coords points="238,1637 804,1610 1126,1636 1134,1563 924,1582 793,1539 743,1583 678,1549 594,1587 491,1564 413,1595 237,1589"/>
                <Baseline points="244,1627 288,1624 332,1620 376,1618 421,1615 465,1614 509,1612 553,1611 598,1610 642,1610 686,1609 730,1609 775,1609 819,1610 863,1610 907,1611 952,1611 996,1612 1040,1613 1084,1614 1129,1615"/>
                <TextEquiv>
                    <Unicode>Chua Marga Wachter von Ufolte</Unicode>
                </TextEquiv>
            </TextLine>
            <TextLine id="r2l23" custom="readingOrder {index:22;}">
                <Coords points="314,1653 726,1683 858,1637 858,1619 701,1616 607,1638 481,1636 428,1614 408,1630 313,1624"/>
                <Baseline points="320,1644 346,1646 373,1648 399,1650 426,1651 452,1651 479,1652 505,1651 532,1651 558,1651 585,1650 612,1649 638,1649 665,1648 691,1647 718,1647 744,1646 771,1646 797,1646 824,1646 851,1647"/>
                <TextEquiv>
                    <Unicode>ren ziher gehiets.</Unicode>
                </TextEquiv>
            </TextLine>
            <TextLine id="r2l24" custom="readingOrder {index:23;}">
                <Coords points="160,1746 233,1755 305,1716 528,1745 641,1708 844,1746 1016,1707 1151,1740 1151,1686 870,1626 769,1690 357,1648 215,1672 160,1644"/>
                <Baseline points="167,1710 215,1711 264,1712 313,1713 362,1713 411,1712 460,1712 508,1711 557,1711 606,1710 655,1709 704,1708 753,1707 802,1706 850,1706 899,1706 948,1706 997,1706 1046,1707 1095,1708 1144,1710"/>
                <TextEquiv>
                    <Unicode>f zinstag den 22. secembris vorge</Unicode>
                </TextEquiv>
            </TextLine>
            <TextLine id="r2l25" custom="readingOrder {index:24;}">
                <Coords points="196,1802 318,1786 428,1826 479,1797 532,1824 574,1790 734,1784 932,1827 1036,1798 1036,1757 992,1727 879,1753 799,1734 745,1762 662,1721 525,1748 465,1722 377,1768 278,1718 195,1764"/>
                <Baseline points="202,1782 243,1782 284,1782 326,1782 367,1782 409,1782 450,1782 491,1782 533,1782 574,1782 616,1782 657,1782 698,1782 740,1781 781,1781 823,1781 864,1781 905,1780 947,1780 988,1779 1030,1779"/>
                <TextEquiv>
                    <Unicode>meldten erst abgelufen 16 29 jahrs</Unicode>
                </TextEquiv>
            </TextLine>
            <TextLine id="r2l26" custom="readingOrder {index:25;}">
                <Coords points="179,1898 269,1850 395,1891 519,1856 677,1882 913,1856 1001,1885 1139,1867 1140,1834 1069,1796 983,1819 945,1781 889,1821 721,1788 635,1840 578,1805 514,1835 382,1832 337,1791 260,1829 179,1807"/>
                <Baseline points="186,1846 233,1847 280,1848 328,1849 375,1850 422,1851 470,1852 517,1852 564,1853 612,1853 659,1854 706,1854 754,1854 801,1854 848,1854 896,1854 943,1853 990,1853 1038,1852 1085,1851 1133,1849"/>
                <TextEquiv>
                    <Unicode>In bisyn gegenwürdtigkeit und ohn hören</Unicode>
                </TextEquiv>
            </TextLine>
            <TextLine id="r2l27" custom="readingOrder {index:26;}">
                <Coords points="158,1933 247,1916 300,1955 488,1920 564,1963 674,1929 730,1973 878,1937 940,1976 994,1937 1099,1973 1159,1935 1159,1903 1041,1867 949,1913 766,1866 708,1902 601,1860 398,1895 274,1853 159,1879"/>
                <Baseline points="166,1913 215,1914 264,1915 313,1915 363,1916 412,1917 461,1918 511,1919 560,1920 609,1921 659,1922 708,1923 757,1924 806,1925 856,1925 905,1926 954,1927 1004,1927 1053,1927 1102,1927 1152,1927"/>
                <TextEquiv>
                    <Unicode>de ehrenvesten fromen fürnemen fürsichtigen</Unicode>
                </TextEquiv>
            </TextLine>
            <TextLine id="r2l28" custom="readingOrder {index:27;} person {offset:31; length:14;}">
                <Coords points="183,2011 352,1977 473,2034 569,1990 783,2020 832,1992 1046,2005 1090,2041 1171,2008 1173,1951 1048,1978 1003,1940 947,1976 870,1937 746,1975 184,1945"/>
                <Baseline points="191,1967 239,1972 288,1975 337,1978 385,1981 434,1983 483,1985 531,1986 580,1987 629,1988 678,1989 726,1990 775,1990 824,1991 872,1991 921,1992 970,1993 1018,1994 1067,1996 1116,1998 1165,2000"/>
                <TextEquiv>
                    <Unicode>hochgeachten wyssen herren hr. Johannas Wyser</Unicode>
                </TextEquiv>
            </TextLine>
            <TextLine id="r2l29" custom="readingOrder {index:28;} organization {offset:4; length:13;} person {offset:21; length:16;}">
                <Coords points="192,2062 560,2054 655,2096 713,2054 744,2081 1158,2068 1066,2018 835,1994 576,2031 537,1997 456,2036 350,1977 193,2016"/>
                <Baseline points="199,2042 246,2044 294,2046 341,2047 389,2049 437,2050 484,2051 532,2052 580,2052 627,2053 675,2053 723,2054 770,2054 818,2055 866,2055 913,2055 961,2056 1009,2056 1056,2057 1104,2058 1152,2058"/>
                <TextEquiv>
                    <Unicode>deß kleynen rahts hr Sobostian Rohren</Unicode>
                </TextEquiv>
            </TextLine>
            <TextLine id="r2l30" custom="readingOrder {index:29;} organization {offset:4; length:8;} person {offset:32; length:6;}">
                <Coords points="204,2119 837,2155 1010,2134 1077,2172 1189,2146 1191,2081 830,2056 749,2090 572,2064 442,2095 357,2051 205,2084"/>
                <Baseline points="211,2105 259,2107 308,2108 356,2110 405,2111 454,2113 502,2114 551,2116 599,2118 648,2119 697,2120 745,2122 794,2123 842,2124 891,2125 940,2125 988,2126 1037,2126 1085,2126 1134,2125 1183,2125"/>
                <TextEquiv>
                    <Unicode>der Burgeren und hr Großweybell frätig</Unicode>
                </TextEquiv>
            </TextLine>
            <TextLine id="r2l31" custom="readingOrder {index:30;}">
                <Coords points="213,2189 270,2222 393,2180 890,2222 942,2193 1182,2245 1163,2160 1110,2178 941,2131 773,2172 646,2125 503,2167 386,2119 285,2154 216,2115"/>
                <Baseline points="221,2169 268,2171 316,2173 364,2175 412,2177 460,2178 507,2180 555,2182 603,2184 651,2186 699,2187 746,2189 794,2191 842,2193 890,2195 938,2196 985,2198 1033,2200 1081,2203 1129,2205 1177,2207"/>
                <TextEquiv>
                    <Unicode>sampt etlichen weyblen miner g h und ober</Unicode>
                </TextEquiv>
            </TextLine>
            <TextLine id="r2l32" custom="readingOrder {index:31;} person {offset:27; length:9; continued:true;}">
                <Coords points="203,2257 512,2245 545,2277 671,2249 837,2298 951,2265 1175,2303 1191,2251 947,2202 903,2228 785,2197 661,2229 530,2191 204,2215"/>
                <Baseline points="210,2235 258,2235 307,2235 355,2236 404,2237 453,2239 501,2241 550,2243 599,2245 647,2247 696,2249 745,2252 793,2254 842,2256 891,2258 939,2261 988,2262 1037,2264 1085,2265 1134,2266 1183,2266"/>
                <TextEquiv>
                    <Unicode>dienerer hat gegenwürdtige Anna Mara</Unicode>
                </TextEquiv>
            </TextLine>
            <TextLine id="r2l33" custom="readingOrder {index:32;} person {offset:0; length:7; continued:true;} place {offset:12; length:11;}">
                <Coords points="186,2310 310,2338 397,2304 537,2362 606,2326 877,2337 914,2373 959,2340 1165,2352 1167,2314 977,2269 888,2313 713,2301 515,2248 462,2280 262,2246 188,2273"/>
                <Baseline points="193,2300 241,2300 289,2301 338,2302 386,2304 434,2305 483,2307 531,2310 579,2312 628,2315 676,2318 724,2320 773,2323 821,2325 869,2328 918,2330 966,2332 1014,2334 1063,2336 1111,2337 1160,2338"/>
                <TextEquiv>
                    <Unicode>wächter von Offolterrnn ein stundt von</Unicode>
                </TextEquiv>
            </TextLine>
            <TextLine id="r2l34" custom="readingOrder {index:33;} place {offset:0; length:12;}">
                <Coords points="172,2412 269,2376 332,2413 449,2383 798,2397 898,2437 1067,2418 1108,2455 1177,2405 1179,2355 1008,2380 979,2350 913,2373 754,2340 619,2372 488,2332 441,2360 302,2342 265,2309 175,2349"/>
                <Baseline points="180,2375 229,2374 279,2374 328,2375 378,2377 427,2379 477,2381 526,2383 576,2386 625,2388 675,2391 725,2394 774,2396 824,2399 873,2401 923,2402 972,2404 1022,2405 1071,2405 1121,2405 1171,2404"/>
                <TextEquiv>
                    <Unicode>Zürichpürtig ein landtschweiffende wyll</Unicode>
                </TextEquiv>
            </TextLine>
            <TextLine id="r2l35" custom="readingOrder {index:34;} place {offset:11; length:7;} place {offset:26; length:10;}">
                <Coords points="180,2492 236,2454 273,2492 467,2449 676,2509 722,2475 1129,2477 1178,2522 1192,2402 1104,2455 1030,2421 769,2446 683,2403 549,2418 517,2384 182,2430"/>
                <Baseline points="188,2445 237,2444 287,2443 337,2443 387,2444 436,2444 486,2446 536,2447 586,2449 635,2451 685,2453 735,2455 785,2458 834,2460 884,2462 934,2464 984,2465 1033,2467 1083,2468 1133,2468 1183,2468"/>
                <TextEquiv>
                    <Unicode>persohn zu Marzili an der Marterbete</Unicode>
                </TextEquiv>
            </TextLine>
            <TextLine id="r2l36" custom="readingOrder {index:35;}">
                <Coords points="172,2554 258,2525 305,2562 382,2571 491,2512 634,2574 691,2530 838,2546 839,2496 751,2473 661,2505 540,2472 461,2501 364,2451 310,2458 274,2492 235,2453 172,2505"/>
                <Baseline points="179,2521 211,2519 244,2517 276,2516 309,2515 342,2514 374,2514 407,2514 440,2514 472,2515 505,2515 538,2516 570,2517 603,2518 636,2519 668,2520 701,2521 734,2522 766,2523 799,2524 832,2524"/>
                <TextEquiv>
                    <Unicode>vter zachen und erhalten,</Unicode>
                </TextEquiv>
            </TextLine>
            <TextLine id="r2l37" custom="readingOrder {index:36;}">
                <Coords points="171,2647 593,2638 718,2679 831,2633 863,2661 923,2636 960,2674 1145,2645 1145,2616 1015,2573 814,2604 554,2571 495,2608 438,2574 376,2611 219,2541 172,2567"/>
                <Baseline points="178,2632 226,2631 274,2630 322,2629 370,2629 418,2629 466,2630 514,2630 562,2631 610,2632 658,2633 706,2634 754,2635 802,2635 850,2636 898,2636 946,2637 994,2636 1042,2636 1090,2635 1138,2634"/>
                <TextEquiv>
                    <Unicode>alls man vor etwas jahren in pëndten</Unicode>
                </TextEquiv>
            </TextLine>
            <TextLine id="r2l38" custom="readingOrder {index:37;}">
                <Coords points="184,2728 814,2692 931,2700 969,2737 1018,2702 1125,2707 1165,2661 966,2677 841,2639 751,2681 631,2645 559,2673 452,2644 184,2670"/>
                <Baseline points="191,2692 239,2690 287,2690 336,2689 384,2689 432,2689 481,2690 529,2691 577,2691 626,2692 674,2693 722,2694 771,2695 819,2695 867,2695 916,2695 964,2695 1012,2694 1061,2693 1109,2691 1158,2689"/>
                <TextEquiv>
                    <Unicode>gezogen, habe domollen ein soldat </Unicode>
                </TextEquiv>
            </TextLine>
            <TextLine id="r2l39" custom="readingOrder {index:38;} place {offset:3; length:6;}">
                <Coords points="183,2783 383,2759 586,2798 640,2771 687,2811 923,2761 996,2811 1081,2767 1142,2806 1166,2696 1020,2701 958,2741 884,2705 762,2737 722,2702 676,2735 456,2703 361,2742 299,2713 252,2745 182,2730"/>
                <Baseline points="189,2760 237,2759 286,2759 334,2758 383,2758 431,2759 480,2759 528,2760 577,2760 625,2761 674,2761 723,2761 771,2761 820,2761 868,2760 917,2759 965,2757 1014,2755 1062,2752 1111,2749 1160,2745"/>
                <TextEquiv>
                    <Unicode>zn Kürich die er zugesagt mit versprechung</Unicode>
                </TextEquiv>
            </TextLine>
            <TextLine id="r2l40" custom="readingOrder {index:39;}">
                <Coords points="189,2855 290,2829 373,2877 489,2829 709,2840 745,2874 856,2837 963,2867 1135,2820 1135,2761 997,2814 827,2763 687,2811 641,2772 488,2802 383,2758 189,2789"/>
                <Baseline points="195,2824 241,2822 288,2822 334,2822 381,2823 428,2824 474,2825 521,2826 568,2828 614,2829 661,2830 708,2832 754,2832 801,2833 848,2833 894,2832 941,2831 988,2828 1034,2825 1081,2821 1128,2816"/>
                <TextEquiv>
                    <Unicode>sy zu kilchenunldstraßen zu füeren und zu</Unicode>
                </TextEquiv>
            </TextLine>
            <TextLine id="r2l41" custom="readingOrder {index:40;}">
                <Coords points="179,2929 228,2952 288,2902 343,2936 624,2896 738,2942 790,2894 880,2934 1126,2875 1191,2917 1189,2788 998,2873 668,2866 624,2832 400,2875 178,2850"/>
                <Baseline points="185,2899 237,2894 290,2891 342,2889 395,2888 447,2887 500,2888 553,2889 605,2890 658,2891 710,2892 763,2892 815,2892 868,2891 921,2890 973,2886 1026,2882 1078,2876 1131,2868 1184,2859"/>
                <TextEquiv>
                    <Unicode>bestattigung diser erversprogung ira albereite</Unicode>
                </TextEquiv>
            </TextLine>
            <TextLine id="r2l42" custom="readingOrder {index:41;}">
                <Coords points="177,3016 662,2984 820,3010 869,2968 1031,2959 1092,2993 1166,2948 1165,2894 975,2938 852,2930 807,2889 735,2944 580,2907 448,2943 344,2945 294,2904 237,2951 175,2931"/>
                <Baseline points="182,2973 230,2968 279,2963 328,2961 377,2959 426,2957 475,2957 524,2957 573,2957 622,2958 671,2958 719,2959 768,2959 817,2958 866,2958 915,2956 964,2953 1013,2949 1062,2944 1111,2938 1160,2930"/>
                <TextEquiv>
                    <Unicode>ein fingerring werden laßen, mit dem selbe</Unicode>
                </TextEquiv>
            </TextLine>
            <TextEquiv>
                <Unicode>sy beyden übernacht gelegen, in derselben nach
zurn eherin hafen ein barschuch ein barwellin
streuff und ein gippenn entfrombdet welche
stuck aber glych hernach den jenigen videne
zugesteldt worden.
ferners hat sy aich bekent, daß sy sich zwar
ledigerwys mit 12 manspersonken darund
domahlen iren vier in der Er gsin, zu vnder
scheidlichem mahlen in huryhppegkeit und
unzucht vertrefft
ff diße der gesachten Verena Lathenen
schware und hoche mißhandtlungen habende
um 93. h und oberen schaldthëys richt,
Vnd burger diser Loblichen statt Bere,
uff ihrem ehdt zu reschtrckendt undge
sprochen, das man sy dem nachrichter be-
welchen der sy oben unß uffgewohnliche
richtsthatt furen, dasebbsten etc.
Ist mit engen uffgeschmeitzt dem caren gebront,
und volgents mit gemeidt von stat und landt
ririhen worden,
Chua Marga Wachter von Ufolte
ren ziher gehiets.
f zinstag den 22. secembris vorge
meldten erst abgelufen 16 29 jahrs
In bisyn gegenwürdtigkeit und ohn hören
de ehrenvesten fromen fürnemen fürsichtigen
hochgeachten wyssen herren hr. Johannas Wyser
deß kleynen rahts hr Sobostian Rohren
der Burgeren und hr Großweybell frätig
sampt etlichen weyblen miner g h und ober
dienerer hat gegenwürdtige Anna Mara
wächter von Offolterrnn ein stundt von
Zürichpürtig ein landtschweiffende wyll
persohn zu Marzili an der Marterbete
vter zachen und erhalten,
alls man vor etwas jahren in pëndten
gezogen, habe domollen ein soldat 
zn Kürich die er zugesagt mit versprechung
sy zu kilchenunldstraßen zu füeren und zu
bestattigung diser erversprogung ira albereite
ein fingerring werden laßen, mit dem selbe</Unicode>
            </TextEquiv>
        </TextRegion>
    </Page>
</PcGts>
