2448 3264
64 165 208 249 198.
444 405 1125 579 Aanis Pfader kon
526 495 928 630 dierocheren,
299 595 1191 810 Diewylvn gdin am Hans Pfadri
351 698 1131 841 wurtig von dieacheren, einess
308 747 1167 905 Hingen Batlers, welche hum nechst
361 804 1179 985 iiner von wangen in der herr
354 869 1184 1030 khafft Gümplitz by nach 2 andern
351 936 1170 1084 welche aldey großonntel ge¬
343 986 1141 1126 tragen, gefangen, vnd daruber
344 1066 1170 1210 alhar geschickt worden, secher-
345 1139 1166 1262 meliges alhie zumartili ge¬
349 1187 1135 1299 thanes versprechen nit komen,
337 1253 1152 1394 magen, doßwegen befolchen,
294 1314 1153 1442 denselben nochstuert gezigter
348 1375 1161 1501 vnsthaten halben, vnd dlas mit
337 1457 1147 1535 nothwendiger manter zube
324 1507 1142 1612 fragen, welches und gde befelch
343 1575 1192 1688 fargerterlgen tags, dise Trem
398 1636 1162 1735 EE. wolge, wysen herrn Ed
286 1694 1170 1798 Sutdalf Dubi deßs kleinen rats
305 1753 1141 1875 E. Abrothain Spenigler, vnd h.
305 1816 1149 1917 Großweybel frutig, alles
329 1881 1119 1986 ernstes erstaltet, alda er
298 1946 1144 2078 pfäßer bekent und versachen,
281 2043 1162 2199 Wie das er vor etlich paren, un
288 2125 1162 2270 hieracheren, ein twuße mans
303 2180 1176 2296 ssohn, by zuer damalten geherten
340 2241 1182 2388 gefrauwen, ds unküscheit gefunden
274 2309 1139 2431 vnnd daßelbige gern anzeigen
294 2368 1154 2503 wellen, wylen aber er sliches
294 2439 1143 2553 nit bewysen können, hette er
299 2483 1117 2628 arzugeschwigen, und sich vole
294 2543 1134 2699 gents uf dem landt gemacht,
232 2602 1173 2785 nnd also sy wyb und kindt
313 2664 1166 2826 verlaßen, deßwegen syn frau
238 2765 1141 2917 vursachet ward, inner vrüffen
266 2809 1126 2984 zlaßet, welches eruffzwar
250 2864 1101 3042 der wrolgust, were aber
1290 300 2293 585 Ingeacht deßen vfferwartende
1341 420 2303 618 inad hin wider in das land kommen,
1318 498 2266 696 und sich haruf mit syner jetzigen
1325 558 2339 768 Ehefrouwen ehelich versprochen, welche
1337 649 2311 823 ersaber zuuorschon, sy den 3. wuchen
1337 698 2261 867 tirnens wyß vmbhergezogen,
1331 757 2328 935 und sy beide, hartug gan sich zuo kenn
1303 802 2354 1016 bischffts geriets durch einen Pfaffen
1338 913 2196 1097 ehelich zusamen geben lassen,
1280 1043 2358 1250 Betreffent dannethin die Gmelte
1343 1153 2361 1278 3 suntel etc. sye vor etwas wuchen,
1334 1221 2361 1379 zu imme gefangnen und synem gspag
1324 1288 2313 1430 ein jungen starker gsell, syegem
1333 1358 2320 1488 furgeben nach ein Thurgauwer,
1349 1422 2381 1553 kamen, uff welche s anhalten sy mit
1355 1485 2345 1610 einandern in das Fryburger gehpiet,
1338 1566 2272 1668 gan Schaffeltz gangen, daselbsten
1323 1626 2265 1748 der Turbänrer ein sprcher mit
1366 1689 2330 1824 gnen galtschen schlißlen, welches
1360 1749 2330 1855 er gefangne gesechen) vfgethan
1353 1798 2343 1923 und syß dess pfangnen gsell undt
1343 1868 2267 1980 derselbige ein tros herus zu
1348 1935 2331 2048 Auch gefangnen, da er by einem
1236 1975 2377 2138 Klürli mit synem stecken gehüstet
1346 2030 2353 2192 getragen, des Eus heruß genamen,
1319 2087 2326 2261 und 3 puntel daruff gemacht
1338 2157 2298 2316 welches sy gahn Basel daselbsten
1362 2216 2353 2392 unerkauffen tragen welhen, das
1339 2278 2160 2435 Der aber wüße wws für ins
2180 2368 2325 2470 3
1341 2371 2351 2544 beid is disere drypuntel gethan
1340 2413 2323 2581 wube er nit, wol hab nit sy sur
1355 2474 2271 2627 ein beschlagnen gutetal das nas
1354 2536 2350 2721 gegeben, welch ergenomen, vnd
1337 2598 2322 2776 behalten, uß welchem spychen inen
1359 2658 2325 2831 auch ein käß ward, den sy den
1348 2726 2123 2883 mit einanders getheilt
2259 95 2387 191 199.
