1181 3031
21 27 165 111 178.
177 201 1118 396 habe ungefahr vor einem jar mit hilf
220 281 1094 447 Knubelhoussiss ussem dürren graben
222 374 1081 477 (welicher jne angefürt) zuo Ranflü
244 404 1136 557 ein spycher uffgebrochen und uss selbigem
244 467 1098 605 ein rok und etliche wullen wie auch
247 525 1110 642 by zechen massen anken (daruon imme
250 591 1113 709 vieren worden) gestolen, welches aber
261 634 1116 766 alles syn bruoder bezalt unnd guot ge¬
265 686 577 791 macht habe.
266 782 1132 926 Zuo Schwanden mit hilf ermelten synes
268 869 1105 983 g`spannen uss der mülli ein guothen
264 923 1076 1042 theil mäl entzuckt, umb welches
268 971 1103 1094 aber syn stieffmuotter by den 8 kronen be¬
269 1032 615 1133 zalen müssen.
168 1100 1105 1230 Demnach habe er zu Lützelflü mit
260 1182 1120 1296 hilf gedachten synes g`spanen uss Uieli
255 1238 1084 1343 Haffners spycher ein guote anzal
268 1296 1111 1404 dürssfleisch entwent, das ouch glych
277 1357 1111 1451 fals syn bruoder guotmachen und be¬
287 1413 628 1501 zalen müssen.
237 1466 1128 1593 Abermalen mit hilf synes gsellen
254 1550 1103 1648 an der matten hinder Schwanden uss
282 1602 1081 1704 einem käller by 12 massen anken
285 1659 1085 1756 genommen, denselben mit ein anderen
275 1716 1161 1840 getheylt, syn theil aber daheimb verbrucht.
285 1808 1108 1920 Zuo Moss hinder Langnauw aber ein
278 1881 1148 1998 spycher uffgebrochen und daruss zwey
224 1927 1155 2031 mäss hirss und 2 schmärleyben endt¬
282 1995 1150 2127 zukt, das alles hernach mit einandern
275 2050 1175 2193 getheilt und syn particul daheim verbrucht.
229 2158 1159 2316 Glych darnach zuo Rötlispach im düren
259 2249 1152 2364 graben mit hilf obstat uss einens
268 2296 1155 2417 gaden (welches syn gspan uff gebrochen)
276 2350 1158 2481 by den 15 ellen thuoch gestolen, daruss
286 2402 1179 2550 er von synem theil hosen machen lassen.
255 2471 1132 2688 Uff dem Harrisperg aller nechst by
277 2540 1186 2713 Rüdersswyl zwen käsen uss einem käller
