2448 3264
14 203 73 263 36
66 963 195 1026 aber
211 220 1130 399 mit ira zugan angesprochen.
214 323 1103 422 mit versprechung syn fleeren
202 351 1115 472 zumagen, wellches sy gethann
201 402 1156 536 und sy beiden haruf in der satlin
190 460 1133 580 ehegeuer muter zuh gegangere
205 504 1095 609 und daselbsten vier tag genäyt
1001 590 1080 623 aber
142 552 1097 660 Nachdigem syendt sy beideu, uff
220 604 1160 727 anwysung gemelter Satler Eltenn
216 664 1127 776 gan Hapsteren gangen, alda in
235 718 1171 849 einem huß, da sy übernacht gelegen
220 770 1143 883 zu nacht, zwen eheri häfen eid
226 843 1167 946 bar schrich ein bar wullen ttrumipft
226 896 1166 1002 vnd ein gippen enttrömbdet, welche
226 929 1120 1028 stuck diser tagen den jenigen
1056 1005 1102 1036 die
220 987 1148 1090 wider worden sunst habe synge
221 1042 1150 1150 fangene angeszogne satherfy
242 1104 1172 1185 demn offterm alen malen angewesn
239 1149 1180 1240 hi und wider mit jra gan zustald
274 1220 1180 1290 y habe es aber meinalen bewillig.
262 1252 1172 1341 oder thund wellen und über das
256 1307 1167 1393 Ir labenlang nemalen mitzit
259 1360 1162 1434 gestolen, auch so die berürte Satler
262 1433 1155 1501 Als nit gsin, herre sy sich in keinem
231 1458 1170 1559 weg ouch mit dem obberurten dieb¬
236 1519 730 1624 stal vergriffen,
245 1580 1137 1675 Vsserners hat sy ouch bekennt,
190 1645 1183 1733 das sy sich mit hienachgeschrib
259 1687 1167 1769 inenledigen wans personsenn
259 1730 1195 1836 In unküsch und vyrigkeit fleischlich
233 1781 1189 1892 vergangen, alls namlichen mnnt
1118 1917 1149 1965 1
221 1897 1116 2000 ühel Ladrach einem kynger
294 1945 1198 2045 dienet by sonnuel dachhalhofer
304 2000 1189 2087 alhie, wellchem sy uff den Bërg
281 2069 1034 2161 da er gealpet nachgangen,
225 2128 1178 2263 Iten mit einem heist ouch mühel
264 2174 1189 2294 degen zunamen wüse sy midt sy
292 2214 1198 2336 s dem nideren sibenthal wone sunst
286 2273 1184 2404 by sinem vater und köne stätt und
297 2349 1172 2449 villmalen gan thun dasilbsten
301 2434 638 2522 es geschechen,
268 2457 1208 2592 Alber mit einem heist Aschlis Ultschi
310 2532 1151 2644 wonet by dem hr landtvogt zu
259 2591 1165 2706 wnednd, mit welchem sy sich als
299 2609 1210 2751 wie auch zu Cneren In rppigken
279 2676 1207 2825 vertiefft, dann derselbige sy über
294 2737 1186 2870 redt, die f landtvötzty wollle ein
306 2771 1188 2939 jungkt dingen, darumb sy dahi
326 2838 1160 3002 gangen, an welchem orth er syn
337 2912 1206 3035 acht tag lang in der schuren
322 2943 1177 3098 erhalten und tra inen und wie
328 3015 1148 3161 sen bugan für der zeerung
312 3068 1163 3204 Bwaid guldi werden laßene,
2272 70 2371 150 37.
1271 148 2415 393 Alber mit einem heist Bentzenmat¬
1292 191 2429 455 Ultschi von Langnatw zu vilenmalen
1297 315 2346 556 Item mit einem zu Ränffli, deß
1322 365 2343 589 Buren schnyder daselbsten, deten
1318 474 1946 636 vamm wiezu syiert,
1300 497 2316 726 slie einem heist Thöngis Hansi
1320 568 2307 784 dise zwan leesten wonendt zw
1312 608 2451 829 wyrken, in der landtv Trachselwratt
1282 727 2365 959 mie einem heist Gyger Hauße
1342 800 2432 998 an der Gränichenn im Amenthal
1316 947 2329 1108 mie einem heist v lielans, ist zu
1350 1010 2347 1147 Signauw dahein, anderst keine
1369 1067 2339 1200 sy inn nit, weder das man Inne
1362 1123 2305 1254 auch sunst Ziebegger wegen er by
1341 1169 2425 1309 dem junckeren von Liebegg gedienet
1365 1277 1553 1353 nambse
1296 1285 2356 1396 Mit einem heist wichel hentsch, zu
1352 1340 2387 1464 gmeist in der vogty signouw
1311 1425 2400 1550 Mit einem heist wichel Schnyder
1378 1512 2289 1581 oder Schnyder Muhel, ouch zu
1364 1574 2428 1651 Gmeis, vnd beid zn einem hug da¬
1356 1627 1528 1715 selbst.
1337 1697 2413 1809 mie einem heist Hunzar zu Höchsteten
1363 1774 2393 1878 by Christen Steinman ihm dienst,
1332 1862 2305 2005 und lerstlich mit einen heist zu
1378 1926 2406 2058 Schönegg, denselben keine sy wrde
1363 2002 2274 2119 mit töuff noch such zunomen
1356 2053 2404 2260 hunsten habe sich gedachte sattlerch
1364 2144 2362 2294 hienor schon ein guee zyth iu einer
1370 2184 2367 2354 sohne nie Eeer von Widrickgoffenn
1375 2238 2409 2412 zugezogen, daselbst sy gefarr grawe an
1374 2296 2330 2461 allein zwo nacht und nit wylers
1375 2335 1826 2464 übernacht gelegen
1370 2381 2364 2599 Gitter hieruf u g gantz llechenlich
1385 2458 2325 2639 umb genad und verbycheeren, mit
1377 2501 2368 2700 versprechung sich in das grufftig,
1380 2545 2367 2756 vereentlist borlicher helff, gebürlich
1368 2592 2291 2785 uffrecht und redlich zemerhalten.
1328 2670 2405 2942 be ndenn
1377 2744 2388 3011 kleinen stette neiemah uffzogen werenen
1342 2798 2390 3085 such ir straf hernach im mundten blat
