1292 3229
157 47 257 145 186
574 185 1165 347 Hanß Oßpls
620 292 1276 411 purdtig von Cunitz, sonst
636 343 1190 460 genant Lappiger Hanß
295 426 1250 609 herschrirere Surbstirog dene.
364 513 1298 688 pembriss 1030 jahrs in by syn und gege
345 587 1297 715 württigkheidt, der ehrenwesten, frauw
365 643 1300 810 fürninen, fürsichtigen, wolgeachten wysch
355 740 1296 860 Herren, s. Jamel von Werdts Jeß klag
361 788 1277 941 raths, s Chrristoffell Harkbretts, der
367 862 1279 994 Bürgeren, h groß weibell früttigs
345 940 1291 1081 snd etlichr ihr gd dienertn der weiblich
374 1030 1247 1156 hatt gegenimrttiger) hauß
361 1112 1246 1246 Oßwald pürttig von Kinz, hienach
339 1205 1266 1338 bolgende mißhandlungen und verbrachte
350 1273 1278 1416 diebstäl, alhie zu Marzili an der Marte
354 1357 1239 1490 belehendt, versächen und erhalten
341 1425 1245 1560 Namlichen und deß ersten
255 1629 1251 1762 Alß er sitt ungefahr 4 jahren
307 1712 1253 1831 Dasar uff Wylundt j HHanß Rudolf
347 1797 1206 1915 don ehrlachs selligen lächen, In der
358 1859 1251 1998 Herschafft Spietz, welches jehunder
336 1926 1241 2080 Ist gden myn gnädiger herr schuldt
360 2007 1212 2158 heiß von Erlach hatt, bey synen
369 2101 1248 2215 elteren gewonets, syendt zug offeren
326 2154 1241 2290 smalen der predwantt daselbst, item
363 2240 1249 2367 hoch und wolgenampt ihr gda mynel
364 2301 1249 2450 ggnädigen hr schuldtheißen schamner
325 2388 1264 2511 wie auch der weibell der Frayer
329 2478 1247 2616 Im Hoserich zu ime khomen
318 2539 1242 2655 mit welchen er allwegen in ihr ge
334 2620 1220 2748 Deß hr schuldtheißen Keller den
323 2663 1253 2819 der berüette schafner, so die
296 2764 1266 2923 N. Waß den eren predicanten hinaben vermelen.
348 2839 1251 2971 antrifft hatt der mateficant uff ablesung de
347 2891 1258 3036 articalß denselbigen zum anderen mahl widersprt
348 2951 1263 3080 und soliches niemahl bekent ze haben an der krch
344 3011 1259 3174 gaßer offentlich und hernach dem hrrn schelther
581 3112 744 3193 erhalten.
