1214 3003
120 81 240 145 172
303 256 1220 402 enne aber er gefangne und der vorgemeht
313 312 1219 447 Kurtz im sibenthall einem landtman
306 399 1212 525 Ein k�ß uß der sctuben entwendt und den
320 463 1217 589 selben mit ein anderen gnoßen, n
320 510 1198 649 auch dem alten h Gerbers alhie
323 604 1198 736 der schürte, Jaryn sy brachte by sechs
325 656 793 772 nießen getun Cps
308 795 1223 969 Item Ludi Suß dem müller ein kö und
321 901 1216 1029 schmar leiben genommen, Daß Schmei
332 970 1218 1094 einsein schumach alhie umb ein g vekhane
307 1040 1218 1153 der auß aber mit einanderen gloßen
327 1213 1186 1341 Annothin zu Waberen uß eines puren
317 1305 1179 1406 hu� 6 Pfalmen und deselben in h
257 1363 1137 1483 Auulhawi Guders sch�ners versterkt
306 1447 1194 1560 Welche aber daselbst wider hinwegen
299 1507 981 1636 khomen und inen nit word.
259 1675 1208 1810 Am Guggisorvo noch mit einem andere
306 1755 1183 1887 Ihreem ghörnen einem puren ein rapf
317 1838 1180 1949 ancken und einziger, welches
316 1892 1155 2030 Ancken sy zu Ehnn daß l t 2 bz.
306 1984 548 2093 VShonfft,
283 2122 1129 2252 Dethtlich habe er allem hr anthan
320 2210 1173 2322 Güder zu Hollingen, etliche sohn uß
311 2277 1100 2392 synen wagen  unthrünett.
228 2376 1173 2526 Bber Borgeschribne syrre gelhang
303 2480 1128 2586 bekhandtnußen. Ist gesagter hauß
287 2527 1161 2636 Jacob Deß 11 flb e1e6ls mit authen
315 2603 1168 2729 Boß geschmeitzt und nebendt einer
309 2667 1118 2795 gutten cnsur abermalen in syn
297 2729 1090 2861 hennat gewißen worden
