1184 2797
1041 29 1131 100 83.
153 86 1146 226 gestendig syn wollen, sonders sich styff
157 169 1147 263 und starck excusiert, mit vermelden
142 224 1101 321 er dourtet ime schandtlich unracht
149 283 1145 401 thuge, Allls man Ime aber angezagt
146 345 1096 445 das er courtet standthafft daruf
141 415 1035 512 gestorbn und sin leben geeidet
136 464 1074 584 Item ime hauf mit der warter
141 522 1134 629 angehalten worden, Hat er erstlich
132 592 1140 693 erkent, an allen orten, hernach, ver¬
120 657 1097 770 mag des conrtets gethanen vergicht
136 731 1037 803 vnd zum Dricten, specificierlich,
149 783 1112 864 alls zu Grishide unwer von Losanan
140 845 1037 940 Item im jarten nit wylgron
145 899 1053 994 dem closter S Bathayna wie
148 956 1110 1062 auch zu Wyblispurg by dem brunen
143 1024 1034 1122 nit wyth von einer grügg mit
135 1075 1113 1186 hilff gesagts ourteta sien gespanen
137 1146 1082 1247 gemürdt zuhaben zu Wishick ein
129 1218 1073 1297 nlan, den sy iir holtz vorderkt,
127 1256 1064 1357 By vermeltem closter ai wybs
106 1319 1039 1432 person und zu Wyblispurg aber
141 1385 1034 1486 ein nlann, den sy in daselbige
121 1415 1028 1523 gestid geschlepfft, wüge aber nit
138 1471 1040 1601 ob sin gaspan vourtet inne hernach
142 1533 1017 1659 mit laub verdeckt, dann er glych
120 1570 1015 1689 hinwegg gegangen und von allen
119 1644 1034 1754 digen ermneten personen sye Ime
127 1682 1089 1820 jewegen siin antheill worden, wellchen
128 1750 1086 1865 er angentz in sen hosensack ynder ander
135 1784 1029 1915 sin gëlt gethan und allso nit wugen
127 1815 1059 1984 möge, wienil deßelben gsin Wyters
114 1873 1070 2031 und weerners habe er seinen des bernten
98 1933 1091 2090 conctlrs kein kundtsamme ghan, noch mit
103 1984 1105 2177 ime gemalen weder in räben, noch anderst
86 2041 962 2187 wo sines wigens, wie aber In dem
119 2078 1093 2265 einen berichtschryben vermeldet, gewerchet
63 2180 1085 2371 Ist zum ersten lär und zum anderen mal
107 2274 1069 2420 auch läs aber nit zunollen, wyl sinem
104 2292 1073 2468 fürgeben nach, ime die marter stervil
100 2371 850 2520 angewuine uffgezogen woren,
80 2410 1063 2626 Bieret gantz hoch und flechenlich hochge
70 2516 906 2668 nane vn g umb verzychung.
77 2557 632 2689 such hernach im 3 blat
