2448 3264
135 104 247 175 104
329 220 1164 440 Alß sy und sottler dentz uenlenges
347 296 1161 482 Schwantzenb�reg gsih, weiend sy dasle
380 372 1159 552 von dem herrren landtvogt, welchers
367 452 1170 626 inen nachgesetzte, shwie ergeiffen worden
374 534 1164 701 deß wegen er sanler gentz uff iberson
369 587 1157 758 zu, sy aber nach Freyburg geflachet
369 649 1152 820 Bnd unberwegen zm Freybung geprett und
382 717 1169 881 grott gebätten, man habe aber ihre w
389 796 1151 935 umb gotteswillen etwas, noch auch
373 845 1160 1017 umb die spyß zu arbeitten geben welen
400 980 1150 1152 einnach so habendt sy ihres schind ungeacht
375 1029 1154 1179 sy Niemalen khein Kilchenrecht mit
377 1111 1155 1241 ene anderen verrichtet zu Rychenbachzu
365 1180 1152 1306 Oberland elich thauffen laßen, Das er
369 1252 1154 1372 attere Bentz fürgeben, sgemt zu s
388 1323 1148 1426 sich zu samen geben worden, ssonst vber
368 1391 1137 1497 uß habt y gefangne, auch schon henor
360 1448 1136 1549 lediger wyß und ob sy angewegten Jost
362 1517 1131 1628 waber uberkchomen, Hanß Schmid zu pfange
353 1597 1145 1695 bennen ein seüchlich sehid zu geeignet
311 1651 1139 1747 neichtn faller sy auch allie abgebüß und
345 1724 1134 1821 Boßert dißen zeyen sich mit niemant
340 1781 1122 1895 anderem unschmnscher wyß vergangen
321 1876 1131 1999 Deß jänigen durch inne sattler Bentzen
355 1956 1111 2073 genommen und zu hieglurg vershonfften
326 2022 1127 2138 Gnigen zugs, sye ein mall gsyn40
331 2092 1018 2184 und da� andermall 50allen,
296 2183 1104 2320 Im ubrigen, wan sy auch nitt deßhig zu
240 2249 1119 2390 nedtshüßeren yngescheredt, habe sich
316 2314 1124 2451 giemelter Satler Beutz, der ein kantz
326 2374 1114 2506 Dieker und Schwartzer gsell sye mit ein
298 2469 1073 2598 Schwartzen Barttli und danalen ein
292 2491 1129 2664 Schwartzes wamsell end Wyßwilln
331 2549 1125 2745 hogen anghan, allwegen eie ein sra
307 2618 1100 2799 soßgeben, vnd vrmeldet welle da tend
310 2681 1101 2877 han, etwas wahren ynkhauffen oh
305 2739 1101 2936 fragen er allwegen by sich ein schalt
326 2816 1090 2985 im ein zusammen gelegt saßer
2158 144 2266 224 105.
1273 235 2241 405 Bitket abermalen ich m gl und eieren
1273 297 2253 448 umb solches alles gantz flachenlich umb gand
1280 336 2249 522 und bezychung, in ansechen gedachter Satler
1278 400 2249 587 B�nten un also verführt, daß sy von ime gantz
1295 536 1732 663 nit laßen konnen,
1278 621 2152 757 Ist zum ersten lar, demnach mit zweyen
1292 676 2166 810 seinen uffzogen und ihro volgemts
1306 764 2167 901 zum schreiken, wie wote auch zeieze
1305 824 1757 968 gebunden worden
1262 949 2254 1088 Cißer nechst obgemelte Ioreirse von Känel
1277 1047 2201 1156 ist znstag den 24. novembris 1629.
1301 1095 2240 1219 mit ruthen ußgeschmeitzt und volgendts
1290 1166 2216 1276 mit dem bidr von ihre g sbott und
1287 1244 2015 1347 land verwißen worden
1352 1412 2039 1520 lenres Berger Bor
1386 1487 1982 1590 von großen hochstetten, Vnd
1373 1555 1977 1638 Banrs d Saer von
1466 1618 1721 1712 Atißwyl
1223 1704 2210 1883 sernrs s9 z gd benelgs sind gesterigen tags als
1253 1811 2210 1925 Den 8. doebris 1629 jahrs durch die erennesten n
1271 1861 2187 2003 H Barckhardt Ficheren deß kleinen raths hr
1253 1918 2231 2081 Bastian Rahr der Bürgeren und h Großweibel
1253 1997 2197 2122 feüttigen Ulli Berg von großen hocstetten.
1252 2050 2187 2182 und Hanß Wäber von Atißwyl der vogthy
1255 2106 2214 2246 happ alß zien mit einanderen umbschweiffende
1249 2176 2201 2336 und zu sporlen gantz niegwange junge gsellen
1249 2238 2172 2385 dlsie zu Marzele ertlich mit ernsthafften
1201 2297 2203 2437 wortten und dann volgendts aach mit der nag
1236 2364 2185 2493 aaminiert und befwagt worden, Alda
1237 2432 2132 2560 ermelter UUlli Gerger alß der ersten
1239 2473 1563 2592 bekehendt
1239 2540 2197 2739 sye syn läbenlang by synem vatter gewonent
1247 2632 2189 2794 Alß mit welchem er stattig gearbeütet und
1257 2675 2157 2859 sich hiemit ehrlichen fürgefragt, wylen
1237 2724 2161 2916 aber syn vatter ein zett dahar, jene
1237 2799 2066 2977 gar streng gehalten und geschlagen
1235 2842 2178 3087 auch ime syn stieffmutter stätts verwßen
