1203 3067
119 56 252 149 154
317 182 1055 320 Wouegg atiathoffer,
295 243 1036 370 alhie by dem Badtußer Jos
280 308 806 414 worden Gekent
281 449 1134 574 s habe sich E von Rtoggangs Knocht
249 529 1150 637 dekfein abent, als sy zu irem vatter
273 596 1172 695 o ain dese Goldenmuattegaffen wonet
260 652 1182 752 und an der schantz arbettert angereidt
268 703 1150 808 zuleue in die schuren zekammen und
281 761 1144 865 sich nütz zu entsetzen, dan es müße
269 817 1124 936 alles mit und zu ehren zugahn
273 881 1123 976 Sorufnun sy gangen und als
275 939 1137 1046 sie dahenkamen, habe sy denselben
267 1003 1177 1111 sambt den zwäyen entloffnen, welche
281 1064 1126 1174 sy nit kene und zwo maß
277 1119 1165 1227 Eyns byinen ghan, daselbsten vndt
281 1177 1158 1289 sich aber dißmals weder mit
255 1232 1164 1343 dem einem noch anderen nit ver
261 1297 1121 1414 gangen, ußgenamen hienoh mit
267 1354 1160 1477 berürten knecht, auch in dieer schür
241 1429 1124 1529 und das zum andern mals
260 1484 1146 1605 An ubaih aber ganz nit gefhen
265 1538 1114 1650 welln, dassich In dem Kemesl
282 1586 1105 1712 diser schuhren mit berürten
246 1661 1087 1774 knecht, un bysyn abgemelter
266 1725 1087 1823 Sathleyn Is vnentheit vergeßen
268 1781 1076 1905 sonst ußert desh sich allezeit
278 1842 1095 1987 gespüseinder dfaßf mit arbeit
269 1916 621 2034 gürgebracht,
234 2036 1164 2159 Bitethoch, vnd Wolermett V. gd
254 2126 706 2228 vm ekzichūng
222 2183 1069 2320 Ast auch mit denn Dumlysen
255 2262 772 2392 gfferkt worden.
218 2365 1207 2495 Wie ouch haruff mit der obgemelten
278 2446 1204 2548 Catharyna Linggk mit ruthen
265 2488 1205 2607 unzgestrichen und dr hs starren und
258 2558 848 2653 Landen verwigen
