1167 3233
976 42 1100 124 163.
63 116 1031 364 Ander s kerh Gbutsch bym
82 206 1121 415 Rapffmitholff obstadt, auch vor zwegen
76 294 1019 509 jahren ein man zu todt geschlagen
71 498 1079 647 aber mit helff ob vermeldt, by ge-
106 571 1078 732 Jagtem kapff vor andert halb jahren
88 628 907 801 teinfungen knaben erwurgk
69 730 1101 949 mehr mit hilff und anritz am orth hitz
79 811 1126 984 vermellt ein jungen knaben ermürd
86 909 1105 1053 by welchen dryns umbgebrachten mans,
55 975 1090 1152 persohlnen, sy ungefahrlichen by drytthalbe
86 1037 1072 1177 eronen gelts gefunden und die orpell
75 1117 891 1265 Im daß waßer hin abgestürtet.
49 1260 1019 1425 abermahlen mit hilff gesagter syner
88 1335 1082 1477 drgen gesellen, by wynigen uff länen
94 1411 1086 1549 genambt ein knaben zu todt geschlagen,
81 1477 1063 1602 welchen syn, nachdem sy für ersucht
72 1544 1060 1674 und aber nützit funden, In die Than-
82 1626 603 1753 grötzen geworffen,
65 1763 1032 1898 Vor vngefahr einem halben fahr v V
81 1834 1061 1946 dem brunigen ein tochter by funfflächen
85 1904 1038 2026 jahren alt mit silff hatt uer bentzen
87 1978 1072 2094 gemürdt und sechs erönnen by frage
75 2037 1079 2163 funden, den lyb aber Iu die großen
75 2101 348 2220 geschleifft
76 2222 1054 2341 uff dem abersoldt mit hilff vor an-
87 2308 1094 2432 zognen Jacob Kellersvon Underwalden
100 2368 1017 2477 ein man zu todt geschlagen und by
101 2435 1014 2555 zwentzig betzen by ime gefunden,
77 2592 1067 2716 Wyters hat er bekhent, daß ungefahrlichen
111 2662 1042 2771 vor zwentzig fahren ersleyder) in ein
125 2732 1077 2850 soliche abschüchliche und unmensich lihe natur
97 2791 988 2904 gerohten, daßer sich zu ranfluch bym
78 2851 1038 2975 hochen bricht uff der weidt an einem
