1202 2833
980 16 1106 132 141
111 126 1078 285 jedoch syendt soliche ire fäber so wol
144 208 1064 350 trent abs der jenigen halber tres
132 275 1107 385 wüßens, allsamen lediger wyß, dann
145 338 1104 465 sy ir leben lang nie kein man ghan,
133 405 1034 543 ch auch einigks kindt ußgenomen
129 476 1015 597 by seinem von Langenthal, deßen
108 549 1091 690 Namen sy auch nit anzeygen könne,
129 636 589 757 erzillet geschehen.
105 732 862 887 Audißer der bemolten
154 853 992 1002 Ist mit rnt eßgeschmeitzt.
108 967 372 1060 worden
224 1373 1055 1546 Diewyl vor etzwas zyobs k2h
66 1484 1037 1615 amptsman der zevvogt von Lanißgutt,
104 1564 1057 1688 hienach geschribne drey personen wegen ihres
105 1596 1004 1743 Angwongen handelis und wandels
95 1669 1021 1818 Daselbsten zu landtshatt gfencklich annemmen
92 1760 1055 1888 wie auch mit der martter harüber befragen laßen.
64 1840 1072 1978 Dieselben aber nit zunerungen bekhennen wollen.
90 1887 1032 2027 Alß sind sy uß h2z benelch durch ange-
96 1964 1062 2110 zognen er vogt verschiner tagen alhar geschickt
124 2028 1073 2166 und also gesterigen tags den 20. junii 1630
84 2100 1029 2221 durch die ehrennesten etc. Wysen herrel
113 2182 1047 2288 h damel von Werdt und h. audolph
64 2227 994 2376 Dubi beid deß kleinen raths und et
109 2290 1064 2431 Großweibell früttig nachmallen iros
115 2388 1022 2506 angwonigen Weßens halber, alhie zu
84 2430 1047 2574 Darzili erstlichen mit ernsthoofften worten.
109 2489 1046 2631 und dem nach mit angewendter marter
123 2585 1022 2709 examnert worden, welche dan be
80 2621 674 2767 kennt wievolget
