1165 2810
971 20 1086 87 123.
57 60 1027 233 Was die gsellsthafft, by denen syy sich
103 125 1095 253 zum nechsten finden laßen, auflange
92 188 1074 312 sey derselben se s mein alen meer
111 222 1077 370 ysin, kenne dieselben ouch nit anders
101 270 1054 402 weder das sy domalen mit inen
102 332 1073 447 über das wager geforren, vnd her¬
89 378 1097 505 nacher ouch mit inen alls dieselben
99 421 1070 566 In einem holtz ein suppen gekochet,
113 495 611 626 gefangen worden,
71 622 1083 772 zetreffendt den gefragten Spack
111 700 1027 806 habindt sy denselben schon ghan,
120 748 1044 855 ob sy gefangene zu inen komen
135 786 1066 900 syt, wege dezwegen von demselben
114 849 828 944 tnntzie znormelden
113 941 1024 1049 Birrer also glychföruig hoch.
131 1015 1081 1096 und wolermelt un g umb gendige
80 1076 550 1162 verzehung
96 1186 984 1310 Bfelychem tag vorstat, Ist auch
62 1268 1011 1386 Elßbethhartman mit dem eydt
121 1337 1040 1451 Vn Argd Statt vnd Landtewisen
113 1401 294 1492 word
120 1596 1097 1711 Bermog V g Benelichs suidt
116 1683 1042 1775 gesterigen tags den 10. may ao 163
92 1733 1061 1836 durch den ehrenesten ersames sür-
125 1791 1064 1882 nemen, fursichtugsn wen seh Herren,
84 1844 1042 1954 Johans Wysen dess kleinen rets
134 1903 1092 2017 unnd h Grohserrybel frutigs, alhie
106 1968 1020 2075 zu Margli hwo verschiner tagen.
108 2029 1037 2123 Angesolene, Manspsohnen gantz
101 2069 1067 2178 fliß und ernsthafftts, beträffent
109 2130 1046 2234 Ir hin vnd uberschweiffendes
112 2189 1058 2280 vnd argwanzget, Lobwesens,
113 2248 1048 2345 unnd wo sy beidsamenthafft, mit
103 2301 1046 2404 den Tempen, In einem Seckel ge¬
118 2355 1056 2464 herten 25 b. harkomes, Ouch vß
122 2418 1017 2494 waß ursachen, sich der eine far
118 2475 1056 2572 ein stimn mit einem glögpf seß
121 2532 1024 2644 geben vnd dargestelt, theils mit
105 2584 980 2706 worten und dan auch mit sie
