1198 3045
932 61 1076 151 145.
173 157 884 344 Bere Stampfler Bow
164 197 943 377 Lderwyl sollotharner gebiets,
315 319 709 444 Bekhandtunb.
73 422 1040 586 daß eß allein sechs wuchen sye, daß er von
66 481 1096 636 etster khommen und weie nach sampt syner frauwen
34 542 1055 736 Welche zwar auch zu landeshutt mit ime gfangen
117 600 1043 765 gsin, aber wegen sy groß schwanger wider
109 685 1031 836 wag glaßen worden, also umb einanderen
117 733 1075 903 gezogen, da dan syn fruuw ime angezeigt in
115 811 1068 970 söllichem ihrem umbhin ziechen, sy sye gart lastig
108 881 1094 1042 Bber schafffleich, darumb ei uß ihrem anhalten
108 972 1082 1101 Wier lämbli, so noch sie geschoren worden.
102 1034 1074 1177 daß ein zu Ättigen, daß 2 zu kätzigen und daß
102 1093 1062 1242 gritt zu Göttigkhoffen und jaß viert iu
119 1182 1067 1316 einem anderen dorff Wtenthieawet, welche
118 1255 1041 1391 syn frauw allwegen in höltzeren gemetzget
129 1341 1028 1455 gekachet und sy mit einwanderen geßen
132 1390 1085 1503 die hatt aber alda gelaßen, uber diß habe er
137 1451 1081 1570 zu Wyler, da sy ubernacht gelegen. sien haner
140 1531 1063 1628 genomen, daß ein versthauffen und die anderen
142 1597 1026 1704 mit syner frauwen gerßen, Item and zu
132 1653 1087 1774 Schnodt Wyl uß einem Bachoffen wy leib brott
131 1730 1053 1848 sond also uber daß vorgende anders rutzit
131 1793 1058 1916 genommen. Wellichesin aber alleß, syn
117 1862 1064 1978 frauw ein ursach, deie gemeldet, aan er sich
132 1925 1059 2045 Boßerdt dem federzytt erlich gehalten, aso sye
120 2003 1039 2103 sy synem eltesten gruder, welcher suk er
143 2063 1025 2171 haen ooder auch by anderen wd by denen
147 2138 1068 2230 eregedenet geschalten man rutzit boßes von
135 2190 1062 2309 ihme werde sagen könen, begeren deßwegen
154 2254 1065 2363 auch widerem heim zekeheren tc. Boser
154 2320 1043 2432 gsellschaffen halben deren eie sich angenommen
152 2382 1044 2500 habe er gentzlichen kheine nie gehaben,
137 2441 1044 2544 noch auch auch von dem sattler Bentzen
160 2505 1016 2619 n�tzit geh�rde noch iu gsechen. Bittet
172 2571 1051 2666 also u g umb egnad und vezzychueg
148 2628 985 2745 Ist  mal Cär zum anderen mall
149 2697 1044 2782 mit dem kleinen und zum dreittenmall
172 2762 1034 2871 mit zweyen steinen ufzogen worden.
