1171 2978
75 56 177 114 82
279 59 1076 181 Ichin Chenallet, von
395 149 1026 231 Sulls, Hieuorgemeldt,
204 187 1055 300 Ghabendt aber domalen v gst
246 266 1073 344 an solliche sin Chrallcte gethane
242 308 1099 380 bekandtnuß nit komen, sonders be¬
224 356 1069 430 schaffenheit der sachen information
250 408 1115 490 uffnemmen laßen wollen, nach welchr
255 452 1088 533 g. yngehändigeten Information
247 515 1103 570 mnd v g. bevolchen, inne Chduallel
242 561 1093 617 nochmalen vber das ein, ander, vnd
241 603 1146 668 widte wylers durch mitel der Marter
243 638 1117 708 zubefragen, wellchem bemelch dan
223 673 1130 755 die Ehherenuesten, fromen, furnemen
232 737 1135 802 fürsichtigen, wolgeachten, wysen herren
228 785 1129 856 H Burckhart Fischer deß shats h Hans
892 820 920 863 7
238 826 1052 902 ydt der Burgaren und h. ssterer
235 872 1115 955 frütig Großweibel, in bysyn etlich
198 923 1131 1005 weiblen un g dieneren uffgesterigen
230 971 1095 1058 tag den 19. hunis zu Warbeli mit
234 1015 1131 1102 allem yffer ernst und flyß nachkommen
215 1059 1089 1156 und dnselben erstattet, dalda er
222 1110 1065 1196 hmallek bekent, und verzachen
192 1157 705 1243 Writers wie volget,
190 1223 1040 1345 Deß ersten betreffendt die jenige
215 1306 561 1379 wyls person,
197 1370 1113 1461 lls vor rüge far einem jar ir vater
223 1435 1112 1510 zu ime gefangenen kommen, habe der
238 1483 1095 1558 selbige inne angesprochen, sin dochter
196 1497 227 1546 1
215 1512 1112 1606 zu sich zunemen, und derselbige mit
226 1569 1130 1650 gebfirlichen faal und rhatzume sechen
211 1613 1131 1705 Dezwegen imme ein gewügen schuldtbrief
215 1663 1118 1735 vff einen In Franckrych wysende vmb
224 1705 1124 1786 500 b zugestelt, wellchen sr also ein-
207 1750 1101 1838 pfangen und sich hernach ungeachter
256 1801 1110 1893 ihon mit siner frauwen emd Hochzyter
242 1849 1093 1930 ysin mit gesagter wybspersonn, es
257 1897 1106 1981 ge in sinen hug, wie buch zu wangen
208 1951 1047 2031 In wirtshug, alda sy gedenet, item
227 2000 1076 2083 zu solothern und Gumdenen zum
230 2050 1084 2136 offteren mal in unküschheit und hury
232 2103 496 2167 vergangen,
287 2206 1056 2295 Eetreffendt demnach die durch
236 2293 1062 2356 ernenten conrtlt alhie einer wlagdt
224 2318 1105 2400 gethane ehezusagung, sye er darby
228 2375 1136 2449 gsin und zu derselbigen geholffen aber
231 2427 1062 2503 nit gewüst, das er courtet Schon end
250 2474 1088 2547 froüwen ghan, sonders sölliches erst
228 2523 1065 2615 hernach zu Lostanen vernommen.
213 2621 1110 2717 Der aconsierten vordtthaten halben
226 2691 1135 2766 hat er anfencklich deren in keinen wegen
