1158 2958
971 108 1081 179 129.
765 132 959 222 shann
294 133 744 265 Barbure Wy
336 209 750 305 hienorgemeltt
118 282 1092 419 zewyr g an Barbara Wy Hhanngs
90 342 1084 473 nechermaliges erstes Scamen, wollndes
116 400 1079 520 gantz ernstwortig und znglych ouch mitß
115 434 1114 558 betröüwung strenger marter verrichtet
109 495 1072 602 worden, da sy zekent sich mit Johans
75 543 1076 658 von Turen, Item mit einem gwetenn
103 582 1001 681 Saltzherren und mit Emannell
110 625 1032 716 zribolet in unknischzeit vergeßenn
103 676 1066 774 zuhaben, nie konen können, darumb
111 720 1076 810 beuolchen, sya durch mittel des Dum¬
100 783 1047 853 isens wyters examineren Zlagenn
91 831 1030 926 Alls ist derowegen dißer hochgenant
95 876 1008 957 un a bemelch an ira groben thin
94 921 1034 1010 der boßi, durch die Dermuestan
86 972 1043 1066 fromen hürnemmen fürsichtigem
69 1028 1045 1109 wolgeachten, wysen herren, h. Johans
110 1070 1064 1164 Salla und h Wilhelm Hirtzen
100 1117 954 1192 beid deg kleinen shats item s
96 1162 998 1249 Albraham Tillier der Burgerenn
126 1211 1040 1293 unnd s Grozweibel feütig inn
106 1263 1022 1340 bywesen etlicher weiblen hochgedacht
111 1303 1066 1386 un g dieneren erstaltet, aber auch dem
121 1350 1024 1425 mals durch sy nitzie wyters dann
78 1381 129 1442 2
121 1394 1036 1468 der obstehenden dryn Fäleren Cekene
77 1449 1025 1510 unnd erhalten worden, os wellichem
116 1486 1055 1568 anderen Eeramen hoch und wolgedacht
100 1537 1027 1595 eg nochmalen nit geriren könen
124 1577 1042 1662 unders getruwet, sya Ireshertz, verr¬
86 1625 1077 1701 merer erpigkeit halben, noch nit zuuoden
117 1680 1081 1734 geruft haben werde, derohalbenn ob¬
98 1716 1074 1769 vnd wolgemalten minen hocheherenden h. den
106 1761 1058 1818 raminatoren abermalen benelchlich vfge¬
98 1812 1043 1880 bunder sya auch mit Zimlicher marter
98 1843 1062 1921 zu Marzili ubr ires argwanges lab
86 1884 1039 1972 wähen, weerners alles ernstes fragen
96 1927 999 2016 zulasen, welliches vernaneshet
95 1988 1070 2053 mine hocheherende herren die Eocannnator
77 2013 1063 2115 res vorgesterigen morgens erstatet, hat
98 2069 1074 2145 aber auch diemals, so wol one, alls auch mit
93 2108 1078 2181 hienachge an syn gewenter marter nitzet wyl
89 2149 1071 2233 ers über das vorge behenen welenn, weder das
92 2183 1051 2295 irn verschinen snntags am morgen
104 2246 1039 2321 Hanns lahet, der wachter uf der bef
111 2277 994 2356 In einer fläschen ungetar by einer
112 2327 1024 2413 halben mas fryns item einzzasteten
107 2356 1062 2441 ein weggen und ein brutzer werdigsbrodt.
110 2394 982 2484 In die befi gebracht, wellches er von
113 2433 1066 2511 Bregen alten knecht empfangen und
93 2475 1066 2551 dleser ouch gesterigen morgens vor ob und
106 2519 1052 2591 wol ermelten mnen g. E. Tacaminatorca
105 2541 977 2616 zn trüwren gezüget, diger knecht Ime
111 2588 1046 2671 gantz nie angezeigt von was personer
105 2621 1000 2693 digere spyg empfangn, sy gefangen aber
95 2655 1051 2749 vermeine anders nit weder Ire alue er
103 2688 964 2775 die fra grad domale etwas wyge
103 2724 1033 2835 zugeschickt frat onch zingier Cpryrg zunge
948 2757 992 2799 3
83 2769 993 2862 schirkt haben werde etc. sber die hare
125 2811 1043 2923 sy verzächen, das sy sich auch uber die vor
84 2847 978 2951 gehenden den fäla noch mit bandr
