<?xml version="1.0" encoding="UTF-8" standalone="yes"?>
<PcGts xmlns="http://schema.primaresearch.org/PAGE/gts/pagecontent/2013-07-15" xmlns:xsi="http://www.w3.org/2001/XMLSchema-instance" xsi:schemaLocation="http://schema.primaresearch.org/PAGE/gts/pagecontent/2013-07-15 http://schema.primaresearch.org/PAGE/gts/pagecontent/2013-07-15/pagecontent.xsd">
    <Metadata>
        <Creator>prov=University of Rostock/Institute of Mathematics/CITlab|PLANET AI GmbH/Gundram Leifert/gundram.leifert@planet-ai.de:name=German_Kurrent_XVI-XVIII_M1(htr_id=19584)::::v=2.6.7
prov=University of Rostock/Institute of Mathematics/CITlab|PLANET AI GmbH/Tobias Gruening/tobias.gruening@planet-ai.de:name=de.uros.citlab.module.baseline2polygon.B2PSeamMultiOriented:v=2.6.7
prov=University of Rostock/Institute of Mathematics/CITlab|PLANET AI GmbH/Gundram Leifert/gundram.leifert@planet-ai.de:name=German_Kurrent_XVI-XVIII_M1(htr_id=19584)::::v=2.6.7
prov=University of Rostock/Institute of Mathematics/CITlab|PLANET AI GmbH/Tobias Gruening/tobias.gruening@planet-ai.de:name=de.uros.citlab.module.baseline2polygon.B2PSeamMultiOriented:v=2.6.7
prov=University of Rostock/Institute of Mathematics/CITlab|PLANET AI GmbH/Tobias Gruening/tobias.gruening@planet-ai.de:name=/net_tf/LA73_249_0mod360.pb:de.uros.citlab.segmentation.CITlab_LA_ML:v=2.6.6
prov=University of Rostock/Institute of Mathematics/CITlab|PLANET AI GmbH/Tobias Gruening/tobias.gruening@planet-ai.de:name=/net_tf/LA73_249_0mod360.pb:de.uros.citlab.segmentation.CITlab_LA_ML:v=2.6.6
Transkribus</Creator>
        <Created>2020-10-05T21:44:59.927+02:00</Created>
        <LastChange>2022-09-09T15:50:16.779+02:00</LastChange>
        <TranskribusMetadata docId="1334815" pageId="52359438" pageNr="44" tsid="114641180" status="IN_PROGRESS" userId="9570" imgUrl="https://files.transkribus.eu/Get?id=EDOQWSRVYTQPWAWCUKNHIUHZ&amp;fileType=view" xmlUrl="https://files.transkribus.eu/Get?id=CWQSBRVMCACKMZYUMBPERIEQ" imageId="16091586"/>
    </Metadata>
    <Page imageFilename="IMG_8865.jpg" imageWidth="1389" imageHeight="3182">
        <ReadingOrder>
            <OrderedGroup id="ro_1687513789479" caption="Regions reading order">
                <RegionRefIndexed index="0" regionRef="r1"/>
                <RegionRefIndexed index="1" regionRef="r2"/>
            </OrderedGroup>
        </ReadingOrder>
        <TextRegion orientation="0.0" id="r1" custom="readingOrder {index:0;}">
            <Coords points="20,0 20,154 137,154 137,0"/>
            <TextLine id="r1l1" custom="readingOrder {index:0;}">
                <Coords points="13,138 45,143 56,140 77,119 103,120 144,108 141,5 96,8 86,-2 79,2 47,-2 33,10 23,1 9,1"/>
                <Baseline points="20,104 49,103 78,101 107,100 137,101"/>
                <TextEquiv>
                    <Unicode></Unicode>
                </TextEquiv>
            </TextLine>
            <TextEquiv>
                <Unicode></Unicode>
            </TextEquiv>
        </TextRegion>
        <TextRegion orientation="0.0" id="r2" custom="readingOrder {index:1;}">
            <Coords points="164,151 164,3080 1386,3080 1386,151"/>
            <TextLine id="r2l1" custom="readingOrder {index:0;}">
                <Coords points="276,231 345,276 402,232 494,252 712,202 916,239 987,187 1188,188 1285,259 1346,236 1343,156 1239,125 1124,158 1033,103 882,169 783,111 415,172 352,128 272,135"/>
                <Baseline points="282,225 334,225 387,224 440,222 493,220 545,216 598,213 651,209 704,205 756,201 809,197 862,194 915,191 967,189 1020,188 1073,188 1126,190 1178,192 1231,196 1284,203 1337,211"/>
                <TextEquiv>
                    <Unicode>Daruff2 mäß rorn gestolen, sollihe</Unicode>
                </TextEquiv>
            </TextLine>
            <TextLine id="r2l2" custom="readingOrder {index:1;} person {offset:19; length:6;}">
                <Coords points="261,317 441,307 507,360 580,301 881,307 1031,269 1132,310 1288,269 1286,216 1191,195 1119,239 988,187 886,246 717,210 663,257 551,230 494,270 388,237 338,281 260,278"/>
                <Baseline points="268,308 318,307 369,305 419,303 470,301 521,298 571,294 622,291 673,287 723,284 774,280 825,278 875,274 926,272 977,271 1027,270 1078,270 1129,270 1179,272 1230,275 1281,279"/>
                <TextEquiv>
                    <Unicode>abermahl gedachten müller zuge</Unicode>
                </TextEquiv>
            </TextLine>
            <TextLine id="r2l3" custom="readingOrder {index:2;}">
                <Coords points="273,437 393,463 539,391 601,440 674,379 779,407 850,378 931,416 1034,365 1198,422 1246,379 1331,386 1327,281 1284,267 1227,312 1064,279 952,326 762,295 508,359 356,315 271,369"/>
                <Baseline points="279,394 331,393 383,391 435,388 487,386 540,382 592,378 644,375 696,372 748,368 801,365 853,362 905,361 957,359 1009,358 1062,358 1114,358 1166,360 1218,362 1270,366 1323,371"/>
                <TextEquiv>
                    <Unicode>gbracht, der imme 5lb gelts bezahlt</Unicode>
                </TextEquiv>
            </TextLine>
            <TextLine id="r2l4" custom="readingOrder {index:3;} place {offset:14; length:9;} person {offset:25; length:8; continued:true;}">
                <Coords points="275,582 395,558 481,604 549,552 661,554 800,600 873,551 986,585 1147,531 1278,584 1275,487 1239,472 1131,504 821,443 734,488 657,456 567,506 497,475 273,496"/>
                <Baseline points="282,568 331,564 380,560 430,557 479,554 528,550 578,548 627,545 676,543 726,540 775,539 824,537 874,536 923,535 972,535 1022,535 1071,535 1120,535 1170,537 1219,538 1269,540"/>
                <TextEquiv>
                    <Unicode>Daselbsten zu Uzistorff, Hannssen</Unicode>
                </TextEquiv>
            </TextLine>
            <TextLine id="r2l5" custom="readingOrder {index:4;} person {offset:0; length:7; continued:true;}">
                <Coords points="276,683 483,639 649,681 719,633 890,670 929,634 1066,696 1280,642 1279,595 1149,531 1033,601 959,563 776,612 602,580 446,617 381,567 274,581"/>
                <Baseline points="283,662 332,655 382,649 431,644 481,640 530,637 580,634 629,633 679,632 728,631 778,631 827,631 877,631 926,632 976,633 1025,634 1075,634 1124,635 1174,636 1223,636 1273,636"/>
                <TextEquiv>
                    <Unicode>Shtumer, heige er tags 5 pfundt</Unicode>
                </TextEquiv>
            </TextLine>
            <TextLine id="r2l6" custom="readingOrder {index:5;}">
                <Coords points="269,740 718,704 852,714 925,765 1024,722 1216,747 1327,720 1326,671 1267,652 1046,694 910,656 858,677 808,636 721,691 373,660 269,697"/>
                <Baseline points="276,734 328,730 380,727 432,724 484,722 537,720 589,717 641,715 693,713 745,712 798,711 850,710 902,710 954,710 1006,710 1059,711 1111,713 1163,715 1215,718 1267,720 1320,724"/>
                <TextEquiv>
                    <Unicode>W�llen vor dem hußweg gestolen und</Unicode>
                </TextEquiv>
            </TextLine>
            <TextLine id="r2l7" custom="readingOrder {index:6;} place {offset:11; length:4;}">
                <Coords points="287,871 355,826 490,860 575,797 780,789 979,857 1033,808 1134,799 1319,844 1354,756 1211,771 1122,713 910,768 788,711 522,726 464,777 377,740 286,768"/>
                <Baseline points="293,820 345,815 398,810 451,807 503,803 556,800 609,798 661,795 714,794 767,793 820,793 872,792 925,793 978,794 1030,795 1083,797 1136,799 1188,801 1241,804 1294,808 1347,811"/>
                <TextEquiv>
                    <Unicode>selbige zu Bern jedes It undt g10b</Unicode>
                </TextEquiv>
            </TextLine>
            <TextLine id="r2l8" custom="readingOrder {index:7;}">
                <Coords points="263,936 397,898 503,940 596,887 643,890 637,818 562,811 529,835 488,810 467,831 446,817 384,866 289,829 255,852"/>
                <Baseline points="268,921 294,914 320,909 346,904 372,900 399,897 425,895 451,893 477,891 503,890 530,889 556,887 582,885 608,884 635,882"/>
                <TextEquiv>
                    <Unicode>verkaufft.</Unicode>
                </TextEquiv>
            </TextLine>
            <TextLine id="r2l9" custom="readingOrder {index:8;} place {offset:3; length:13;}">
                <Coords points="255,1032 630,1004 717,1051 802,1007 839,1037 949,1022 1005,1064 1086,999 1278,1017 1276,921 1214,893 1138,959 1053,907 993,967 889,947 844,976 665,936 579,976 492,933 320,935 254,974"/>
                <Baseline points="262,1027 312,1022 362,1018 413,1014 463,1011 514,1008 564,1005 615,1003 665,1001 716,1000 766,999 816,998 867,997 917,997 968,997 1018,998 1069,999 1119,999 1170,1001 1220,1002 1271,1004"/>
                <TextEquiv>
                    <Unicode>zu ostermündigen heige syn gespan</Unicode>
                </TextEquiv>
            </TextLine>
            <TextLine id="r2l10" custom="readingOrder {index:9;}">
                <Coords points="168,1050 185,1051 197,1040 210,1051 217,1049 223,1041 240,1036 236,991 216,995 197,983 190,988 163,990"/>
                <Baseline points="174,1042 203,1041 233,1037"/>
                <TextEquiv>
                    <Unicode>11</Unicode>
                </TextEquiv>
            </TextLine>
            <TextLine id="r2l11" custom="readingOrder {index:10;} person {offset:0; length:11;}">
                <Coords points="260,1131 458,1086 548,1139 672,1083 983,1073 1259,1114 1298,1017 1248,1040 1087,1000 1001,1061 954,1028 603,1049 467,1005 432,1038 316,1032 258,1081"/>
                <Baseline points="267,1112 318,1106 369,1100 420,1096 472,1091 523,1089 574,1086 625,1084 677,1082 728,1081 779,1080 830,1079 882,1079 933,1079 984,1079 1035,1078 1087,1078 1138,1078 1189,1077 1240,1077 1292,1076"/>
                <TextEquiv>
                    <Unicode>Wyrdsperger nachts ein käller uff</Unicode>
                </TextEquiv>
            </TextLine>
            <TextLine id="r2l12" custom="readingOrder {index:11;}">
                <Coords points="282,1224 560,1150 690,1189 1027,1147 1314,1178 1338,1081 1259,1113 1180,1081 1107,1134 912,1134 821,1090 763,1139 605,1107 550,1140 459,1084 281,1140"/>
                <Baseline points="289,1177 341,1173 393,1169 445,1166 497,1163 549,1160 601,1158 654,1156 706,1154 758,1153 810,1152 862,1151 914,1150 966,1150 1019,1150 1071,1151 1123,1151 1175,1152 1227,1153 1279,1155 1332,1157"/>
                <TextEquiv>
                    <Unicode>gebrachen, darin syn nur 2 leib brot</Unicode>
                </TextEquiv>
            </TextLine>
            <TextLine id="r2l13" custom="readingOrder {index:12;}">
                <Coords points="276,1287 388,1255 547,1305 625,1263 720,1304 771,1272 950,1301 1014,1248 1089,1296 1338,1268 1309,1175 1218,1206 1057,1169 1004,1211 897,1158 812,1192 750,1169 668,1217 451,1175 275,1234"/>
                <Baseline points="283,1263 335,1258 387,1255 440,1252 492,1248 544,1245 597,1243 649,1241 701,1239 754,1238 806,1236 858,1236 911,1235 963,1235 1015,1235 1068,1235 1120,1236 1172,1237 1225,1238 1277,1240 1330,1242"/>
                <TextEquiv>
                    <Unicode>und wenig milch fundi, die sy gessen.</Unicode>
                </TextEquiv>
            </TextLine>
            <TextLine id="r2l14" custom="readingOrder {index:13;} place {offset:3; length:11;}">
                <Coords points="308,1439 386,1402 447,1434 485,1404 661,1409 703,1445 1015,1418 1120,1468 1183,1415 1350,1445 1351,1364 1259,1319 1166,1385 767,1348 728,1374 672,1326 505,1297 386,1382 309,1384"/>
                <Baseline points="315,1412 366,1409 417,1406 469,1404 520,1402 572,1401 623,1400 674,1399 726,1399 777,1399 829,1400 880,1401 931,1402 983,1403 1034,1404 1086,1406 1137,1407 1188,1409 1240,1410 1291,1412 1343,1413"/>
                <TextEquiv>
                    <Unicode>zu Hochstetten heige er einen käller</Unicode>
                </TextEquiv>
            </TextLine>
            <TextLine id="r2l15" custom="readingOrder {index:14;}">
                <Coords points="158,1451 177,1455 190,1441 209,1447 223,1442 238,1445 248,1441 245,1388 229,1391 210,1380 203,1385 185,1387 179,1393 168,1389 155,1390"/>
                <Baseline points="164,1444 189,1442 215,1440 241,1441"/>
                <TextEquiv>
                    <Unicode>12</Unicode>
                </TextEquiv>
            </TextLine>
            <TextLine id="r2l16" custom="readingOrder {index:15;}">
                <Coords points="239,1510 672,1481 813,1552 869,1504 939,1552 1064,1504 1311,1521 1338,1441 1203,1429 1120,1467 921,1419 838,1460 623,1463 521,1400 439,1451 284,1429 240,1463"/>
                <Baseline points="247,1502 301,1498 355,1495 409,1492 463,1490 517,1489 571,1488 626,1487 680,1487 734,1488 788,1488 842,1489 896,1490 950,1491 1005,1493 1059,1495 1113,1496 1167,1498 1221,1500 1275,1502 1330,1504"/>
                <TextEquiv>
                    <Unicode>ffgebrochen, da rus sy 4 leib brot</Unicode>
                </TextEquiv>
            </TextLine>
            <TextLine id="r2l17" custom="readingOrder {index:16;}">
                <Coords points="275,1638 302,1615 348,1638 374,1611 454,1609 470,1618 505,1602 530,1607 523,1508 492,1516 436,1502 422,1519 394,1512 348,1556 303,1550 270,1563"/>
                <Baseline points="279,1590 305,1587 332,1584 359,1581 386,1578 413,1576 440,1575 467,1574 494,1574 521,1575"/>
                <TextEquiv>
                    <Unicode>gestolen.</Unicode>
                </TextEquiv>
            </TextLine>
            <TextLine id="r2l18" custom="readingOrder {index:17;} place {offset:3; length:4;}">
                <Coords points="284,1784 419,1744 1324,1740 1351,1670 1258,1651 1135,1697 978,1655 760,1706 611,1658 390,1724 281,1678"/>
                <Baseline points="291,1752 343,1749 396,1748 449,1746 501,1744 554,1743 607,1741 659,1740 712,1738 765,1737 818,1736 870,1735 923,1733 976,1732 1028,1731 1081,1730 1134,1728 1186,1727 1239,1726 1292,1724 1345,1723"/>
                <TextEquiv>
                    <Unicode>Zu worb aber mall uß einem köller</Unicode>
                </TextEquiv>
            </TextLine>
            <TextLine id="r2l19" custom="readingOrder {index:18;}">
                <Coords points="159,1819 179,1822 186,1815 193,1822 229,1822 229,1753 219,1753 208,1763 198,1765 192,1759 183,1759 167,1748 159,1748"/>
                <Baseline points="166,1806 194,1806 222,1806"/>
                <TextEquiv>
                    <Unicode>13</Unicode>
                </TextEquiv>
            </TextLine>
            <TextLine id="r2l20" custom="readingOrder {index:19;}">
                <Coords points="277,1847 762,1819 838,1866 1065,1815 1163,1871 1294,1848 1294,1757 1215,1747 1141,1787 1100,1750 699,1745 398,1803 276,1789"/>
                <Baseline points="283,1826 333,1825 383,1825 433,1824 483,1824 534,1823 584,1823 634,1823 684,1823 734,1822 785,1822 835,1822 885,1822 935,1821 985,1820 1036,1820 1086,1819 1136,1818 1186,1817 1236,1815 1287,1814"/>
                <TextEquiv>
                    <Unicode>seigen sy beid 22 sallen anckhen</Unicode>
                </TextEquiv>
            </TextLine>
            <TextLine id="r2l21" custom="readingOrder {index:20;}">
                <Coords points="276,1971 312,1949 349,1966 416,1907 475,1935 519,1907 556,1914 668,1964 732,1917 844,1905 842,1822 758,1861 671,1846 610,1879 520,1820 469,1861 410,1820 275,1897"/>
                <Baseline points="283,1916 310,1913 338,1912 366,1910 393,1909 421,1907 449,1907 476,1906 504,1906 532,1905 560,1905 587,1905 615,1905 643,1905 670,1905 698,1905 726,1905 753,1905 781,1905 809,1904 837,1903"/>
                <TextEquiv>
                    <Unicode>gestolen und getheilt</Unicode>
                </TextEquiv>
            </TextLine>
            <TextLine id="r2l22" custom="readingOrder {index:21;} place {offset:6; length:5;} person {offset:22; length:11;}">
                <Coords points="171,2086 264,2138 394,2063 537,2123 691,2058 888,2088 945,2060 1037,2116 1082,2074 1137,2108 1271,2053 1270,1992 926,1972 772,2025 344,1969 170,2050"/>
                <Baseline points="177,2077 231,2073 285,2070 339,2067 394,2065 448,2064 502,2063 557,2062 611,2061 665,2061 720,2060 774,2060 828,2060 882,2060 937,2060 991,2060 1045,2059 1100,2059 1154,2058 1208,2057 1263,2056"/>
                <TextEquiv>
                    <Unicode>14 zu Haßli Heinn der Bgrisperger</Unicode>
                </TextEquiv>
            </TextLine>
            <TextLine id="r2l23" custom="readingOrder {index:22;}">
                <Coords points="292,2143 571,2160 612,2200 689,2160 731,2196 838,2154 957,2193 1017,2148 1256,2128 1088,2078 1030,2117 949,2065 831,2125 786,2090 701,2126 651,2080 528,2124 456,2069 292,2113"/>
                <Baseline points="299,2133 346,2137 394,2140 441,2142 489,2143 536,2145 584,2147 631,2148 679,2149 726,2149 774,2149 821,2149 869,2149 916,2148 964,2147 1011,2146 1059,2145 1106,2143 1154,2142 1201,2140 1249,2138"/>
                <TextEquiv>
                    <Unicode>nachts einen zogcher vff gebrochen</Unicode>
                </TextEquiv>
            </TextLine>
            <TextLine id="r2l24" custom="readingOrder {index:23;}">
                <Coords points="295,2241 440,2216 492,2263 588,2219 648,2272 732,2223 790,2275 832,2240 887,2287 965,2231 1044,2293 1121,2242 1300,2237 1301,2200 1117,2144 994,2206 840,2154 745,2199 690,2161 645,2200 573,2160 439,2190 372,2144 296,2175"/>
                <Baseline points="303,2208 352,2209 402,2210 451,2212 501,2213 550,2215 600,2217 649,2219 699,2221 748,2223 798,2225 847,2226 897,2227 946,2228 996,2229 1045,2229 1095,2229 1144,2228 1194,2227 1243,2225 1293,2222"/>
                <TextEquiv>
                    <Unicode>darine, sie ingesaltzen schweiner</Unicode>
                </TextEquiv>
            </TextLine>
            <TextLine id="r2l25" custom="readingOrder {index:24;}">
                <Coords points="285,2348 410,2285 572,2291 660,2345 865,2300 975,2350 1045,2316 1179,2343 1333,2302 1335,2248 1278,2219 995,2294 703,2250 645,2272 594,2220 528,2265 445,2228 399,2257 346,2210 288,2251"/>
                <Baseline points="294,2284 345,2284 397,2284 448,2285 500,2287 552,2289 603,2291 655,2293 706,2296 758,2299 810,2301 861,2303 913,2305 964,2307 1016,2309 1068,2310 1119,2310 1171,2309 1222,2308 1274,2306 1326,2303"/>
                <TextEquiv>
                    <Unicode>fleisch funden heigen ein seiten specken</Unicode>
                </TextEquiv>
            </TextLine>
            <TextLine id="r2l26" custom="readingOrder {index:25;}">
                <Coords points="270,2423 349,2367 548,2367 588,2401 666,2366 1162,2377 1277,2450 1346,2399 1348,2322 1225,2311 1171,2359 909,2321 806,2352 405,2285 271,2349"/>
                <Baseline points="278,2369 331,2366 384,2364 437,2363 490,2363 543,2363 596,2363 649,2364 702,2366 755,2368 809,2370 862,2372 915,2373 968,2375 1021,2377 1074,2378 1127,2379 1180,2380 1233,2380 1286,2379 1340,2378"/>
                <TextEquiv>
                    <Unicode>gestolen, seige ihme darvon ein stuckh</Unicode>
                </TextEquiv>
            </TextLine>
            <TextLine id="r2l27" custom="readingOrder {index:26;}">
                <Coords points="270,2456 732,2455 788,2494 846,2461 934,2518 982,2493 1110,2519 1276,2468 1277,2437 1129,2390 837,2428 680,2367 623,2413 491,2425 349,2368 270,2423"/>
                <Baseline points="277,2452 326,2448 376,2445 425,2443 475,2442 525,2442 574,2443 624,2444 673,2445 723,2447 773,2450 822,2452 872,2454 921,2456 971,2458 1021,2460 1070,2462 1120,2462 1169,2463 1219,2463 1269,2461"/>
                <TextEquiv>
                    <Unicode>worden, den überigen theyll seige</Unicode>
                </TextEquiv>
            </TextLine>
            <TextLine id="r2l28" custom="readingOrder {index:27;} place {offset:0; length:11;}">
                <Coords points="278,2576 402,2572 435,2594 473,2566 610,2558 688,2585 772,2547 942,2575 943,2520 850,2463 795,2493 740,2469 619,2502 546,2496 497,2459 444,2497 362,2458 280,2487"/>
                <Baseline points="286,2533 318,2529 351,2526 383,2524 416,2523 448,2522 481,2521 513,2522 546,2522 578,2523 611,2524 643,2526 676,2528 708,2529 741,2531 773,2533 806,2535 838,2536 871,2537 903,2539 936,2539"/>
                <TextEquiv>
                    <Unicode>Ggrispergen behalten.</Unicode>
                </TextEquiv>
            </TextLine>
            <TextLine id="r2l29" custom="readingOrder {index:28;} place {offset:6; length:11;}">
                <Coords points="192,2696 286,2749 377,2675 494,2737 608,2681 1147,2695 1233,2755 1350,2724 1324,2616 1252,2658 755,2598 710,2629 311,2598 193,2629"/>
                <Baseline points="199,2688 256,2682 313,2679 370,2676 427,2675 485,2675 542,2676 599,2678 656,2680 713,2683 771,2686 828,2688 885,2691 942,2694 999,2695 1057,2696 1114,2696 1171,2695 1228,2692 1285,2688 1343,2682"/>
                <TextEquiv>
                    <Unicode>1s zu Groffenrind sie beid und der hin</Unicode>
                </TextEquiv>
            </TextLine>
            <TextLine id="r2l30" custom="readingOrder {index:29;}">
                <Coords points="275,2803 536,2759 729,2831 811,2777 1031,2841 1118,2789 1348,2779 1349,2723 1219,2763 1017,2730 933,2761 847,2698 719,2749 586,2693 496,2736 455,2704 276,2744"/>
                <Baseline points="283,2763 335,2760 388,2759 441,2759 494,2760 547,2761 600,2763 652,2766 705,2769 758,2773 811,2775 864,2778 917,2781 970,2783 1022,2785 1075,2786 1128,2786 1181,2785 1234,2783 1287,2778 1340,2773"/>
                <TextEquiv>
                    <Unicode>gerichte stein zawer, hiigen nachts</Unicode>
                </TextEquiv>
            </TextLine>
            <TextLine id="r2l31" custom="readingOrder {index:30;}">
                <Coords points="274,2882 454,2842 607,2895 765,2859 882,2912 1018,2864 1135,2943 1256,2905 1390,2948 1396,2792 1118,2797 1017,2850 857,2801 727,2831 592,2767 511,2824 410,2762 277,2803"/>
                <Baseline points="282,2851 337,2846 392,2844 447,2842 502,2842 558,2843 613,2845 668,2848 723,2851 778,2855 834,2859 889,2863 944,2867 999,2870 1054,2873 1110,2875 1165,2876 1220,2875 1275,2874 1330,2871 1386,2866"/>
                <TextEquiv>
                    <Unicode>uß eine spycher einiges durchgestollen</Unicode>
                </TextEquiv>
            </TextLine>
            <TextLine id="r2l32" custom="readingOrder {index:31;}">
                <Coords points="292,2976 408,2950 486,3004 557,2948 1159,2999 1193,2967 1348,2973 1349,2929 1257,2905 1180,2953 1053,2895 888,2943 842,2897 728,2933 529,2873 482,2915 294,2915"/>
                <Baseline points="301,2946 353,2944 405,2943 457,2942 509,2943 561,2944 613,2946 665,2948 717,2950 769,2953 821,2956 873,2959 925,2962 977,2965 1029,2967 1081,2970 1133,2971 1185,2972 1237,2973 1289,2972 1341,2971"/>
                <TextEquiv>
                    <Unicode>dauon imme s0 ellen worden, heine</Unicode>
                </TextEquiv>
            </TextLine>
            <TextLine id="r2l33" custom="readingOrder {index:32;} place {offset:12; length:7;}">
                <Coords points="286,3092 450,3040 788,3105 876,3045 991,3041 1286,3073 1328,3109 1360,3095 1365,2983 1115,2979 1051,3018 1011,2982 911,3017 815,2961 600,3007 534,2970 487,3004 431,2965 290,2981"/>
                <Baseline points="296,3032 351,3029 407,3027 463,3026 518,3027 574,3028 630,3029 686,3032 741,3034 797,3037 853,3040 909,3044 964,3047 1020,3050 1076,3053 1132,3056 1187,3058 1243,3060 1299,3061 1355,3061"/>
                <TextEquiv>
                    <Unicode>soliches zu heyburg umb 2t verkant</Unicode>
                </TextEquiv>
            </TextLine>
            <TextEquiv>
                <Unicode>Daruff2 mäß rorn gestolen, sollihe
abermahl gedachten müller zuge
gbracht, der imme 5lb gelts bezahlt
Daselbsten zu Uzistorff, Hannssen
Shtumer, heige er tags 5 pfundt
W�llen vor dem hußweg gestolen und
selbige zu Bern jedes It undt g10b
verkaufft.
zu ostermündigen heige syn gespan
11
Wyrdsperger nachts ein käller uff
gebrachen, darin syn nur 2 leib brot
und wenig milch fundi, die sy gessen.
zu Hochstetten heige er einen käller
12
ffgebrochen, da rus sy 4 leib brot
gestolen.
Zu worb aber mall uß einem köller
13
seigen sy beid 22 sallen anckhen
gestolen und getheilt
14 zu Haßli Heinn der Bgrisperger
nachts einen zogcher vff gebrochen
darine, sie ingesaltzen schweiner
fleisch funden heigen ein seiten specken
gestolen, seige ihme darvon ein stuckh
worden, den überigen theyll seige
Ggrispergen behalten.
1s zu Groffenrind sie beid und der hin
gerichte stein zawer, hiigen nachts
uß eine spycher einiges durchgestollen
dauon imme s0 ellen worden, heine
soliches zu heyburg umb 2t verkant</Unicode>
            </TextEquiv>
        </TextRegion>
    </Page>
</PcGts>
