2448 3264
118 78 248 153 212
350 279 1200 484 alhie angangen, aber er mitdes
347 370 1159 518 weniger mit dem seiml vos
350 408 1176 587 hinen biß gan Bondidn gezogen
352 460 1225 655 als nun er dahin bil zum wirte
348 526 1195 701 hus komen, vnd iue daselbsten, d
334 580 1198 760 Kaltwehe eben strengfrider an¬
357 645 1231 817 griffen, Ist altes er ime nit teinrit
343 709 1211 879 Wyters Peisen zukannen, habe er
369 771 1166 934 i spiess uf welchen ergedinget
371 856 1193 1006 inein andern vos Pelterlingen
357 915 1202 1061 welcher von dauch kirchen gein,
359 982 1210 1136 effgeben, vnd demselben also an syn
377 1041 726 1136 tatt gestelt,
388 1128 1195 1253 emnnach worumb er zu Vanke
392 1197 1184 1300 naccus gefangen glegen, vnd da¬
380 1255 1195 1359 selbsten uß der gfangenschafftnen
378 1307 1218 1430 brochen, Item auch zu Petterlinge
365 1383 1163 1472 gefanget worden, vermeldet
270 1466 1186 1594 Als er vor vngefar 2 Jaren zu
336 1559 1204 1655 Hrandhoy zugesechen, wie man einen
373 1611 1230 1717 bosen bsellen, gerichtet, habe delbige
394 1675 1185 1765 angezeigt, die Jenizl Khugertef
374 1747 1256 1855 der Altst da ergefangne damalen
387 1798 1251 1920 auch gealpet, syentfall Häpenmeist
383 1870 1218 1980 Insonderheit aber er gelaugnet
365 1919 1203 2033 könne ein böß mitel die küron
363 1982 1229 2115 der Milch zubringen, derowegen
389 2044 1236 2161 man Inne harulgelenklich gahn
376 2101 1198 2232 Paulmarcul gführt, weln aber
400 2166 1236 2313 syn sach gar laus nit abgahn wellen
369 2217 1212 2365 und er hiemit stäts gefangen lig
398 2306 1236 2441 müßen, sye er haruf ußgebrachen
378 2361 1207 2524 dan mach allein die kefithuren
384 2430 1164 2582 einwenig vf heben müßen
313 2503 1236 2642 Alßmun volgents er gahn Vetter¬
386 2526 1280 2708 Aingenkomen, were daselbsten graichte
373 2611 1246 2804 vff Inne zu Brandzoy gethann
2272 58 2381 138 213
1353 256 2181 437 anclag geoffenbargt, vnd er
1382 329 2325 510 haruf wiumb gefangen worden
1363 376 2304 544 daselbsten er dan daß volter recht
1377 454 2024 592 wolkeines ußgestanden.
1431 530 1957 670 Wyterfs fragt
1382 622 2357 786 sßwas vrsachen, er iner frauwen
1370 708 2321 839 unlangst etliches irey zus genomen
1371 785 2019 916 und hinwes getraget,
1560 853 1896 967 vermeldet,
1391 968 2328 1108 zre mutter sy schwiger sye ein vr
1409 1045 2360 1166 ach das syent, we es sich sonst gmpte
1404 1105 2322 1196 mit Ime hußhalten welhe wie
1380 1172 2301 1281 dieselbe dan auch schon ein vrsachen
1427 1226 2274 1327 in, das sein f mit irem vorigen
1350 1266 1423 1337 g
1379 1291 2306 1391 Ehemaß nit wolgelebt, derowesn
1403 1353 2299 1458 er soliches Ires zus genomen da¬
1406 1410 2281 1510 mit er s f von Irer Mutter
1392 1472 1780 1566 bringt könne,
1376 1553 1425 1592 e
1352 1564 2320 1698 Synes vbrige lebwetens halber
1397 1645 2265 1764 habe er sich alle Zeit ehrlich redlich
1405 1717 2290 1845 gehalten, vnd gefurender maßen
1396 1780 2366 1924 mit hachlen und alpen für gebrachten
1402 1839 2309 1958 gestalten ergantzwoll wusen
1371 1896 2359 2066 das kein aentsch sich etwas sarges
1372 1973 2222 2104 oder diebtheb vals ime werde
1364 2034 2273 2177 anzeigen fanen, begere sich auch
1377 2089 2284 2238 Inskunftig wylers ehrliches
1380 2145 2295 2306 fürzubringen Gittet hiemit
1362 2200 2404 2413 hochgenant V. gd gantzflechenlich
1366 2271 1954 2424 umb verzychung etc.
