1192 3144
998 20 1132 96 207.
500 45 551 107 1
203 67 830 243 Rob Axrttli Bor
367 148 744 248 oberwyl
70 225 1101 410 Bie daß er sitt osteren zu Lolligkhoffen uff
931 303 1139 414 gewonnet.
151 321 898 472 uff einem dahelbst erkhanfften schickli
135 387 1142 510 pendt zum nechsten etliche Soldaten, die alhie
133 432 1148 579 In btieg dinget ghan, khon und gseidt, das Briegs
149 508 1106 614 recht vermöge, daß man sy da uß und in gan
148 554 1106 685 laße, wie auch beherbieigen sölle, welches dan sy
148 626 1094 761 auch zu zölligkhoffen uß horrcht, inen etwas
130 677 1136 832 Bon sollichen soldotten begegnen und wider hahter
144 764 1122 893 machte gethan und also die soldotten sey inen
131 830 1130 953 B ß und im gangen auch in ihren hüßeren
153 892 1042 1019 etliche zytt lang oeherbriget worden.
115 967 1138 1096 Eine bedreffendt, syendt der lockenpauß und
161 1039 1148 1158 sy bruder zwei tag vor deschmein St Marttis
176 1102 1134 1218 tag in syn hußhaltung und nachwerdts in der
169 1161 1113 1271 nachtach vor gemelts s Martins tag nach
180 1232 1108 1341 ihren 11 nachhin khommen, also daß er selbig
190 1291 1141 1387 nacht ihren 13 beherbriget under welchen
182 1338 1142 1440 ihren vier gsin. die frauwen by ihnen gholz.
186 1401 1113 1490 Alß der lockenHanß Hanß Dobrist deß
202 1468 1128 1551 Toekenhaußen bruder und der lablscheichen mach
197 1512 1108 1605 syende aber morndrist am marnts tag
198 1559 1105 1661 soll mit sampt des weberen wider hinweg
209 1627 1081 1726 gangen, sonst Syendt vnder denen Ihren
193 1675 1106 1776 zwen under den obgemelten einer henst
194 1737 1111 1835 Gead und der ander Buchs, welche
194 1794 1113 1903 beid alie ußgeschmeizt worden, auch schon
190 1861 1118 1965 hienor noch 3 tag by ime ingekhereit
144 1933 1105 2031 o sy ime aber etwas zugetragen
193 1973 1057 2093 oder by ime geßen, daß hab mit sy nit
202 2044 1136 2147 auch w��e er rt�tzet bohes von inen allen
202 2102 1127 2212 zu sagen zu sonderheidt, was den läb.
199 2168 1069 2271 glichen mach antreffe, wan derselbig
207 2221 1096 2319 etwas labschuchens gemacht, sye er
202 2281 1113 2381 allwegen aingangen, denselben zuverschauffen
198 2335 1120 2437 sondr wan derselb bekkhaufft gsnn, alß dan
183 2396 1109 2485 Woder heim khommen und anderen ge
168 2445 1072 2548 machet und also hiemit sich erhalten
189 2533 1101 2630 sonsten hbe imme vor etwas zytts deß
188 2595 1137 2686 Amans sam, ein kloben uß synes vatters
182 2647 1120 2765 pflug zu nemmen vergünstiget und alß
