1148 2812
25 48 115 124 56
212 71 1093 211 etwas gelts arzeigt, sy aber weder imme
207 150 1120 262 gevolget, noch auch deß paprmit geltnemm
211 212 1103 328 welles, sonder sich gesegnet, da ralh der böße
205 279 866 390 datan angentz grschwunden.
215 338 1120 483 ungefahr vor 3 wuchen, alß sy abermehlen
214 409 1107 532 gantz wider spedtiger sennen zu nacht
229 479 1129 612 hinder dem oten gesetzen, habe es sy dunh
223 536 1108 661 as springendt und fachtindt zwen oder dren
224 595 1095 715 manen in ihren stübli sgendtwys und
227 670 1084 768 der eine ane haubt gsyn und geb wo sy
238 720 1100 822 sich hingekendt, synnt die selben ihro doch
236 790 1122 900 stäts vor dem g sacht gestanden und gesprungen
225 855 1110 968 und noch deng gefangne auch dißmahls
237 907 1124 1031 sich gesegnet (gendt die selben auch alß baldt
210 976 548 1073 verschurenden,
223 1032 1122 1168 Is unst bekenne sy auch daß es villmalen in
237 1123 1075 1227 ihren stübli und klbptte brache vermeine
242 1181 792 1290 aber es nützit boses syn
223 1243 1108 1358 Item daß sy sich ein mahl in solcher wider
215 1310 1115 1427 wertigkeit und umbesinte ihres hanses
224 1383 1122 1495 habe wellen erstähen, auch ein molwstellen
225 1447 491 1552 gehencken,
284 1518 1063 1634 annethin bekent sih auch daß sich vor
193 1579 1062 1696 Detwas jahren zu Dorburg alß sy da
235 1646 1105 1742 selbsten den hinerin gehütet, wit dem
229 1710 1112 1813 schaflüter heist rud und hartet nach de
247 1763 1135 1864 selbst der schaoffen item auch us ertzen
227 1823 1151 1927 holtz dem schnyder seligen allhie, so domalen
231 1882 1066 1985 auch zu dorberg gewerget und senst mit
231 1945 1106 2042 niemandt anderem iu unkuebleite triffe.
233 2007 1135 2117 welicher Rud ihra zwar die ehe versprochen
227 2068 1104 2172 jedoch vorbehalten, wan sy ein reidtgol
226 2119 1151 2228 Ime haben werde solle es gelten sinstant
228 2183 1107 2302 und daruff ihre ein guldi zu lohn geben
224 2260 1125 2380 Bittat vmb solches alles v. g gantzklet
225 2335 1103 2436 lich umb gnad und verzychung und tellt
219 2398 1119 2512 in da�könfftig stats batten wie
219 2460 1129 2557 dan voll bäsften köne, als daß vatter
214 2515 1129 2621 Vnser den glauben vnd die 10 gebott da
228 2572 1127 2689 mit sy vor den jenigen bsen eindtsachr
237 2655 547 2774 syn können.
