1177 2856
92 51 179 111 50
270 104 1161 225 siechenhut gsin, alda am pfelister
262 176 1124 262 ires stüblis geklopffet und mit
272 221 805 308 Ira begert zureden,
254 295 1123 413 Weerners hat sy s erzachen, das jro
254 381 1159 459 der langenthaler Jörli zu verkouffen
261 421 1151 507 geben habe unspnnges trch, darub
272 471 1116 562 sy 42 l erköst und die felbeme
258 527 923 615 ime Jorli puch zugestelt,
226 602 1088 697 eer er Langenthaler Jorli und
279 663 1144 760 in frouw ira Wylers zuuerkouffen
229 717 1124 809 zugebracht 3 rock und 2 geppen
230 781 1110 858 wellche sy der rothen näyeren
268 818 1118 894 geben, die habe sy verkoufft vnd
264 858 1124 958 Inen das erlöste gelt by der pargr
239 913 726 998 elüli zugestelt
254 988 1140 1082 Den Jeigen rock welchen Ira, wie
244 1048 1056 1132 hievorstadt der langerthaler
255 1099 1040 1176 Jörli sydem nir wylh vom
253 1138 1115 1209 Cappelen uffgebrochnen spycher
253 1182 1098 1266 wegen gehaltener wacht gegeben,
250 1233 1077 1314 habe sy zwar zu Collickhofen
255 1280 1062 1359 In Htans Bummans, dez ge¬
246 1327 1086 1402 gmelten Oliggli Rings bruders
268 1390 1089 1449 pycher da sy allwegen ubernacht
256 1416 1066 1500 gelegen zu behalten ufgesenckt,
268 1473 1077 1554 ouch denselben einer gwüzenn
214 1513 1062 1593 clans perton zuuerkonften
244 1570 1091 1644 geben, aber hernach weder den
244 1616 1039 1688 man noth ouch den roob nit
249 1667 674 1733 meer gesachen,
199 1699 1125 1804 Was die jenngen zu Collickhofen
241 1764 1080 1856 gewegnen boßen buben antreffe,
266 1811 1071 1901 ye sy neinalen sy denselben
249 1858 1099 1957 gsin, noch sich irer angenomen
222 1903 1092 1985 weder ein mnal als dieselbenn
228 1952 1081 2044 zu Collickhohen by einem spycher
242 1992 1119 2102 gedantzet, under denselbig sye gsin
237 2045 1012 2147 duch der Langenthaller Järli
229 2077 1108 2166 die anderen dann kenne synt,
220 2155 1076 2245 habe sich aber weder mit den
207 2197 1117 2281 selben noch ouch anderen ufgenomen,
188 2258 979 2326 enen mit hieuorgemelten
221 2291 1021 2379 ung fleischlichen vermischet,
188 2395 1096 2481 Eerstlich hat sy ouch bekent, das er
200 2457 1082 2534 Alsann der Satler Ghäntz unn
205 2497 1061 2587 der hingerichtete Ulhi Sigfridt
219 2553 1057 2632 uff einmal nit wyth von ihm
232 2592 1044 2686 ein gantze huoren vol fleischs
216 2646 534 2735 entragen.
226 2716 1091 2806 sybiret un g gantztrungenlich
