1178 3060
109 27 230 105 24.
302 155 1169 350 nach gemelter marter, befragt
296 215 1144 355 unnd harüber die warheit and
303 276 1135 414 zuzeiben vermant worden.
291 351 1150 505 weliche aberverners nit
321 405 1036 547 wie volget bekenen wellen,
326 564 1127 718 Vieere zu Samg von Schenlitz
267 703 1114 860 amlichen. Es sye ime vor etwas
332 796 1124 906 yts ein Eelbigen ußgsin, danen
266 857 1134 962 har er vor schmeytzen ein vit
302 914 1139 1024 Cahar nit anbeiterkönmen unds
273 971 1090 1110 dem almißen nach zuzugechen
307 1026 848 1127 gedrungen worden,
285 1166 1105 1288 das dan anlange, das er sich lin
299 1233 1131 1351 ein Stum vßgeben und gutseinem
281 1296 1101 1396 Goggli das almußen geforderet
297 1341 1121 1448 solle haben, sye ih keinen wägen nit,
292 1418 1090 1545 und gescheche ime diser anshagn
267 1469 907 1567 halben Iebntz vngutlich,
268 1587 1076 1701 Betreffent aber den gefragt
294 1665 1111 1772 erkel, vnd die darin gelndten
289 1714 1099 1811 5 b sy entimmnet und seinem
281 1770 1071 1873 gtellen, sölliche 13 b hin und
265 1841 1071 1923 wider vmb Gottes willen
274 1891 1133 2008 von suten lüthen gestürt worden.
268 1957 1090 2072 daüber Ime aber mur 3 l.
271 2029 1105 2150 daruon worden, daß übrig habe
292 2076 744 2194 133 gsall behalten,
298 2235 1062 2350 sonsten habe er sich Jederzyten
164 2301 1056 2416 Ertlich vnd Redlich mit dienen
265 2370 1097 2476 fürbracht und erhalten, Begere
277 2441 1079 2550 es auch nach in das kunfftig ze thun
230 2542 1055 2658 Pitet deßwegen, Gott vorab
241 2613 1074 2717 und demnach v gdt vmb Jmad
235 2684 646 2787 und verzychneg
210 2749 1061 2850 Ist einmal far und einmal
235 2810 1072 2889 mit dem kleinen stein ufgszogen
235 2889 476 2976 worden,
