2448 3264
63 157 124 209 18
200 202 1169 453 In den kilchen Chreisti angezeigt worden.
183 332 1186 504 Alß daß er müße urfahren syn in dem
240 382 1179 582 Gromal spwolchen in Fryen thünscten daß
230 446 1182 636 Die wider spwecher könne widerlegen, vnd
240 527 1177 679 gegegruntet in der geheimnns von der
240 577 1180 758 gottlichen dien einigkheidt und den werk
249 664 1172 828 gotts, darzu ein rechmäßigen beruff
225 736 1174 898 heige von gott und denen, die zu beruffe
218 806 1176 954 in syner kilchen gwalt hand, so glauben
232 857 1182 1004 eß sye genug, wan einer ein fromen wandel
223 942 1218 1084 führe darzu von ihrer gmeindt zum lehr auch
250 1002 1171 1130 siye lugenlich ersthendt worden, ohne von
250 1073 1178 1188 eizelte stuckt etc. Demnach ein spreachge
241 1147 1180 1238 halten von stand der oberkeheidt, darin
245 1199 1184 1329 erbetthendt, daß die christen oberkheidten syn,
214 1270 1168 1377 Bnd sebers blutt richten mögendt, item
215 1339 1170 1437 die oberscheiden daß schwardt wider
232 1392 1158 1501 ihrer hind ze führen wrechig, wie er dan
232 1460 1183 1574 daß Schwardt selbs wider dem hind hehren
217 1517 1174 1614 welte, fehrnners, daß die oberscheidt auch
226 1587 1195 1690 zinß und zenden empfachen dörffe etc. Fern
214 1657 1183 1766 des endhirmes halben bericht ernoderet
239 1712 1179 1822 mit der frag, ob ein oberkheidt in wichtig
232 1790 1161 1890 sachen die ohr gottes, die er for schnug der
210 1849 1181 1954 warhent und frommen deß Reberdt möntschen
219 1901 1170 2008 bedreffendt, ihren und erthanen einen bitt
229 1974 1174 2092 zu schweren annaten möge, daruff er ge
225 2022 1178 2136 antworttet, er schönne by sych nit finden
187 2085 1171 2209 daß der bidt schwur zugeloßen, sye by dem
217 2141 1166 2296 Christen sittenmallen Chreisens mathen an
215 2201 1178 2364 capittell verpotten, man solle aller dangen
215 2273 1148 2401 nit schweren weder by dem ziell
190 2317 1175 2483 das er sye gottes ghroy, noch by der erden
190 2376 1176 2541 dann sy syr syner hußen schemell etc. Sondt
179 2457 1157 2623 Sonser red solle syn ja ja kein nei
168 2493 1168 2677 Waß drüber, daß sye boß, darzu syemt
211 2579 1173 2751 gar vill die den eidtschwür auf halten
182 2631 1171 2810 sonder denselben übertrettent, ei well
214 2704 1171 2868 auch in seheinen wag einem bidtschweren
179 2738 1168 2930 Eß hatt zwar aber m�llen nit ermang
195 2814 1176 2997 au anewarttung und widerlegung ghahtn
180 2881 1184 3065 der ynreden, wo ei einen glehrsamen
201 2958 1127 3122 geistghapt und die warheit, den
196 2997 1169 3204 benelch Gottes, Synes Sohns, der von
2259 150 2327 208 11
1311 245 2355 427 kleiner sund nit weist, anderer gotthelliger
1324 289 2359 507 sathen altes und ruwes beschaments, lopliche
1302 372 2338 562 Exempell etwas gelten ließe, darnebe
1295 442 2324 630 die rattner deß aidtschwars, der ein anß
1302 496 2332 679 rüffung ist deß allmechtigen allwüßenden
1300 529 2364 759 und allenthalben gegennemettigk gerechte
1298 661 2251 820 und warhaffsen gottes, daß er den
1313 716 2307 871 der unrecht schwerdtstraffe hingegen, die
1276 756 2387 956 Beacchent handthabe und an tag gebe, wol betrachtete
1308 841 2331 1021 Item der außbruch gutter dingen nit sovll giltet.
1315 891 2376 1071 daß von deßgeegen, daß gütte solle abgeschaffet werden.
1326 951 2390 1140 onsf weugde, wegen vnßerer baschent mütt gue
1772 1108 1815 1182 1
1298 1107 1762 1223 uerblyben mögen etc.
1291 1181 2267 1299 Hieruff ein woll und ehren gemelte heiren
1323 1235 2348 1372 an Joßenstein heyß mug arbeidt und einnonder
1322 1291 2340 1438 lichem dest nützit er winden laßen, inne von
1305 1388 2323 1512 syner gef�hten ihwigen meinung faltschen wan
1308 1443 2314 1559 vnd Inbildungen, wo muglich ze bringen, In
1267 1507 2343 1636 Dem sy inne in dem händell unßers heills mit
1348 1580 2338 1689 ernorderlicher goßlegung, doß ggemüt
1340 1653 2383 1754 gottlicher gschreiffen mit auffs mütt underwißen
1316 1703 2365 1811 Buderwißen, daß diß allein geringe durc
1292 1764 2354 1879 Gnrüwige, selbs weitzige gechter erfundne
1310 1828 2350 1932 nd erdichtete, dach dem h wortt gottes
1340 1883 2375 2021 tracks zu widerstryttende pnneten, in dem
1345 1934 2359 2080 er von un�ß underscheiden sye, welliche aber
1352 2010 2370 2160 o er die nit fallen laßen wurde, neben dem
1329 2067 2370 2219 algemeinen schaden, so uß dißer sect ent
1314 2140 2370 2292 horingen, Ime, wo kthein beßerung verhanden,
1329 2200 2302 2352 zu gentzlichem versriben geweichen machtindt
1319 2281 2380 2430 jedoch durch sölliches alles uuzit anderbzuwegen
1338 2321 2366 2493 breüigen mögen, dann daß er gantz eigen sunger
1299 2389 2356 2559 Wyß uff syner ireigen meinung verbliben
1299 2440 2360 2621 Berharret und sich erklärdt, khönne von
1322 2509 2388 2681 dersellbigen (die er sonst daß wortt gottel
1305 2564 2287 2754 Namheit gantz nit wychen unnd
1315 2635 1762 2777 Abtraften
