1183 2883
987 53 1119 129 183.
129 169 1090 342 Uf verhoffte besserung erkent worden
128 239 1044 415 jn welichem er der zyt syner ledig
101 288 1142 456 lassung von jr gdn bestimpt nit erwartet,
136 362 1110 485 sonders habe sich gehabter banden ge¬
103 421 792 569 lediget und fortgemachet.
48 512 1138 677 Weliche sin geherte g'fangenschafft undt selbs
102 587 1123 718 gemachter ledigunng uss derselben, hette
110 649 1093 790 jmme zwar ein antrib syn söllen, sich jn
106 706 1131 823 dass künftig zuo bessern, habe aber die¬
104 766 1075 872 selbe jmme zuo keiner andern warnung
95 829 1095 918 dienen lassen, weder das er haruf auch
97 875 1119 999 zuo Lutzern gefangen und daselbsten nach
100 937 1077 1052 auch verjächung hieuorgeschribner alhie
95 996 1090 1093 bekenter diebstälen, von jr stett unndt
78 1047 995 1179 landen mit dem eyd verwisen worden.
31 1165 1033 1288 Alss nun er sampt einer by sich be¬
91 1267 1090 1346 hapter tirnen sich widerumb jn das landt
129 1304 1091 1403 gelassen, were er auch under mynen
97 1352 1010 1462 hochehrenden herren Hanss Rudolf
71 1417 1091 1524 Steiger, domalen landtvogt zuo Trach¬
132 1478 1069 1579 selwaldt, jn die gfangenschafft gethan
87 1535 1026 1625 worden, es habe aber damalen ein
103 1586 1056 1699 g'wüsse wybspersohn so die schlüssel zur
100 1644 1079 1743 gfangenschafft g'han, jmme die tür der¬
577 1709 784 1754 und sy beide
117 1699 1028 1797 selben zeöffnet und sye er gefangne
107 1750 493 1851 also entrunnen.
92 1841 1090 1980 Über diss habe jnne auch myn hocherend
94 1922 1104 2029 hr Bendicht Marti domalen gewessner
89 1976 1072 2099 schuldtheiss zuo Burgdorff jn einem
91 2026 1057 2148 dorff syner verwaltung, da er durch
126 2078 1063 2190 syne fründt zuo einem tischmacher ver¬
64 2132 1051 2276 dinget worden, äbnermassen gefangen
114 2179 1074 2321 g'nömmen und uss jr gdn befelch alhar
95 2237 1048 2355 füren lassen, da er dan nochmalen
90 2280 1075 2414 von hoch und wolgeacht jr gdn jn dass
100 2346 1023 2471 Schallenwerk erkent, were aber
85 2389 1040 2506 hernach wegen dess yngerissnen
54 2436 1061 2557 stärbens zuo sampt andern one ver¬
95 2471 1056 2613 nere straff sonders uf ein guote und
84 2528 1019 2663 starcke vermanung, sich jn das künfftig
65 2599 1061 2750 wol zuo erhalten, wider ledig gelassen
67 2641 279 2724 worden.
