1234 3050
90 54 248 133 206
223 172 1240 334 suehrnners zeigt er an Eß habe der Langer
274 242 1239 378 hller s�rlh den letst zugerichten, an
260 301 1203 437 dem sachgersicht oben uß ein hand abge
278 350 1241 519 handeb und dieselb sinem gspante, so by
274 416 1238 546 m gsin gegeben, welcher sy gedern und
287 488 1233 625 zu dem spillen brüche, er langen talen
294 532 1197 665 Jaeli aber fürsynen teil die wetti
287 620 1241 753 genommen, welche er vor in syn vruf
274 684 1221 826 geneyet und stättig also by im trage
250 810 1214 950 Borlett sumb sölliche syne aißethatten
281 912 1217 1002 hochgenampf H gd gantz hoch und
276 964 1194 1083 flechlichen umb vetzychunde und gnad
260 1032 1189 1132 een ansechen er noch ein junger knab und
267 1092 1209 1213 an er nit erzelter maßen verfurtt
270 1143 1204 1256 Ward wäre oder mmt syn mutter von
274 1218 1192 1333 söllichem uppigen labweßen abgemant
278 1293 1168 1397 snd by zyeben abgestrafft, hatte er
286 1360 1206 1470 solliche sachen stiemoden begangen, mitt
281 1426 1169 1521 anerpettung sich in daß künfftig
290 1484 1187 1594 mit gottes deß Heieren hilff ehr.
271 1562 1203 1647 und redlich unerhalten, daß synet
275 1603 1212 1720 halben gantz khein wythere klag khommen
252 1684 549 1779 werdt
674 1753 717 1847 11
404 1816 1022 1930 ob gat Bo
413 1894 818 1967 Oberwyl
263 1956 1206 2084 Herschier tagen, sind ihnhalt rats benelchs
274 2028 1182 2135 durch die ehremüesten etc., s Bendicht
254 2093 1175 2189 mar eins deß raths, Item vPetten
265 2152 1180 2263 früttig großweibell sampt etlichen
280 2210 1208 2309 weiblen,  gd dieneren, hienach geschribne
251 2269 1190 2375 f. Alß 2 manns und 2 wybspsonen
282 2332 1208 2435 zu Zölligkhoffen wonhafft, ihres gefrpten
283 2381 1214 2505 ergerlichen inzugs, wie ettlich vermeinter
273 2465 1196 2563 zu vor erkhausfter enpfanglier
263 2511 1192 2618 öeken halber, alles fryses und ernstes
273 2571 1176 2660 mit wortten befragt worden, das jan
256 2603 1149 2738 getwedere bekhendt, wie volget
