1202 3101
89 669 121 716 1
1018 43 1136 118 173.
112 114 1113 315 us wellicher sin vermeldten Hanns
125 187 1049 362 Jacoben gehofree möchen gethane
122 216 1110 404 gekandtung, hochgmane under sich
110 275 1144 451 ni vernngen könen, sunders getrüwet
123 312 1124 483 er sin hertz noch nit zumollen gegumht
117 387 1110 554 hafben werde, derowegen beurlichen
109 424 1117 581 man inne noch veerners untrugg¬
97 478 1138 621 sparter matter ex amnieren und befrag
138 522 1137 676 sölle, wellchen auelch nun mine hinhehr
130 571 1072 700 rauda Herren s Hans Rud Stager
113 617 1039 750 des kleinen Rhars, s Sebastian Ror
121 668 1083 787 der beegaren und s Groweilell
109 707 1054 852 hrntig gestorigen tags, alhie zu
90 759 1079 891 Wlarkeli erstatee, erhat aber ber
109 799 1084 924 das vorstehende änders und vnerners
119 853 966 958 nie verzochen wollen, werder
114 907 1107 1012 das er h sammel Fröndenrych jetzig
114 949 1114 1074 schofner zu Paterlingen über den
117 1002 1079 1113 hienor bekenten auch noch ein anderen
101 1054 1109 1144 Dicken genomen, welch Im abe ougwider
141 1127 286 1203 srord
75 1130 1000 1278 Anerekfendt demnach sin rgkewe
118 1238 1087 1296 vom vendli, hat er digmals bekent
108 1268 1102 1351 deßelbenthalben sye es also beschaffen
106 1311 1049 1410 Alls zr vendtli im sapgey inn
111 1363 1064 1450 dem quartier gelegen, habindt iren
139 1418 1111 1484 sachs knechten von demen inn ein stetli
115 1450 1062 1525 daselbsten brodt zu kouffne, reizenn
113 1492 1086 1573 wollen, vnd vor ein beugg gan wollen
50 1542 1072 1619 da were dieselbe vnder Iuen gebrochenn
71 1578 1031 1659 und sy all sachs zu das wacer genallen
113 1618 1043 1709 In wellchem ouch etlich ertrunckenn
104 1668 1027 1753 alls alle etlich wider hernsentrinen
663 1714 930 1748 vnd venselb
99 1715 1096 1782 habe Inne, Somalen einer von Aienvn
760 1759 788 1785 1
118 1748 1079 1824 ein langer schwartzer gsell, damitanders
111 1794 1062 1873 kenne er denselben nit uffgewigglet
101 1842 1069 1915 vom Vendtli Zewychen mit vermelden
99 1882 1059 1963 man nit veerners, weders dey monas
97 1924 990 2018 zudienen schuldig, wollhem er also
95 1974 1093 2055 us geheftem gnotem hunget und mängel
66 2013 1042 2083 leder) geuolget und hieruf vonn
90 2050 1032 2141 dem vendli gezogen, im Saphoy
97 2090 971 2166 bey gan Geuff gebettlet alda er
100 2139 1038 2213 noch zwen dicken ghon, die er nit
101 2186 1015 2254 verthun konnen, wegen man mir
117 2220 1001 2311 funden bodt zu konffen, wlige
105 2267 1052 2347 wollchen er auch also by gan Cosanow
105 2304 1030 2387 gereizet, daselbsten habe er einen,
121 2343 1049 2433 so erst re Franckrych komen, ange¬
88 2396 1054 2475 teiffen, welchem er sinen puntal getragn
91 2441 1066 2521 und darvon bishiehar Buegen überkommen
95 2467 1037 2564 Anderer gstalten sye es nit bchoffen
23 2545 1004 2653 Soter gsollschafft halber habe er dero
96 2618 1067 2703 meinlgen keine ghan weder den obb
83 2656 1043 2742 melter Stephan Rüetzen sye aber
96 2704 1021 2795 Jetzundt buch Im Grieg gezogen,
