1164 3137
1053 53 1136 152 73
114 101 1130 248 zwen aber die wacht gehalten und wyll
133 181 1027 317 sy darinen kein brodt funden, habendt
133 237 1153 391 Wen seck mit korn gefuldt selbige gefolen
136 292 1141 454 und für Müli uff einem sell zu verkauffen
147 374 1155 522 tragen laßsen, synndt aber darob by gedachter
138 452 1129 610 Meli erdapt und er sonderlich zu Solothurn
133 512 949 650 Ingefangenschafft gelegt worden,
120 643 1155 810 Nechht verschinne fasnacht hette der allhie
154 753 1168 892 hingerühte stein hauwer Jostwaber, item
152 825 1137 967 einanderer syrisperger genamst unnd
144 887 1056 1021 ergefungene alhie vffen Stalden, einen
140 983 1058 1090 keller uffgebrachen und daraß 20 lb
135 1045 1153 1169 anckhon mitfr�mbdet, darvon imme funt
139 1123 1136 1250 pfendt worden, die erumb 10 bz verkaufft
161 1223 1153 1386 Verschine Frülings zu Lüdligenn er und
166 1334 1142 1459 syngespan Ulli Seiller dem jungen seiger
154 1409 1125 1534 ein spycher uffgebrochen und daruß by
155 1480 1104 1603 zwegen viertlen körns entragende
155 1550 1167 1638 welches gemeltter Uelli Seiller zu Solother
148 1625 1166 1760 Wisse aber nit werden, verkaufft und imme
143 1705 1026 1836 darvon zwo krane werden laßen,
123 1808 1168 1953 zu kindelwark hette er domalen gegen
143 1908 1148 2038 der nacht uff einem spycher schoos einge
146 1972 1135 2086 fasten mütkorn stänfunden, welchen er
162 2046 1170 2154 genommen, zu körnen röilen laßen, zwei
164 2115 1170 2251 mis darvon verkaufft und daß uberig der
158 2183 530 2290 von verbrucht.
170 2298 1121 2424 Eßlycher gestalten zu Tonggenriedt
154 2386 1160 2509 hatte er ab einem spycher schoos ein gefasen
128 2460 1086 2572 mitkorn auch gegen dernacht ställen
154 2528 1160 2653 wellen, were aber darob erwütecht und
170 2595 589 2684 erdapf worden,
156 2692 1143 2839 Pürtz vershiner zith habende sy zu Ammel,
154 2783 1150 2914 seyche dem strauwsack by acht mäßen korgs
160 2867 1165 2986 ussein spynher genomens selche sin gespan
154 2933 1145 3058 zu Solothurn verkaufft, wüse aber nit wei
155 3022 923 3127 un ime darnonein eronen geben,
