1200 2890
120 126 962 335 Dieve Bermow zu la fanigne
38 266 1021 504 Anlange das Galt Io dem Bereellen
106 368 1014 569 bysine, gefunden, worden, vnd wo
99 424 1045 594 lar ermit khommen, sye imme und ynem
115 484 1023 683 sellen, soliches von Gutten Luthen,
98 567 1021 717 vmb Gottes willen, geben worden,
85 722 1020 915 Worumb er aber also dem almusen
79 808 1028 967 nachzieche, sye sein übelmögenheit
70 873 1011 1034 und große arbehntseliskeit, yles
73 930 1045 1101 mbs die Schuld, dan er von hertzen
68 1012 1030 1143 gern wercken wolte, wie er sich
75 1060 1019 1208 dewagen, mit seiner handarkeit
79 1117 1053 1278 deren er ein küffer für gebracht
93 1205 1039 1311 vnd ernert, auch vertert, olches
88 1273 1012 1371 thun welte, wann es Ime Eybs
75 1335 906 1438 halben vermüglich syn möchte
93 1416 1059 1540 Bitet auch umb gnad und verzychung
97 1499 1079 1630 Ist auch einmal laysefgezos worden,
105 1659 1004 1793 vnd beide obgemelte persohnen vr
101 1745 1032 1855 ein gute Census ledig gelaßen
102 1810 1060 1905 vnd jeder In seis Heimet gewisen
100 1868 274 1936 wrde
260 1885 859 2009 Barbara Wärerfels
297 1977 715 2059 vonn Basall.
119 2028 1063 2154 Suermassen ist uß v ger
119 2111 1044 2199 befelch, vfgemelten tag durch den
107 2169 994 2266 ehrenüesten etc. Herren gendicht
93 2210 1042 2302 Mart des kleinen rats und Herrn
95 2280 1031 2352 Groß weybel eutig, die verkaffte
77 2320 1080 2427 Barbli Warenfalß von Basehpürtig
104 2372 1060 2471 allie zu Marzihi ires argwömschen,
101 2421 1078 2521 Labwesens, vnd vnbschweiffens auch
109 2474 994 2552 worumb sy in diss kandkames
112 2520 956 2626 wormit sy sich erhalten, wohar
953 2552 1014 2622 sy
118 2573 1019 2689 mit dem Garn, so sy by ires eb
107 2631 1039 2731 tragen, kommen unnd waß sye mit
85 2687 1043 2810 Dem Bieli ze thun gsannst iun sye
