1184 2797
95 85 1112 338 In Hasen den abermalen einem landt¬
102 201 1093 357 man by nacht uss syner kuchi ein haffen
113 246 1156 429 (welcher aber imme wider worden) gestolen.
72 387 1041 556 Zuo Wichtdorff uss einem käller ein
129 472 1056 604 kübli vol anken gestolen, denselben
114 530 956 684 jn syner husshaltnus verbrucht.
99 645 1132 784 Item habe er zuo Rügsouw einem g'wüssen
114 716 1104 833 landtman uß syner stuben ein tschoppen
108 779 1083 901 (darin ein halbe cronen g'sin) wie auch
124 835 1150 950 ein wehr sampt einem huot verunthruwt.
85 941 1074 1073 Obenthalb Wattenwyl uss einem be¬
111 1017 1077 1120 wüsten huss ein bar hossen und ein bar
124 1069 1099 1177 ermel gestolen und söliches hernach dess
122 1136 1078 1241 predicanten dochter zuo Stettlen umb
135 1193 494 1289 4 Pfund verkaufft.
150 1316 1060 1439 So sye er uf Wisslen Vechtlicher wyl
70 1389 1054 1491 jn ein käller gangen, dess vorhabens
116 1449 1032 1542 etwas zuo erwütschen, habe er aber
119 1496 1083 1597 darin nützit funden dan öpffel undt
101 1558 890 1670 milch, dessen er aber nüt begert.
72 1652 1048 1794 Wytters sye er uff der Schwang in der
81 1730 1043 1841 Bodertschen der kilchöri Loupperswyl
117 1798 1093 1903 in ein spycher oben zum tach yngschloffen
49 1841 1071 1965 unnd daruss ein rok, drü broth unndt
120 1895 772 1991 ein ankenballen gestollen.
42 1968 967 2117 Zuo Bomath und Langnauw zum
102 2057 1093 2169 pfenster hinyn in ein gaden geschloffen
121 2104 1002 2227 unnd daruss 3 brot sampt einer
121 2166 1024 2291 mass honig genommen welches alles
115 2220 679 2326 er dahaim verbrucht.
72 2297 1057 2455 Item das er mit hilf Christen Widmers
118 2396 1071 2513 unnd Christen Stutzmahss zuo Luggistein
28 2433 1034 2570 uss einem gemach 4 mäss kässen, ein
95 2491 1040 2628 schyben unschlit und ein syttenwehr ge¬
115 2548 419 2638 stolen habe.
