1208 3162
19 240 128 308 20
186 245 233 309 11
121 273 1186 427 ber diß versprecht de� hanttnectigen lang
219 356 1176 471 Bli Baumngantters, habende men gn
215 429 1180 541 gewathen, und erkhendt, daß er Nochmalen
205 510 1186 613 frundt erstlich von synem irtzumb abge
215 571 1175 679 emandt und sonderlich befragt veerseine
221 631 1165 761 mit pflichtigen syendt, wie sy heißmnt und
220 700 1174 809 wo sy geseßen, auch ob er ußerdt der bes
221 775 1162 884 tagten frouwen, sonst sheine andere
216 845 1176 974 perrsonen gethaufft habetc. So er aber dur
223 906 1175 1022 fründtligkheit nit zar bekhandtnus zebrc
204 969 1179 1092 ware gan Marzil gefuhrtt und darüber
203 1039 1168 1158 mit anwendung zinlich murtter zu
204 1106 1175 1231 wortten gestoßen, volgendes syn antwort
223 1180 1177 1305 an ih gnaden gebracht werden solle,
204 1237 1179 1378 selliches ihr hu z�gheie Amaln mit sich
214 1313 1185 1431 der mitt nerordneten heiren, gegen ime
231 1401 762 1503 errichtet werden.
782 1421 1190 1531 Actum 7 ob
814 1546 1172 1667 antzley Bern,
985 1673 1049 1717 4
217 1698 1180 1841 Diewyl sber hienorgende soame Bweg
206 1793 1160 1903 gd gefallen, hie obgedachten mynen hoch
185 1861 1184 1951 und wolehrenden heiren h damit
158 1916 1179 2034 Aman Itei s Geörg Lang Hauß h Jacob
177 1983 1183 2092 Benner, wie auch h Großweibell freüttg
198 2061 1194 2165 zu befelchen den Invon gdt. band, Schafften ei
221 2118 1198 2228 jungen wider Hauffer Glli Boningarter
194 2187 1189 2294 Bos Tersird. In der kilchhar Langnant
179 2232 1182 2348 Nochmalen durch frndt, erichtliche jn
208 2317 1166 2427 h gottlicher gschrifft wol gegrenndt.
221 2377 1195 2493 erfunerungen vermanung under wysang
187 2445 1181 2564 und widerlegung durch wittell fründtlichen
229 2524 1178 2633 gesprechs anzuhalten, willicher derselbige uff
225 2595 1178 2683 dißmall zu bewegen syn und schuldige ge
221 2652 1187 2751 horsame gegen syner rattunlichen oberkhen
219 2699 1169 2811 mit wydung syner sectierischen roth auch
218 2773 1183 2878 an geb und vmeldung synes antlehreren
201 2831 1183 2923 wer namlich dieselben zendt, wie sy her
217 2870 1167 2998 und und woy geseyen, erzeigen werde,
210 2929 1193 3035 Item auch uber diß zu befragen, ob er ußer
209 2997 1187 3117 der vor anzognen betagten frouwe
