2448 3264
49 229 144 357 3
263 353 1108 502 So sind deßwegen darumb etliche redliche
275 442 1115 566 unnerworffne mans psohnen kundtschafftwys
276 487 1126 637 verhört und ußihrer bßag heiter beküedt worden,
251 539 1127 670 daß ja, solche ehrrürige schmach schelt und tranw
276 587 1118 732 warth ußgemelts Thonas Adelis mund geganen
275 649 1126 767 und durch syy erhört worden, auch daß sy gne
290 713 1118 828 nach geheptem sydt bert inghneglandt und
295 785 1154 910 gepiet zuuerblyben, allhie in der statt gesachen
284 829 1132 954 Über dißist auch ermelter Thomas Adeli Uff
282 886 1089 1005 den 21. tag lebst verschunnen augstmonats
1091 950 1129 1011 In
278 951 1142 1066 by syn gegenwürtigkeit und anhoren, der
278 1022 1145 1136 ehrenüesten frommen fürnemmen, wohlgrachen
278 1066 1136 1165 wysen herren sinon wurstenbergers des
294 1125 1139 1224 kleinen raths und hr. Ulrich Künbeis der haw
292 1176 1137 1299 geren Peter frutigs Großweybells sampt
294 1248 1130 1340 etlich weyblen, mgeen dieneren disers
301 1294 1159 1399 gschaffts halben zu Cartiili mit der Marther
301 1345 1141 1432 befragt worden, allda er bekent, wie
315 1401 1156 1501 auch mit der crarther bestättiget heob
311 1456 1144 1552 manzognen Eydt vbertratten, wie auch
307 1522 1135 1616 zwürke schmach ehrrürigen und ufflyb
303 1573 1170 1649 und leben abgangene trouwort gereht
658 1634 1167 1707 Berners alls uff samb
311 1629 589 1708 zuhaben etc.
317 1680 1167 1775 tag den 23. vorgedachtsmonats aagust
305 1734 1117 1828 U benelch hochgedacht ihr g durch
311 1783 1151 1886 ayne hochehrende herren Vermelte
314 1834 1167 1939 xaminatoren gezelter Fionas Adeli wider
323 1893 1163 1987 umb zu Martzili befragt werden.
323 1948 1167 2042 sollen, hatt er Thomas AAdeli, damahlen
310 2001 1172 2092 uff dem weg unner von der mannen
317 2059 1179 2152 beffi imme selbs mit einem by sich gehehen
315 2111 1170 2213 mäßer acht sich in syn buch gestochen.
317 2162 1170 2263 und hienit begert, sich durch diß grüclich
326 2214 1173 2313 mittell umb lyb und leben zu bringen.
314 2265 1173 2373 uff sölliche des gedachten womad add
313 2322 1164 2441 begotngnt hoche und schwere mißhand
329 2374 1168 2484 fungen, habend hochgenampt mahuen
313 2435 1171 2548 räth und Burger diser loblichen
325 2486 1173 2589 tatt Bern uff ihres gydt zu recht
323 2569 902 2661 erkent und gesprochen.
268 2598 1183 2745 Daß mahn inne kein nachrichter benehle
335 2641 1190 2777 der inne oberns uff geworliche richthalt
339 2699 1181 2840 füren, allda imme syn haupt abschladhen
327 2767 1155 2895 und also vom laben zum todt, nach
303 2778 1197 2975 beyserlichem rechten richten allet
376 2858 1182 3023 ere netheill ist an imme hrhand
219 2965 910 3096 Aldeli erstatet worden.
1302 377 2288 563 iß Benelch ihr gden Ist durch die ehrem
1292 459 2197 644 uesten etc. Brath ludwig mney den Raths, vnd
1302 501 2238 696 herr großweibell früttung etc. Welcher an der
1307 575 2196 766 fuhren, ein jüngling von underheewen alhie
1310 616 2245 821 zu Mantzile mit ernsthafften worten bewagt
1294 694 2197 864 und excaminiert worden, welcher besehendt
1250 904 2181 1034 lßer verschinen zerpstes zu Oberhoffen
1303 960 2290 1088 gelaßen habe er (leider) domalen sich an ein gwüsen
1285 1011 2275 1153 wybs person geheuchet und also syn gehaptes gelt mit
1282 1086 2283 1214 derselben uppiger wyß verthan etc. Neben dißem
1327 1139 2296 1258 alß er verschiner tagen für wäberen gangen alda
1324 1216 2282 1338 etlich uych in einer weid gesechen, were er alhar
1306 1274 2243 1380 In die statt thonen und Lienhardt zembar den
1322 1320 2318 1426 etzger alhie antroffen, denselben zu demselbegen
1316 1387 2243 1498 sych geführt, ime ein stieg eßhin geführt und
1331 1440 2298 1539 verkhauffen, Nach dem aber derselbig ein zytLang
1331 1513 2312 1608 söllichen stier getriben und von zweyen wyberig
1304 1588 2289 1664 welche er dißes gscheffts haben befragt, den beße
1333 1625 2229 1719 trug und diebstall vernommen, hatte er gar
1334 1701 2267 1793 treffenlichen unwillig sich gegen ime gefangnen
1339 1768 2192 1862 erzeigt und also sich diß gscheffs nit mehr
1349 1816 2242 1912 geladen wellen, haruff dan er gefangne
1341 1893 2293 1988 söllichen stier widerumb in die weid getriken
1343 1943 2320 2033 sondr forde gegangen, welliches alles eine aber
1356 2001 2311 2107 treffenlichen len uin betehumere in, daß er
1355 2063 2307 2165 also hiemit syne ehrlichen elteren in kumer
1355 2114 2291 2245 bringe und wyse, dann er hienor allezyt
1342 2185 2267 2298 daheimen gsyn und sych erlich gehalten, wie
1364 2247 2226 2361 sie dan solliches, in daß künfftg auch
1370 2292 2077 2432 nochwythers thun welle etc.
