1174 2887
1055 36 1147 101 170t
140 74 1139 188 umb ein leib brott verfuschet, entframb
107 168 245 228 dat
129 190 1105 283 Aber das habe sy sich auch vor etwas
110 247 1084 324 Bytsruneer von Cappeleiw sy
116 299 1121 385 dem langenthaler Förli der Pfisterin
139 337 1112 439 bub daselbsten und einem anderen
135 385 1080 489 den sy menkennen finden laßen
141 438 1022 535 alda dieselben gemelter is fisterin
129 488 1040 594 vogt sinen spycher uffgeprochenn,
137 546 1054 638 daub nu rock, sampt erlchen
126 593 1030 696 eynlachen und etwas schintaun
134 650 1083 741 genomen, vnd sy gefangene hirzwise
132 701 992 801 in einer marten uff der waht
131 754 1107 852 gestanden, wellcher rocken Ietwederen
131 808 1010 890 der deyen, dey worden und der
131 863 1056 953 Langenthaler Jerli Fra von Den
137 902 1037 995 Ieren ein gennen, mit einer rothen
129 981 1054 1050 soseli gegeben, des buben aber habe
122 1035 1036 1102 dselben sin Mluter, wellche ouch by
131 1061 1053 1150 diheno gschäfft ysin zu sich genommen,
104 1116 592 1193 nd empfangen,
82 1188 1006 1303 Item bekent sy ouch das verschien
104 1254 1075 1340 Sumers JAggli Rung von Lollick,
121 1307 1068 1395 hofen und sy unbetrachtet sy noch nii
126 1353 1077 1439 von gesagtem satler gantzenn, ehrlich
117 1402 1087 1488 sanden halbee geliberiett sy sin einandere
96 1453 1084 1537 die eheversprochen, er nung zwar
113 1503 1001 1584 mit dem vorthalt, wann sy ein
118 1549 1071 1634 Scheidbrieff ires wleis halben bringe,
110 1598 1095 1686 er sy dentzmalen zu kilchen füren
94 1644 1089 1739 wölle, er habe sy aber angentz mit sich
90 1689 1050 1782 gan Tollickhofen gefürt, und worint
90 1743 990 1839 daselbsten in sines studers spycher
95 1794 1086 1897 Aunn offteren: wie ouch einmal alhie
86 1833 1062 1947 zum brütz, alsa sy sinst ouch vill gsin
95 1903 1057 1997 glychsam als ehemantschen, die nacht
86 1953 1027 2057 durch by einanderen gelegen und sich
101 2005 1011 2101 allso rpig und fleischlicher wyg
73 2030 1058 2155 und hiery vergangen, er kung habe
96 2087 1026 2199 sy ouch allemal wann sy by ime
93 2134 1076 2230 ysin gastfry gehalten und für sy bezolt
68 2192 1023 2288 wie oucht syn stätig uff guts und
97 2226 1027 2334 sich wolzuhalten gewigen, dann er
82 2282 1072 2384 von sollichem Irem Irem vppigenlob
46 2329 946 2421 wäsen, dieb stälen und habender
85 2352 1063 2499 Branekheit gantz mitzig geweist, sunst
70 2411 985 2515 habe er sich auch verschinen summeß
84 2463 951 2556 von sollicher creverentersmelden
77 2498 1008 2631 frontzosischen kranckheit wegenn,
71 2560 1039 2680 mngen cirierenlaten sy vermeine
70 2598 959 2714 auch anders nit, weder das grader
43 2645 1036 2765 Rüng verschiner nachten eine sy dem
