1253 3127
135 33 287 122 156.
330 196 1154 342 exemsiel heiliger gottlichr schrifft.
338 282 1135 420 owol alten als unwes lesta
327 349 1173 473 ents aller wytlöüffigkeitnach
313 408 1163 539 mit allem flysigem yfferil
326 471 1150 592 ernst eigentlich und wol heten
320 528 1148 633 præeftiert und zuuerstan geben.
311 586 1164 700 habent sy wol ermeltem s mit
331 652 1163 766 einihem grund in keinen stuken,
328 702 1189 830 snnopucten uber syne gethand
330 770 1167 881 Intorrogationnes nit begegnen,
319 823 1180 943 noch Ime, dieselbig vf kein form
285 881 1206 990 Rejutieren könen, noch frellen: snds
309 949 1200 1054 anzeigent, daß sy uun soliches ines
329 1009 1220 1116 vorgehaltmeß Et laubens artiel
319 1066 1186 1171 mit uns flychforung uber ein
330 1131 1183 1211 tmmmt unnd erkennmit auch
333 1190 1187 1281 vnser Bibel, für d ware teil¬
347 1251 1112 1361 sann wort Gittes, welichem
342 1304 1184 1417 alich durch uß flauben setzen, sönt
330 1366 1160 1466 daßelbis so fryth inen Gott der
304 1422 1183 1543 Allmechtig gnab verlychen werde
310 1484 1147 1587 halten wellnit, Vßgenomen
305 1555 1166 1636 Was der artieel des hlauffs
319 1611 1164 1734 berurt, Da welliicht sy Inen vl
324 1681 1153 1787 kein wyß noch weg haßes uß
332 1740 1153 1836 reden, das die Jungen Kund, deß
304 1795 1160 1896 bauffsvor und ehe sy iren
312 1855 1183 1947 Glauben selbs erkennet, vnndt
271 1915 1171 2004 Darin instituiert syent, zöllnit
315 1968 1211 2094 genoß unnd teyfhafftis gemacht
291 2026 1188 2177 werßen: Vnangesechen, das sy kein
289 2104 1212 2247 Grund heiliger gshrifft ingrerffen
333 2172 1089 2278 noch widerlegen können etc.
242 2298 1165 2440 Was dan die Allgemeine ver¬
334 2356 1156 2455 samluns der kirch und predis
312 2410 1163 2538 Göttlich Worts belanget, ob
314 2463 1161 2595 wol sy auch mit allem yffer¬
