1315 3264
223 33 325 102 182
502 184 1262 374 So ist er ouch gestendig, das er Petter
384 282 1273 427 Satler von Rudserswyl, synem hinge¬
419 347 1290 494 richten schwager vil unnd offtermalen
378 404 1276 550 angemuotet mit jmme nach diebstäl zuo¬
406 468 1274 603 gahn, mit vermelden sy wellent vil¬
419 529 1279 670 gelt lösen, es müsse jmme aber nützit
420 580 591 677 schaden.
416 715 1301 841 Item als gedachter Petter Satler vor
430 775 1278 898 etlichen jaren by Hanss Züricher ge¬
409 824 1269 968 dienet, habe er Satler Bentz jnne
419 874 1257 1026 von synem meyster geloket unnd
414 947 1309 1075 jnne stälens underwisen, darufhin
410 998 1250 1106 sattler jmme gefrilferet und mit
414 1056 1276 1156 jmme gan Schweissberg gangen, daselbst
423 1120 1264 1245 sy uss einem spyssgaden ein kässli, ein
425 1173 1275 1295 erigen haffen und ein pfannen ver¬
419 1237 912 1337 unthrüwet habint.
564 1338 727 1405 mit hilf
401 1368 1310 1462 Wytters abs obanzognen Petter Satlers
411 1433 1246 1519 jm Mülithal ein halben müt mäl
426 1485 968 1575 uss der müli entzukt.
378 1568 1228 1686 Zuo Langnouw habe er ein käller
407 1656 1211 1766 uffbrechen wellen, sye aber darob
421 1715 809 1796 verjagt worden.
440 1780 1294 1913 Vor etlichen jaren habe er gedachten und
417 1865 1199 1953 satler synen schwager zuo einem
388 1908 1213 2015 källerloch yn gestossen, darinen sy
418 1969 1258 2064 aber nützit dan sein anken ballen
391 2028 1215 2124 und jn einem g'schir schynig fleisch
396 2082 1178 2221 gefunden, welches sy genomnen.
374 2176 1224 2313 Unndt endtlich bekente er das er
410 2252 1251 2365 souil ässige spyss, hin und wider¬
404 2300 1269 2446 genommen, dass er die zal der orthen
387 2374 931 2494 nit nambsen könne.
320 2447 1283 2608 Uff weliche syn bekante diebstäl were
391 2520 1281 2638 er damalen von hoch und wolgeacht
378 2573 1293 2734 jr gdn jn das alhie gewessen g'meine werk
