1635 2429
77 86 185 190 58
394 154 1615 336 Wie auch werners angezeiget synndt noch
361 255 1602 417 voll mohr mit denen sy sych in Hury ver
354 346 1494 507 stiefft der selben zahl aber wüsen
1529 435 1589 515 4
362 439 1499 603 nit zumelden und sy solches shre
342 522 1535 726 derübten yppigen lebens, dises die
356 656 1607 826 ursach, daß sy mit zuwerchenn funden und
373 761 1561 939 deßwegen mit ihn sich zu erhalten,
381 895 1603 1066 umb disee ire überträttung im bitte
383 986 1610 1176 siy hochgenampt w ge gant hochlibten
359 1109 1591 1282 gnad und verzychung mit ahn pierung
371 1206 1583 1403 sich in daßkünfftig eherlicherwys unnd
372 1325 1607 1474 mit wechen fürzubringen unnd von solche
334 1425 1251 1602 eigen läben abzulossen.
344 1548 1550 1726 Ist ei mal lir unnd wyll sy otwas
324 1633 1572 1825 brestendts an einem schrectell hat, ira
389 1729 1601 1891 mit destominder der kleyner stein har
366 1790 1610 2005 zu gebunden und sy im waar geloßen
360 1894 1637 2061 worden, mit dem selben vffgezogen
356 1989 1499 2154 worden, hat aber vermes unnd
356 2097 1578 2247 weiter nit bekennen wellen
360 2198 1406 2341 such ir straf hernach im 6. blat
