1344 2238
915 46 1056 123 117.
61 143 1078 353 Sober diß habe er auch noch angezognem Müller
125 218 1038 377 ein mütt haber enthr�mbdet genselben i
116 258 1071 428 daß holtz gefragen und und ein die grotzen
119 320 1082 517 getrengen anda verborgen, derselbig she aber
130 417 1043 575 ime dem wüler ouch widerumb yn
138 506 672 646 gehendiget worden
67 610 996 732 Sölliches alles aber habe er ußgroßer
118 669 1030 800 gehepten hangers rath und gantz kheinen
95 745 1012 859 obermutt gethan durch mittell deßen
134 786 1018 937 sich, syn wyl und den habende kindt
124 875 729 993 Zū erneren vnd Zū Spysen,
114 973 1056 1092 onsten Goßerdt dem habe er sich, ie und
111 1044 1057 1141 allwegen ehrlich und redlich und wolge,
121 1109 1061 1207 halten, auch sich und die synen mit synem
124 1171 1084 1282 danrer handtwerck und anderer aebent
106 1234 1069 1333 fürgebracht und ernehrt, wie er jann
124 1298 1070 1400 deßen uß zweyen kildarmen hochstetten,
114 1347 1058 1475 und münsigen, daselbsten ergewonedt
104 1436 914 1537 Bermitliht gschrifftlichen schynen
148 1502 1059 1587 zu erzeigen begere, er finde sich alßdann
126 1554 1059 1676 daß widerspill sye er vrputtig und
134 1645 1039 1739 guttwillig die streaff darüber zuge
114 1712 621 1818 gulden und ußzestag.
103 1778 1022 1911 gittet hiemit hochgenamptg
117 1864 1042 1983 gantz flachenlich umb gnad und leoig
129 1941 1018 2043 laßung, damit er synem haupfman
129 2005 986 2110 zudem er sich jezundt in kriegen
138 2072 890 2179 schryben laßen, halten könne.
