1205 2767
1027 46 1134 120 179.
73 210 1078 401 genommen, weliche syn g'span Knubel har¬
88 303 1064 443 nach zuo Burgdorff verkaufft, dauon jmme
83 371 615 509 by 2 Kronen worden syent.
97 464 1043 649 Uffem Guggisperg uss einem käller
88 556 1018 694 6 mass anken genommen, welche auch
92 619 1072 737 syn g'span verkaufft und jmme syn theil geben
88 711 253 834 habe.
84 791 1035 954 Im Bärouw uss der mülli ein halben
83 882 1069 975 müt mäll getragen, welichen syn g'san
36 949 1087 1061 hernach gebachen und imme aber 6 broth
75 1016 437 1125 worden syent.
90 1114 1053 1244 Zuo Höüwmat im Truobenthal mit hilf
97 1202 1025 1294 berürten synes g'spanen (welchen er
100 1246 1021 1351 damalen verlassen) uss einem spycher
110 1305 1076 1385 ein wällen tuoch genommen, weliche aber
91 1373 1043 1475 dem jenigen widerumb zuohanden gestelt
86 1428 411 1500 worden sye.
83 1486 1035 1626 Diser syn g'span Knubel sye erstlich zuo
29 1569 1090 1675 Burgdorff demnach zuo Trachsselwaldt
112 1628 1065 1728 von diebstälen wegen ynzogen unndt
122 1679 1087 1777 aber uss selbigen letsten banden gerissen
108 1744 1093 1860 unnd synethalb nützit wyters vernommen.
100 1849 1065 1974 Dannethin so habe er auch (leider) mit
107 1933 1080 2028 hilf und bystand eines andern g'spanen
121 1987 1088 2078 genant Sämmi von Muri ungfarlich vor
122 2045 1084 2147 einem halben jar zuo Stäuissburg uss
114 2094 1062 2216 einem käller dry kässen entragen,
110 2162 751 2265 daruon jmme einer bliben.
92 2221 1007 2346 Abermalen zuo Stäuissburg einem
101 2293 1056 2401 lantmahn uss einem käller 4 käsen
110 2344 1079 2454 gestollen, welche syn g'span und er mit
119 2402 993 2507 einanderen getheilt, ouch damalen ein
125 2461 862 2584 anderen verlassen habent.
