1117 2932
946 28 1078 124 135
75 72 1025 247 zwo ell eynigs zuch Vnd by den drgen
62 157 1049 319 phunden aucken genomen, welchen Rucks
119 228 1048 379 er, alß daß pfund umb 2 herre bschauffe
119 390 992 507 stem In der vogthy Signauw, uß einem huß
104 461 1028 577 sein ell lyiigs thuch und ein anß Kapli abem
115 538 646 663 ziß, welches er geßen.
135 632 688 758 zu geub zwo ellen thuch
35 742 1007 873 Aber zu Breub vier ell wüllin thuch und ein
104 817 1011 925 acht pfundigen haß, welchen eie geßen
93 881 1010 1006 und daß auch. die ell et 5 h urghonfft
63 993 1056 1144 Nochmalen zu frub uß einer stuben ein grodt
105 1079 457 1194 ab einem Tisch,
73 1147 701 1280 vff Gunnen ein huß saß,
82 1249 1010 1359 Im Schachen dry ell willigs thuch, welches
80 1331 980 1427 ser alß die ell umb 5 h verkhoufft,
59 1420 959 1570 Aber im Schachen dem Pfister vor dem
94 1517 595 1623 huß am leib brodt
91 1612 860 1733 Innethalb Ryhigen zwey brott
62 1708 957 1828 merthaub signauw zoß einem haß ein
70 1795 523 1882 Bierttel Mall,
78 1837 960 1966 In Lindtenbachstalden ein leib grott
67 1940 930 2059 zu Jurenrodt ein luß und ein Stoffel
62 2022 460 2136 noüwen ancken,
15 2077 690 2242 Aber zu Trub ein kaß,
46 2195 1019 2348 Im Schachen vnder vier malen wieg Laßen,
36 2298 879 2412 Ginei genampf Freidl uff Gummen.
67 2362 914 2493 reuerenter gmelden) ein Eynlacht
48 2425 975 2595 In schwären ab einem thisch ein grodt
