1194 2914
68 149 185 225 116.
303 188 1068 340 Horerß Greßbarhers Bor
324 309 1034 412 Oberwyl der ampthyung
496 365 899 456 Surgdorff
305 479 1157 626 Der droben in v g gefangenschafft der kef
328 566 1149 689 enthaltne hauß die sobachdettig jroh
306 637 1176 751 Ober wyl der aamptsynng Bugdorf
290 697 1162 811 Nun aber ein gutte zitt vffem wyen
312 775 1156 891 by Geittenwyl der herschafft münsigen
335 853 1165 953 eschafft syner begangenschafft ein murer
319 925 1166 1021 ein einfalter armer man, hatt gesterigen
324 972 1174 1094 tags zu Marzli in by syn und gegen
1103 1055 1147 1107 let
332 1050 1128 1152 würtigkheidt der ehrennesten etc. H.
324 1118 1156 1223 Hanß Rudolph Dubis, deß keleinen raths
315 1178 1163 1289 h andres gottiers der Bürgeren
315 1254 1167 1341 und hr Großweibell früttigs sampt
316 1309 1145 1421 etlichen weiblen von gden dieneren nach
312 1394 1143 1495 ernsthafft ein dntlichem befragen,
265 1456 1135 1546 Wie auch bethroüwung der marter Be-
299 1522 884 1638 schende und verfachen
216 1660 1128 1778 amlichen daß er by nacht HanßMooßen.
274 1751 1105 1838 dem müller zmr Müllibach under
292 1809 1107 1921 großen hochstetten von Ergerland
293 1864 1137 1995 ein laden ab syner mülli gebrochen.
263 1953 1140 2051 und uß der selben von einem halben mütt
271 2024 1111 2123 dinckell und einem halben mitt
278 2086 1096 2182 haber, daß mall genommen, sölliches
285 2139 1131 2261 heim getragen und denhalben theill domon
287 2203 1131 2319 gebachen, welliches alles aber im e dem
265 2285 1111 2379 Müller wider worden ußgenommen
274 2340 1126 2449 Soßgemeltem moll zu einem fry Jon
276 2409 1146 2540 sych deßelben morgens gebochet und geßen
264 2484 1144 2598 Item ein leib brott, er der müller
291 2517 1149 2656 syner deß gefangnen khinderen umb bote
256 2607 924 2717 Weillen geben und zugeshelt
965 2628 987 2685 7
