1236 3132
92 49 961 275 Insald V.red beuelche
99 159 922 354 hindshinen sambstags den 28.
105 197 1051 396 Junÿ 11630 dūrsch die Ehrennfl c.
94 294 975 475 RRudolff Steigers deß kleinen
80 425 325 523 Rats etc.
77 449 995 662 und erstlich Thryna Enkhind
44 555 994 728 Duri der Kilchari Unwengs, sy habe
67 615 990 763 vor vngefahr vier Jaren by dem
77 668 1072 842 jetzigen wirt an gall ein unehlichs
80 754 1034 900 kindt erzüget, und darummb damal
98 815 982 978 alhie geburender maßen abgebußt
52 873 1072 1046 Gelbenget dannethin daß sy gehörter
89 952 1087 1067 maßen Joch H Rudolff Sterhlers schmeen
56 1017 1057 1144 hinder findem salcken, by nacht und
78 1080 1035 1230 hen lengen funden worden, sye diß
98 1145 1079 1254 e hienach gemelte Fronergg Bütig.
85 1210 1017 1311 Faffer ein ursache dan dieselbe sya
87 1263 1027 1382 uf dem abent, sin irer heiubstraß
63 1325 1030 1446 hin vermage, als uu sy dahen
75 1385 1072 1496 kamen, habe sy angentz h von Rasgangs
63 1451 1102 1568 Enächt, vnd die zwei entrunnen, welche
109 1512 1062 1629 sy gantz nemalen könen, vnd schon zwo
99 1568 1005 1668 mnaß wyn by inen than, daselbsten
90 1631 1080 1753 funden, sich aber weder mit denselben,
102 1687 1062 1790 noch jemandt anderen Wysers nit
81 1752 1053 1863 Vergeßen, sonders ußert disem, sich
82 1816 1052 1938 dewegen by erem Vatter enthalten,
50 1866 1089 2011 und sich ehrtlich mit arbeit fürbracht
64 1931 1085 2059 Im ubrigen bekenne sy auch das sy zwar
75 1997 1059 2131 umal by vermelten khnecht und der
70 2055 1103 2210 anhognen zeütigkaftern in dem kamerl
70 2109 1000 2225 dser Schuren dauatz gen, daß
88 2166 1049 2314 sich aber mit einanders vergangen.
77 2234 950 2342 wüße sy das eigentlich nit zusagen
60 2282 1068 2437 Bitet semit und gdt umbgesedige ver
101 2357 314 2448 zechdng
76 2376 1100 2527 st mit dem dumbysen gefeckt worden.
86 2460 990 2585 wie ouch hernach einmal mit dem
102 2500 682 2597 kleinen stein uffzogen,
49 2571 1036 2679 und hernach nach reschmeitung mur
96 2627 1057 2731 der rüthen von statt und lant
85 2668 310 2732 vrwigen
1006 -76 1137 60 153.
