1180 3233
1023 40 1138 100 121
325 97 980 216 Barbli Loggwyle
211 168 1044 261 re den hryentmmpterenn,
482 223 653 306 unnd
311 249 1061 359 Elsi Hartman von Ram¬
287 304 1005 422 stein Basler gebiets.
148 442 1122 580 ermag un g zemelchs sindt ver
837 514 873 546 E
158 516 1023 614 ihmen sambstags den 8. diß
135 556 996 673 gleymonats und 1635 jarb
132 605 1102 723 Durc die Eherennesten Fromen
144 642 1142 756 fürsichtigen, hürnemen wolgeachten
132 694 1068 809 wysen herren, s grath andwig
126 746 1129 842 Mey des kleinen shats und h groß
124 810 1037 893 weibel frütig sampt etlichem
127 842 1119 941 weiblen hochgenant un hdieneren
158 903 1078 981 alsie zu Wlaubili zwo verschiner
147 944 1124 1034 tagen alhar gebrachte wybspersonen
157 987 1094 1081 gantz flys und worternsthafftig
150 1044 1129 1138 Betreffendt Ir hin: vnd wider schwett
120 1088 1130 1176 andes argwöniges labwasen, etragt
88 1143 1094 1231 und harber die warheit zu bekannen
118 1194 1122 1286 vermant worden, wellche aber vere¬
137 1242 1083 1323 nersne, weder was volget be
133 1307 548 1368 hennen wollen
370 1357 938 1453 Sud erstlich Barbli
355 1424 965 1508 ToggWyller uß den
282 1476 909 1559 ErgenAmnpterenn,
119 1539 1034 1631 ambröhen, das sy sic fünf jaren
145 1618 1061 1690 dahar stats in hoch und wolgemelt
140 1657 1083 1721 u g gebiet, sich enthalten und jeder-
123 1692 1111 1775 syte, so wol sy lebsyten ires erstenn.
138 1747 1066 1814 alls auch by jelzigem trem Ieman,
136 1784 612 1853 wellcher zwar alls s
619 1781 1059 1855 yzum nechstenn
138 1831 1099 1891 zu Kilchlindach, alls argwonige luch
127 1863 1103 1937 wegen sy In einem holtz, sampt etlichen
138 1918 1021 1973 anderen, die sy anderst nit keime,
133 1948 1099 2012 dann dieselben erst zu inen kommen,
131 2004 1089 2058 Ein mal suppen gesochet, gefencklich
134 2038 1090 2114 angenomten und alhar gefürt worden
134 2082 1020 2151 asgetredten, sy wolte aber, das er
145 2136 1111 2205 sollches niegethan, sonders zusampt fra
140 2169 1054 2253 salher komen ware, dann sy mitzie
126 2215 1080 2297 boges, degen sy sich zu frrchten verbracht
119 2268 1094 2343 habindt, theills mit seinen, vnd anderer
137 2304 1011 2378 rechter arbeit, vnd dann ouch zum
705 2347 750 2378 de
126 2351 1080 2420 Erten mit Allmugen honschau eherlich
133 2403 1068 2469 fürgebracht und erhalten, deroge
109 2452 1102 2516 stalten, wo sy byanhero gsin, allezyth
116 2480 867 2557 wider dahin gan dorffe
120 2531 1078 2631 Getreffendt dann den Jenigen zum
128 2614 1096 2689 Irer gfencklichen annemung gefundenen
129 2647 1036 2722 speck, sye der selbig des sy iaun
121 2709 1074 2769 geweseren alten mans gsin, welcher
126 2749 1065 2819 angetengt er denselben geerbt unnd
112 2788 1058 2877 also vberkomen habe, anders wuge
