1170 2953
29 73 139 126 130
223 1875 254 1921 11
263 122 1175 266 Battenwyl und suust mit ga meinalb
264 176 1158 279 neer, dann sy jetzund ir hertz gerumbt
245 218 1141 329 In rüeheren befleckt gezwegenn
260 266 1128 390 haruf hochgenant vnd g seer hoch unnd
264 317 1137 441 flechenlich vmb genad, vnd verbychung
270 357 1139 455 gebetten und das dieselben ent
280 417 1127 501 irer langwirgen schon uggestandenen
277 452 1131 540 gfangenschafft unnß erlienet marter
284 503 1104 587 owol den diysens, alls auch in
225 540 1106 640 Macheli, ein genediges vermugen
261 590 1128 693 haben wollmit mit demütiger aner
229 625 1145 738 ebietung sich im das künfftig aher und
259 679 888 765 redlichen zunerhalten.
239 753 1127 838 Ist einmal lar und ein mal mit
220 803 1120 900 Dem kleinenstein uffgezogen worden.
789 869 843 905 e
477 885 512 922 2
207 879 1103 975 It den 27. maii 1630 mit Ruthen
262 952 1118 1044 srygeschmeist unnd von ir ger landen
240 1000 1110 1077 nuß gebiedten, bis vff schynbare
250 1039 1084 1113 bezerung und genad hin verwigen
235 1079 393 1136 worden.
442 1089 485 1133 so
356 1339 1053 1457 Aires Galdmer,
261 1476 1148 1582 Iewyl gegenwürtiger Hanmidg
284 1548 1081 1620 Graediman von Langnauw
268 1584 1126 1654 vn dem Ihinenthaal, vor etwas zyts
262 1633 1137 1692 zu Rychigen senem fürgeben nach ale
260 1676 1139 1756 brodt zunemmen, in ein huy gestigen
268 1720 1131 1784 harüber ergriffen, vnd diger Jagen
260 1755 1121 1838 gehencklich alhar gekiat, alls ister
246 1802 1128 1868 vrowegen, v Ir l benelch, ver¬
296 1850 1109 1913 ihmen Montags, vnd mitwuchens
286 1894 1128 1968 alen 14. vnd 16. gegenwatigenn
289 1932 1141 2003 Brachmonats und 1630 jart durch
254 1969 1144 2042 die Eherenuesten, fromen, furnemen
258 2012 1123 2093 fürsechtigen wolgeachten wysen
275 2049 1131 2124 herfen h Johans Wyss deß sraunn
253 2086 1079 2148 shats h HUlrich Ggwaldt der
270 2112 1140 2211 Bürgeren und s Isteter fentig grtt
241 2159 1142 2248 weibel, in bysyn etlicher weiblen
254 2202 1141 2305 hochgenant ir s dieneren, harube
275 2244 1130 2327 wie auch anderen sines rrstarger
251 2291 1119 2380 nigen lebwessens halber alhies
245 2338 1115 2420 alaroii mit der warter eann
242 2372 1125 2459 niert und bfragt worden, das bst
260 2433 1133 2518 er hienachgeschribne elighandlungen,
253 2477 1110 2556 und verbrachte diebstäl, gekennt,
249 2530 1029 2600 verzachen, vnd ous mit der
246 2581 780 2644 warter erhalten,
237 2621 1106 2747 ambrshen, das er auch schon von
264 2664 1118 2776 ung far deyen jaren zu signonk
260 2716 1105 2830 gefangen gelegen, were aber domalen
234 2749 1128 2861 solheer in das schallenwerck erkënt,
