2448 3264
39 162 139 240 54
252 249 1100 394 idet glychjörung un g
322 331 1085 454 umb genädige verzychung
254 389 1121 520 Ist zum ersten mit dem kleinen
247 463 1063 562 hernachmitt 2 zum drieren
274 498 1107 606 mit dryen steinen und hauß
275 551 1113 667 immne zum schräcken, derreite
299 590 1115 714 tam auch zuhin gebunden worden.
238 662 1100 755 Ist mit enthen usgestrichen und mit
272 721 1113 804 dem eydt von ir g stat und landt
259 764 531 843 vngeigen
435 988 1137 1189 Borena Luthnbrr
511 1154 960 1233 hievorgemelt,
293 1211 1086 1324 So wol disere wybspersonn
319 1280 1133 1372 u un g benelch uber iro hienor
269 1338 1126 1428 gethane vergicht, gesterigen tags
305 1375 1101 1463 auch durch die ehegenmesten etc.
296 1440 1147 1522 S. Danel von Weirdt des rhats
287 1488 1119 1570 und h. Grozweibel feutig
287 1542 1164 1616 zu Marsch, mit der warte
299 1599 1145 1663 mit meererem befragt worden
287 1640 1138 1734 hat sy weder Gluekhandt, noch
311 1695 1103 1778 auch anders bekamten wöllen
301 1731 1135 1815 wader das Asehligmat Ultschli
292 1794 1093 1891 Item der Gyger haus, wie
314 1846 1100 1925 oach der knecht zu Lond.
283 1891 1143 1987 wie dieselben sy jra gsin in der
288 1960 775 2047 hr yffin sgeindt etc.
300 1997 1146 2125 Bittet gantz flachenlich vg
303 2065 1089 2181 umb genat und versygnug
303 2106 1125 2226 mir ershaffter anerbietung sih
300 2147 1122 2269 4 das künfftig mit der hilff
796 2215 1131 2294 talten Zūuer¬
283 2246 793 2333 Gottas sich dorg
297 2274 1117 2399 halten, das irenhaben kam
283 2294 1129 2450 wytere klag nie kon werd
286 2390 1128 2520 Ist allein einmal mit dem kleinen
272 2434 1149 2549 stein, wyl sy die mantermerr
276 2474 1117 2615 syden mögen uuh zugesorgen, sy
333 2543 1124 2675 hwang sin möchte ufffgezegen
913 2603 1145 2697 B gebrnd
502 2619 587 2719 d
313 2632 503 2724 wordn.
302 2663 907 2779 Ist rygesichmeitzt, mit dem
302 2666 1087 2804 unnd volgendts mit dem eydt von
297 2738 855 2879 und landt verwisen.
2201 134 2313 202 55.
1498 202 2248 384 Barharn Grirwyller
1334 280 2236 433 Burgerin alhie zu een,
1362 401 2313 596 Dem 21. digmonats und Jacb
1339 465 2302 637 re un muner g 8 geheißen und bemelch
1331 532 2255 692 Ist durch den odlen Garemwesten
1342 568 2290 719 nienen, fürsichtigen wolgeachtnug
1315 631 2274 772 wysen h Gearglidwig Ulih der
1313 667 2265 819 shats, im bysyn des oherwürdigen
1316 727 2222 858 wolgewerten e Damol schundts
1322 783 2296 915 helfferen alhie und sGreyweibel
1323 819 2293 947 frwtigs i din wybsperson Barbli
1310 884 2172 982 Benwyller un diser stat Hürtio
1324 928 2229 1032 wellche in ed g vnderem Spieca
1330 987 2195 1074 alhie gefencklich enthalten wirt
1312 991 2226 1119 wegen dieselbe verschinner tagen
1320 1059 2211 1159 bekent, das Jragorr behner uut
1327 1115 2219 1208 der leidige satan, anhalte ouh
1964 1152 2315 1226 l ershinen
1334 1174 1941 1253 Fraschon zum anderen
1345 1205 2298 1307 alles ernsts und flyßes beregt worden.
1306 1272 2294 1350 welche bken mit gutem verstandt bekent,
1317 1337 2208 1418 lls sy vor etwas haren wegen
1345 1386 2232 1463 blödigkeit, vnd verwierung Irer
1367 1429 2186 1517 einen, welchem sy noch hutigs tags
1356 1488 1989 1563 underworffen, danmhan sy
1994 1496 2211 1553 manhes
1355 1529 2173 1604 mal ni wüsen, was sy mache zu
1349 1578 2243 1650 Inderlacken, In der allen getangnnschafft
1354 1613 2271 1691 gefangen gelegen, seye donsolen aner mit
1349 1659 2288 1744 ofnin fallen boar, tra daselbsten erchin
1325 1705 2227 1790 undgesprochen, wann sy ich ihme ergebe
1327 1754 2246 1833 welle er ira geltwerden laten auch
1338 1802 2265 1894 verschaffet, das sy wy diir gnfangenschafft
1337 1852 2308 1958 gelediget worde, woauf sy sich gesagnen
1307 1900 1924 1992 vnd der Jenige verschween
1255 1953 2297 2112 Itom veretwas syts habe sy ddem eshnren
1319 2031 2268 2144 ruchten sptals sueßen gebracht und
1319 2069 2276 2207 als sy uff dermacht uff dem stalgen
1324 2120 2309 2252 werdem underen thor abermalen zusolcher
1318 2175 2276 2287 verwierung angefanen weinen vnd sich
1327 2211 2282 2347 volgehan ihn betrachtung wie sy sogeng
1312 2253 2307 2409 clahen  sich Irer mein auff beladen
1330 2284 2240 2434 ode annemet welle, sye daselchstane
1267 2329 1780 2433 Gott berme rns
1321 2393 1829 2495 abermolen begegnet,
1788 2377 2267 2479 dr boche fau Ira
1848 2433 2277 2547 vff dese henszerey
1322 2430 2221 2552 er der doße gennt arben anethalb un
1321 2462 2312 2629 Kowrweg sy der holengarten hernte beklant
1324 2509 2273 2679 und ein stacken in der handt habenent,
1336 2540 2243 2714 gestanden zu Ira wrachande, was ich
1334 2577 2216 2751 Die erlenesch, dotder so grynst kein
1342 2647 2287 2805 mit mur fraun dee theist, wat ich will
1353 2679 2304 2848 owiestu genug haben, daauf sy zwo
1347 2730 2294 2910 erant wrotter, syi wolle ihme voggen und
1336 2762 2187 2946 der feindt aler Ira Iu ener papgr
