1184 3121
1067 73 1145 158 15
93 99 1078 227 In Brafenriedt sy beide und der allie
109 186 1064 304 hingerichtete Steinhauwer Postwaber
155 241 1105 361 nachts uß einem spycher lynigsthuch ge
128 305 1045 395 stolen, daruon ime 50 ellen worden.
142 360 1146 474 welche er zu Solothern umb zwo kronm
141 428 451 522 verkaufft,
126 528 1073 673 zu Höchsteten heige er abermal ein
181 623 1135 731 in gespan Syrisperger ein spycher uff
170 686 1160 795 gebrochen, daras sy zwen sampt obgemelten
132 744 1125 857 steinhaurer nachts sechs käsen gestolen,
170 810 1157 937 selbiger syendt zwen worden uß synigen heige
163 870 1160 997 ergwo kronen erlöst, ermelte yne gespanen
158 939 1173 1043 aber uber disee käten noch ein seitenspeck
140 997 1170 1122 gestolen selbigen sy nach und nach nat einanderen
166 1074 1138 1193 verbrucht, sonsten sage dem Byrisperger
166 1140 685 1245 nocheinhut worden.
170 1241 1134 1360 zu Bollendingen seige ein anderer (in
143 1311 1096 1421 gespan, die rothe nahen genampt einen
170 1372 1112 1495 yher nachts uffgebrochen, sye noch ein
163 1449 1175 1563 wäber by inen gesin, daruß sy uiid jeder
162 1510 1142 1607 funff mas korns der wäber aber vier
168 1564 1065 1678 mas haber nidem müs hirb gstolen
141 1649 1116 1791 Zu Hergen in der Mëli, so syn gespan
145 1745 1110 1853 trothe nahen uffgebrochen, sy dry lestge
136 1805 1067 1911 natebte jeder funfftmäs vorn sampt
144 1871 1165 1980 einem käß gestolen underkaufft sygent jeden
142 1926 704 2034 fünffgelts worden etc.
117 2037 1149 2145 Albermalen ergefangne imme dise andere
149 2107 1145 2216 gefangenschafft uswkelicheren ergantz ver
140 2161 1126 2285 wunderlich usgebrochen, nit dahin dienen
153 2240 1156 2344 lossen deßerlich stälers gemneaget und
127 2290 1120 2387 Eingebürliches bebwüßen für die landt
147 2360 1062 2477 genommen hatte, sonder ist vor etwas
144 2430 1101 2533 weihen abermalen wegen verübter
142 2490 1130 2615 diebstälen, gefencklich alhar gebracht und
150 2579 1093 2666 vogents den 2 s. decembris angeregts
153 2641 1124 2758 0 29 jahrs allhie zu Marzili in by sin
128 2707 1166 2825 der ehrenvesten fromen, fürnenen hersichte
141 2776 1158 2881 wohlgeachten, wyßen hr. Hans Rudolff Stein
131 2831 1157 2951 des rats item hr. Babriel Gend
131 2907 1138 3011 tisperger der fürgeren und hr. groß
144 2972 1126 3079 wegkell frutigs samptetlichen weyblen
