1140 2840
42 27 139 97 150
191 225 1105 353 zu Haßle in die gfangenschafft gelegt
155 284 1105 418 Uond aber uff ersatzundg deß dies
206 379 1116 504 shals und einer censur ledig glaßen
176 428 493 510 worden
192 602 1101 753 Die ursach syner gefangenschafft sye, daß
193 700 1121 823 syn brender, welligen nun ein küretze
226 779 1144 898 zytt mit ime umbhenzogen im kiemuchtell
216 866 1143 962 ein leib brott wegen großer hungers ein
216 919 1116 1035 sß einem bawoffen genomen. Ei habe
215 988 1139 1109 aber inne das nit geheißen und trage deßen
209 1050 532 1170 sehei schuld.
184 1210 1117 1327 den überigen haben er sich mit kheinen ander
197 1290 1100 1383 diebschalen vergreiffen, sonder sich alzytt sich
174 1355 1116 1454 shilich gehalten und synes handtwerck
206 1418 1117 1531 beflißen, Nachdem er aber an einer hand
208 1484 1118 1590 dan worden, also das er syn handwere
215 1561 1099 1658 nit mehr hab bruchen khonen, er sich deß
170 1635 1088 1729 haubens underfangen und darmit
208 1709 1082 1816 erwehrt, biß an jetzo etlich wuchen mit
213 1774 1059 1884 einen gygen dem allmußen nachzogen
114 1838 193 1926 4
895 1894 967 1938 2
228 1915 1073 2028 Ist den 29. junii 1638 mit
308 1981 1051 2082 ruchen uh geschmeitzt
295 2064 1115 2131 vnns volgendts mit dem
222 2096 1124 2194 Sydt von Er G. Stekenn
238 2154 1091 2256 unnd landen verwitenn
476 2218 745 2308 worden,
90 2326 1047 2434 1 Gutter Gott, vnd ein hoche
178 2391 1050 2483 verkeit umb genad, unnd
164 2441 1093 2534 rekzygung, und ist einal
165 2493 1045 2577 lar uinmal mit dem blenen
188 2554 1006 2625 tem vnd einmmal mit dem
170 2597 1064 2708 grogeren stein uffzogen worden.
