1113 2598
9 24 121 104 152.
143 99 924 237 Anthan Eohß uß
283 192 844 281 Landt Vogten Röūris
347 249 1115 363 ekent den 1 f jani 1699
83 284 1091 433 syin examnnatoris Rud Stugs deg Rhats etc.
125 391 1019 523 Er syn sein Läbenlaug alhie gsan
149 480 1064 592 unß werde syn h der h von Paggang,
181 536 1079 677 nit zugen könen, das er imme das wenigest
178 606 1028 715 onthruiret, dan er sich sowol bi
169 662 1065 771 demselben als auch bsy anderen hern
187 722 1020 826 alle zeit hrlich gehalten, gstalten
176 776 1021 873 daniemant nit umb ein batzen
179 830 1070 950 ab eine clagen werde, unkugheit
164 886 1062 999 halb habe er sich in derselber vertiffft,
178 943 1029 1060 ußgenomen, mit der ob zngahnen
190 1002 1046 1118 Fronegs bütigkoser, zwar nit
172 1056 1058 1158 diß abents, aber son hievor, zum
167 1120 1082 1242 anders onal auch in diser schüren
163 1167 1026 1289 jedoch aber derselben die the mit
175 1229 1059 1349 versprochen, Habe sich auch gantz
174 1308 1092 1407 nit mit obanzohnen gütigkoffers
172 1371 1049 1480 Ds dem Kamerl diser Schurens
166 1418 1013 1568 gegenwurtigkeit Iuermelter
199 1496 1085 1627 athris Linch I vneisheitertrabt,
163 1564 1036 1683 das dar die hwen verge¬
190 1647 1076 1751 flochnen belangkt, kenne er dieselb
178 1710 1027 1806 nit anders, weder das deien
167 1778 1069 1890 jetzo zu m hohehrendth Michel
175 1851 1061 1949 gedinget, er ander aber, welch
138 1895 1040 2004 Die zwo maß ander vorderes
174 1957 1032 2071 lafsen gereicht, lieuor by der
174 2026 1074 2161 erfung d eugglerin gedienet habe
80 2174 932 2341 Gittet hochlich vmbgaad,
147 2313 1037 2427 Ist den julii mit dem bydt
203 2366 1067 2470 für der Burgeren hinne, ein halb
166 2431 873 2515 jar lang verwigen worden.
