1182 2761
1019 12 1143 108 1594
747 110 831 165 e
191 103 1103 282 o Gester den 22. Julii deß
48 214 1147 363 obe 355 jahrs in by sin und gegenwürtig
94 278 1080 423 keit der ehrennese fromen, fürnemen
104 348 1111 472 fürsichtigen, wohlgeachten, wyßen herren
68 408 1119 551 berth Lidwig Meyen deß kleinen rahts
95 490 1126 620 Hs Ullrich Schärer der burgeren und herren
90 547 1116 686 Großweybel Trüttings sampt etlicherwey
99 605 1138 739 blen hahrren dieneren, hat der droben verhafften
74 687 1123 813 und verschiner tagen, durch Ihr gdi ampts
95 749 1078 868 man zu Frawerbrunnen alhar geschickte
79 786 1140 922 Wetter Löüwenbergen von Runderßwyl der
67 884 1112 1001 landtvogthig Trachselwaldt, alhie zu Marzili
86 954 1085 1044 hienachvolgende hoche, schware Grüw
57 1011 1096 1135 und abschuchliche mißhandlungen mordt und
67 1082 1098 1198 obelthaten bekehnt, sölliche auch aldas mit
88 1148 986 1263 der Marter erhalten und bestättiget
64 1300 1034 1439 enstlich habe an ungefahr vor dey oder
88 1390 1086 1504 verjahren mithaff etlicher syner gesellen.
76 1446 1074 1579 Hanß Bichsell Ainsideß Ruderßwyll by
66 1524 1094 1616 Den 30. maßen wyns uß dem Bellenent
483 1569 510 1614 su
59 1565 1112 1711 zuckt, den selben mit einanderen getrucken
70 1622 1080 1768 und glich hernach Geörg Ramseyer, auch
68 1678 1002 1792 daselbsten zwen mütt korn ueß einem
75 1741 790 1863 spgchen holffen entragen,
68 1915 1080 2058 Item erselbs Fredli Müller zu Ruderß-
31 1997 1080 2122 wyll uff der Alp Trümppell genampt
77 2048 349 2145 ein Gäß.
56 2160 1032 2305 zu Ranflu Niehauß Löüwenberger,
52 2262 1066 2385 ußhengers nacht ein halben käß sampt
81 2319 1061 2456 seinem leib brott, wie auch Neli Chriß
86 2380 695 2484 ein leib brott entnuckt.
