1249 3042
161 145 308 233 126.
343 321 1183 476 ernstlich befragt und gemra¬
388 407 1199 537 miniert worden, weliche dan
358 461 1183 594 Zur anteortet darüber, geben
360 534 679 640 wie volget,
342 651 1223 802 Alß erstlichem, habe sy by herren
360 738 1211 852 Jacob Müy dem Mhüulzmeister
372 782 1228 913 n Bahhels gedienet, sich auch alse
368 834 1196 953 Alda, vnd saut an alles ortten
361 897 1224 1046 Da sy eewoiget ufrecht und redlich
365 955 1214 1096 gehhalten, Alls aber Ir Eheman,
374 1022 1216 1132 ein Liederliches Läben, vnd wesen
359 1097 1229 1202 gefürt, dardurch sy in die armit
337 1158 1207 1272 und ufgaßen komen, habe, sy sich
355 1216 1183 1340 der gstalten hindermueht es
368 1273 1184 1386 sy irer sinen beraubt, und am
360 1331 1206 1457 hust ysen gelegt worden, Hagr
365 1397 1137 1502 nach aber als sy dero wider
353 1452 1174 1572 entlediget, sye y alhar komen,
348 1514 1162 1618 und irem Csasss, welcher uf
355 1580 1148 1687 einer Alp Imdienst, nach
342 1645 1186 1755 zuchen wollen, habe sich auch biß¬
341 1698 1197 1796 hero hin und wider mit annes
342 1756 1134 1851 erhalten und wo sy gelt be¬
315 1808 1131 1930 komen, mit flachsgewerbet
237 1930 1181 2060 Anlange ds Bieli, welches sy bÿ
333 2007 1151 2105 iren getragen, sye söliches zu
323 2067 1191 2189 seiner bösem wengung geschechen,
334 2116 1169 2212 dan sy soliches irem man No vf
325 2176 1195 2295 einem berg diene zuschafft wollen
297 2282 1170 2385 Wolin sy aber mit dem Jeins Gars
311 2347 1188 2460 deßen pppfund gsin, so sy by iren ge
329 2413 1163 2514 tragen hinkommen syn, habe sy
334 2464 1125 2580 sollches in Fryburhg umb 26 lb.
321 2513 578 2619 verkaufft,
302 2576 1190 2681 gitet gottn und u gd umb gnade
311 2656 1137 2751 verzychung, mit vermeldnus sich im
370 2705 481 2748 I.
311 2706 1139 2814 funfftis mit ehrlicher handtsernn
312 2753 743 2855 zu erhaltten tc.
308 2813 1138 2915 It mit dem dmysen geferken
376 2881 1128 2963 er, vnnd vffein gute Conpur
294 2935 1138 3022 in ir sheimet gewigt worden.
