1151 2858
75 74 160 135 78
169 1268 209 1319 11
148 105 1073 225 were sy domalen von hochgenant
217 171 1088 252 un g uff ein census und abtrag
228 213 1099 294 ostens usgenaben ledig gelaßen
149 258 1105 363 worden mit verhoffen, sy sich in das
204 304 1085 388 künfftig sölliches jnns verdächtiges
206 357 1058 444 unnd üpriges loben anderen und ein
207 394 1084 483 beyers an die handt nemen wurde
222 462 1040 539 Zette aber solliche Ira gewihne
220 497 1117 587 genad nie anderst behertziget werer
216 535 1125 633 das sy von von deßem an biy uffjetzige
207 588 1032 687 diße syth sich noch wyters inn
220 635 1062 744 eppigenn leben und diesstälen
205 690 1057 790 vertrefft, dezwegen vor etwas
203 736 1061 816 wuchen durch die hiesigen statt
218 785 1026 867 profosen gefencklich angenomen
212 828 1037 908 worden und sols y harns inhalt
211 871 1041 951 v g benelchs zu Wartig gber
212 920 1045 1001 das ein und ander gefragt werde
246 970 1048 1057 sollen, ist sy derogestalten (reue
207 1010 1049 1104 genter)für der ffantzosischen
232 1063 1059 1143 nicht oder franckheit behafftet
217 1112 1014 1190 gsin, das man donalen mit
211 1154 972 1233 Ma wyters nit pracetieren
217 1201 1063 1293 können, sonders sy in das siechen
208 1251 1083 1323 huy ug vn s bemelch daselbsten
215 1306 1050 1380 geruriert zu werden, gegeit undd
202 1344 1076 1427 uff vergangenem sampstag wider
204 1388 1081 1466 alhargebracht worden, uffwellchem
587 1439 617 1469 2
208 1434 1069 1521 tag nun hat sy zu Mlargli iun
192 1488 1075 1568 bysyn gegenmürtigkeit und anhoren
194 1531 1045 1612 der garmüesten frommen für
182 1580 1044 1658 nemmen, fürsichtigen, wolgerichten
189 1614 1049 1696 wysen, hs Bamel von Weerks
192 1668 1086 1750 Degshats s Abraham Spenglers,
182 1720 1020 1803 Der Burgerin vnd h. Groh¬
174 1771 1059 1852 weibel feütigs, sampt etlichen
160 1821 1015 1895 weiblen vn. g. dienoren, Zne,
168 1888 1049 1945 wie ouch mit der mloarter bekent
175 1910 585 1988 und verzächen,
767 2002 790 2043 2
186 2030 1070 2090 gerngear by den 10. jarenn
191 2056 993 2138 das syng irem man dem
188 2110 1065 2179 vatter Santzen, die gewonliche
186 2154 1011 2234 kilchenrechte verrichtet unnd
193 2196 1068 2278 by den 1. tag jaren, das derselbge
216 2240 1060 2323 y uffgeben und verlaßen, welches
172 2294 980 2364 die ursach, das sy umb etwas
167 2338 1033 2427 zugegeiffen, sillls namlichen
175 2390 1022 2477 mir hilff der verschinner tagenn
185 2432 1023 2518 alhie vggeschmeistzten verena
185 2480 1063 2565 miehenen von rauffl zu Golln
180 2526 1062 2626 ein gippen und ein ehermen hochen
168 2569 1048 2655 Item zu höchsteten zwen eheein
168 2619 1063 2712 hafen, und zwo pfarnen, wie ouch
175 2673 979 2746 nothan einem anderen orthein
174 2715 1057 2807 boge spankertn, welche sy hernach
