<?xml version="1.0" encoding="UTF-8" standalone="yes"?>
<PcGts xmlns="http://schema.primaresearch.org/PAGE/gts/pagecontent/2013-07-15" xmlns:xsi="http://www.w3.org/2001/XMLSchema-instance" xsi:schemaLocation="http://schema.primaresearch.org/PAGE/gts/pagecontent/2013-07-15 http://schema.primaresearch.org/PAGE/gts/pagecontent/2013-07-15/pagecontent.xsd">
    <Metadata>
        <Creator>prov=University of Rostock/Institute of Mathematics/CITlab|PLANET AI GmbH/Gundram Leifert/gundram.leifert@planet-ai.de:name=German_Kurrent_XVI-XVIII_M1(htr_id=19584)::::v=2.6.7
prov=University of Rostock/Institute of Mathematics/CITlab|PLANET AI GmbH/Tobias Gruening/tobias.gruening@planet-ai.de:name=de.uros.citlab.module.baseline2polygon.B2PSeamMultiOriented:v=2.6.7
prov=University of Rostock/Institute of Mathematics/CITlab|PLANET AI GmbH/Gundram Leifert/gundram.leifert@planet-ai.de:name=German_Kurrent_XVI-XVIII_M1(htr_id=19584)::::v=2.6.7
prov=University of Rostock/Institute of Mathematics/CITlab|PLANET AI GmbH/Tobias Gruening/tobias.gruening@planet-ai.de:name=de.uros.citlab.module.baseline2polygon.B2PSeamMultiOriented:v=2.6.7
prov=University of Rostock/Institute of Mathematics/CITlab|PLANET AI GmbH/Tobias Gruening/tobias.gruening@planet-ai.de:name=/net_tf/LA73_249_0mod360.pb:de.uros.citlab.segmentation.CITlab_LA_ML:v=2.6.6
Transkribus</Creator>
        <Created>2020-10-05T21:44:58.019+02:00</Created>
        <LastChange>2022-09-09T15:49:38.929+02:00</LastChange>
        <TranskribusMetadata docId="1334815" pageId="52359289" pageNr="18" tsid="114641005" status="IN_PROGRESS" userId="9570" imgUrl="https://files.transkribus.eu/Get?id=TAEUHRROMDPDWMZVWTJSGIMI&amp;fileType=view" xmlUrl="https://files.transkribus.eu/Get?id=UXWIDNCXNXGFRLSHAARICHNU" imageId="16091560"/>
    </Metadata>
    <Page imageFilename="IMG_8838.jpg" imageWidth="1215" imageHeight="3064">
        <ReadingOrder>
            <OrderedGroup id="ro_1687513788311" caption="Regions reading order">
                <RegionRefIndexed index="0" regionRef="r1"/>
                <RegionRefIndexed index="1" regionRef="r2"/>
            </OrderedGroup>
        </ReadingOrder>
        <TextRegion orientation="0.0" id="r1" custom="readingOrder {index:0;}">
            <Coords points="34,35 34,192 135,192 135,35"/>
            <TextLine id="r1l1" custom="readingOrder {index:0;}">
                <Coords points="30,163 68,151 85,156 97,154 141,136 137,84 124,87 111,101 105,100 94,110 78,99 72,105 60,100 39,118 26,118"/>
                <Baseline points="34,142 59,142 84,140 109,137 135,135"/>
                <TextEquiv>
                    <Unicode>40</Unicode>
                </TextEquiv>
            </TextLine>
            <TextEquiv>
                <Unicode>40</Unicode>
            </TextEquiv>
        </TextRegion>
        <TextRegion orientation="0.0" id="r2" custom="readingOrder {index:1;}">
            <Coords points="166,130 166,2985 1211,2985 1211,130"/>
            <TextLine id="r2l1" custom="readingOrder {index:0;}">
                <Coords points="726,182 765,209 804,192 850,210 894,194 913,204 968,168 1116,175 1151,192 1179,183 1182,99 1085,125 1021,92 956,97 916,121 849,100 807,111 782,91 728,101"/>
                <Baseline points="732,164 757,165 783,165 809,164 835,164 861,163 887,163 913,162 939,162 964,162 990,162 1016,163 1042,165 1068,168 1094,172 1120,176 1146,182 1172,189"/>
                <TextEquiv>
                    <Unicode> benelhs</Unicode>
                </TextEquiv>
            </TextLine>
            <TextLine id="r2l2" custom="readingOrder {index:1;}">
                <Coords points="239,207 289,204 309,186 337,202 421,186 494,212 614,176 625,171 619,67 555,62 539,80 510,77 445,132 403,119 360,139 306,129 236,160"/>
                <Baseline points="244,189 270,188 297,188 324,187 350,187 377,186 404,186 431,185 457,184 484,182 511,179 537,176 564,173 591,167 618,160"/>
                <TextEquiv>
                    <Unicode>Sepiiresß</Unicode>
                </TextEquiv>
            </TextLine>
            <TextLine id="r2l3" custom="readingOrder {index:2;} date {offset:7; length:18;}">
                <Coords points="222,259 304,249 388,291 425,254 510,277 538,252 589,292 835,237 913,259 987,233 1091,283 1124,252 1195,263 1194,216 1112,217 1076,182 1009,209 631,187 481,218 308,187 221,213"/>
                <Baseline points="228,250 276,249 324,247 372,246 420,244 468,241 516,239 564,237 612,235 660,233 708,232 756,231 804,230 852,230 900,231 948,232 996,235 1044,238 1092,242 1140,247 1188,253"/>
                <TextEquiv>
                    <Unicode>sinder gescperigen thagi, durch die ohreig</Unicode>
                </TextEquiv>
            </TextLine>
            <TextLine id="r2l4" custom="readingOrder {index:3;} person {offset:7; length:21;}">
                <Coords points="208,318 359,347 454,318 490,350 667,301 853,355 912,311 1075,308 1191,354 1170,268 1091,283 1018,247 644,287 427,257 388,292 207,239"/>
                <Baseline points="214,321 262,319 311,317 359,315 408,312 456,309 505,307 553,305 602,303 650,301 699,299 747,298 796,298 844,298 893,299 941,300 990,302 1038,306 1087,310 1135,315 1184,322"/>
                <TextEquiv>
                    <Unicode>Heiren grath Ludwig Michells deß rath</Unicode>
                </TextEquiv>
            </TextLine>
            <TextLine id="r2l5" custom="readingOrder {index:4;} person {offset:6; length:17;}">
                <Coords points="207,402 321,420 401,385 797,376 848,408 1049,360 1118,402 1172,383 1171,328 1069,344 1023,311 968,341 914,318 873,348 740,347 682,315 626,348 564,317 481,354 429,326 206,368"/>
                <Baseline points="213,390 260,389 308,388 355,387 403,385 451,383 498,380 546,379 593,376 641,374 689,372 736,370 784,369 831,367 879,366 927,365 974,365 1022,366 1069,367 1117,369 1165,372"/>
                <TextEquiv>
                    <Unicode>tem h Jacob von Gryertz den janngel</Unicode>
                </TextEquiv>
            </TextLine>
            <TextLine id="r2l6" custom="readingOrder {index:5;} person {offset:19; length:8;}">
                <Coords points="198,491 270,458 328,490 367,456 640,441 1197,464 1195,401 993,412 910,379 576,418 195,396"/>
                <Baseline points="203,456 252,455 301,453 350,452 400,450 449,448 498,446 548,444 597,442 646,440 696,438 745,437 794,435 843,434 893,433 942,432 991,432 1041,432 1090,432 1139,433 1189,434"/>
                <TextEquiv>
                    <Unicode>und hr Großweibell früttuna, hienach</Unicode>
                </TextEquiv>
            </TextLine>
            <TextLine id="r2l7" custom="readingOrder {index:6;}">
                <Coords points="224,555 576,511 693,557 761,515 799,539 913,511 1103,547 1218,506 1217,448 1071,486 975,459 844,483 739,444 586,483 520,450 467,487 403,462 366,490 223,482"/>
                <Baseline points="229,516 278,516 327,516 376,516 425,515 474,514 523,513 572,512 621,511 670,509 720,508 769,506 818,505 867,504 916,503 965,502 1014,501 1063,501 1112,502 1161,502 1211,504"/>
                <TextEquiv>
                    <Unicode>geschribne, saub versächtige mans versant</Unicode>
                </TextEquiv>
            </TextLine>
            <TextLine id="r2l8" custom="readingOrder {index:7;} place {offset:9; length:6;}">
                <Coords points="227,606 294,632 608,574 656,599 1190,580 1189,535 1080,551 955,515 878,555 664,533 609,558 462,519 227,567"/>
                <Baseline points="233,589 280,589 328,588 375,587 423,586 470,585 518,584 565,582 613,581 660,580 708,578 755,577 803,576 850,576 898,575 945,575 993,575 1040,575 1088,576 1135,577 1183,578"/>
                <TextEquiv>
                    <Unicode>alhie zu matili exomuniert worden</Unicode>
                </TextEquiv>
            </TextLine>
            <TextLine id="r2l9" custom="readingOrder {index:8;}">
                <Coords points="194,673 350,701 399,668 533,696 616,672 674,708 781,649 968,677 1094,637 1093,602 1041,574 976,621 875,585 802,628 606,574 555,619 463,597 236,643 193,623"/>
                <Baseline points="200,667 244,665 288,663 333,662 377,661 422,660 466,659 510,658 555,657 599,657 644,656 688,655 732,655 777,654 821,653 866,652 910,650 954,649 999,647 1043,645 1088,642"/>
                <TextEquiv>
                    <Unicode>welche dann verpachen, Irie volget</Unicode>
                </TextEquiv>
            </TextLine>
            <TextLine id="r2l10" custom="readingOrder {index:9;} person {offset:0; length:11;} place {offset:16; length:8;}">
                <Coords points="302,861 446,842 503,889 598,834 676,884 778,833 849,837 932,887 992,844 1133,826 1132,779 953,804 869,726 782,784 710,758 600,806 538,785 477,809 407,781 301,823"/>
                <Baseline points="308,848 351,845 394,843 437,840 480,838 523,837 566,835 609,834 652,833 695,832 739,832 782,831 825,831 868,830 911,830 954,830 997,829 1040,828 1083,828 1127,827"/>
                <TextEquiv>
                    <Unicode>Hanß Lütsch von Langnomp</Unicode>
                </TextEquiv>
            </TextLine>
            <TextLine id="r2l11" custom="readingOrder {index:10;}">
                <Coords points="192,1001 678,968 737,1019 807,973 949,994 1032,965 1152,1028 1196,1007 1196,921 878,946 779,905 723,941 575,944 507,909 403,947 333,903 259,952 191,943"/>
                <Baseline points="198,979 247,977 297,975 346,973 396,972 446,970 495,968 545,966 594,965 644,964 694,963 743,963 793,963 842,963 892,963 942,964 991,965 1041,967 1090,970 1140,972 1190,975"/>
                <TextEquiv>
                    <Unicode>dar syn, daß er zum anderen mall alhie</Unicode>
                </TextEquiv>
            </TextLine>
            <TextLine id="r2l12" custom="readingOrder {index:11;}">
                <Coords points="222,1078 275,1046 389,1089 436,1056 675,1047 756,1091 966,1036 1178,1078 1194,1007 1148,1028 1059,976 857,973 762,1017 699,984 648,1023 535,1031 301,981 221,997"/>
                <Baseline points="228,1046 276,1048 324,1049 372,1049 420,1049 468,1049 516,1048 564,1047 612,1046 660,1045 708,1044 756,1043 804,1042 852,1042 900,1041 948,1042 996,1042 1044,1044 1092,1045 1140,1048 1188,1052"/>
                <TextEquiv>
                    <Unicode>em schallenwerde gsyn und die ursach</Unicode>
                </TextEquiv>
            </TextLine>
            <TextLine id="r2l13" custom="readingOrder {index:12;}">
                <Coords points="214,1135 349,1126 410,1162 514,1112 574,1156 615,1118 727,1110 952,1121 994,1159 1075,1117 1195,1143 1194,1074 1068,1047 1013,1070 879,1046 756,1092 555,1065 214,1084"/>
                <Baseline points="220,1112 268,1114 316,1116 365,1116 413,1116 462,1116 510,1115 558,1114 607,1113 655,1112 704,1110 752,1109 800,1108 849,1108 897,1108 946,1108 994,1109 1042,1111 1091,1113 1139,1117 1188,1121"/>
                <TextEquiv>
                    <Unicode>deß Fiesten Schallenwerckes syendt, daß</Unicode>
                </TextEquiv>
            </TextLine>
            <TextLine id="r2l14" custom="readingOrder {index:13;} person {offset:3; length:14;}">
                <Coords points="219,1203 365,1210 418,1246 477,1204 556,1220 594,1193 748,1211 784,1186 930,1232 1048,1173 1092,1211 1187,1185 1186,1152 1098,1123 994,1159 931,1122 667,1163 506,1132 400,1178 271,1125 218,1166"/>
                <Baseline points="225,1191 272,1192 320,1193 368,1193 416,1193 463,1193 511,1192 559,1191 607,1190 654,1189 702,1188 750,1186 798,1185 845,1183 893,1182 941,1180 989,1179 1036,1178 1084,1177 1132,1175 1180,1175"/>
                <TextEquiv>
                    <Unicode>er Michell Müller synem schweeih in</Unicode>
                </TextEquiv>
            </TextLine>
            <TextLine id="r2l15" custom="readingOrder {index:14;}">
                <Coords points="209,1318 376,1271 483,1309 519,1272 599,1300 665,1255 709,1286 783,1260 880,1293 1005,1252 1174,1259 1193,1224 1122,1224 1049,1172 934,1232 884,1197 814,1231 711,1200 654,1233 470,1216 402,1247 207,1222"/>
                <Baseline points="214,1273 262,1270 311,1268 359,1266 408,1264 457,1263 505,1262 554,1261 603,1261 651,1260 700,1260 749,1259 797,1258 846,1258 895,1257 943,1256 992,1255 1041,1253 1089,1251 1138,1249 1187,1246"/>
                <TextEquiv>
                    <Unicode>iher ein ehremen haffen, item etwas</Unicode>
                </TextEquiv>
            </TextLine>
            <TextLine id="r2l16" custom="readingOrder {index:15;}">
                <Coords points="195,1346 390,1388 447,1343 535,1372 661,1341 1012,1367 1155,1328 1218,1360 1193,1250 1137,1298 1050,1262 873,1312 727,1284 660,1322 573,1283 509,1315 195,1315"/>
                <Baseline points="202,1340 252,1338 302,1337 353,1336 403,1336 454,1335 504,1335 555,1335 605,1334 656,1334 706,1334 756,1334 807,1333 857,1332 908,1331 958,1330 1009,1328 1059,1327 1110,1324 1160,1321 1211,1317"/>
                <TextEquiv>
                    <Unicode>wingen duchs und wenig flachs, wreich</Unicode>
                </TextEquiv>
            </TextLine>
            <TextLine id="r2l17" custom="readingOrder {index:16;}">
                <Coords points="193,1439 344,1422 401,1461 474,1403 698,1408 738,1437 784,1409 1032,1419 1172,1407 1188,1368 192,1368"/>
                <Baseline points="199,1410 248,1408 297,1407 346,1406 395,1405 444,1405 493,1405 542,1405 591,1405 640,1405 690,1405 739,1405 788,1405 837,1404 886,1404 935,1403 984,1402 1033,1400 1082,1397 1131,1395 1181,1391"/>
                <TextEquiv>
                    <Unicode>auch sampf dem flachs ime aber wider</Unicode>
                </TextEquiv>
            </TextLine>
            <TextLine id="r2l18" custom="readingOrder {index:17;}">
                <Coords points="194,1501 399,1485 451,1518 588,1474 750,1492 852,1465 1119,1522 1188,1490 1187,1441 1085,1409 967,1412 923,1450 794,1411 736,1439 605,1414 438,1463 303,1433 193,1464"/>
                <Baseline points="200,1484 249,1483 298,1482 347,1481 396,1480 445,1479 494,1478 543,1477 592,1476 641,1475 690,1474 739,1473 788,1472 837,1471 886,1471 935,1470 984,1470 1033,1470 1082,1470 1131,1470 1181,1471"/>
                <TextEquiv>
                    <Unicode>worden entfrömbdet, die uersachen</Unicode>
                </TextEquiv>
            </TextLine>
            <TextLine id="r2l19" custom="readingOrder {index:18;}">
                <Coords points="195,1581 528,1562 592,1607 637,1564 866,1542 977,1556 1023,1595 1081,1548 1159,1551 1158,1510 995,1512 860,1465 732,1533 573,1502 499,1536 347,1500 302,1531 194,1511"/>
                <Baseline points="201,1551 248,1553 296,1555 343,1557 391,1558 438,1558 486,1558 533,1557 581,1556 628,1555 676,1554 724,1552 771,1550 819,1548 866,1546 914,1544 961,1542 1009,1540 1056,1538 1104,1537 1152,1535"/>
                <TextEquiv>
                    <Unicode>deß anderen schallenwercks, daß er</Unicode>
                </TextEquiv>
            </TextLine>
            <TextLine id="r2l20" custom="readingOrder {index:19;} person {offset:0; length:12;} place {offset:17; length:11;}">
                <Coords points="181,1634 238,1665 293,1627 537,1628 739,1668 791,1628 1009,1618 1165,1657 1163,1564 1100,1548 1028,1594 704,1566 607,1601 523,1566 351,1606 260,1559 181,1601"/>
                <Baseline points="187,1622 235,1624 284,1625 332,1626 381,1627 429,1627 478,1627 526,1627 575,1626 623,1626 672,1625 720,1623 769,1622 817,1621 866,1619 914,1617 963,1616 1011,1614 1060,1611 1108,1610 1157,1608"/>
                <TextEquiv>
                    <Unicode>Petter Studr von Bschlismatt, ein füli</Unicode>
                </TextEquiv>
            </TextLine>
            <TextLine id="r2l21" custom="readingOrder {index:20;} place {offset:28; length:6;}">
                <Coords points="223,1726 328,1746 432,1694 1052,1716 1082,1688 1184,1697 1183,1666 974,1640 746,1678 403,1644 358,1673 221,1665"/>
                <Baseline points="228,1705 275,1702 322,1699 370,1697 417,1696 465,1695 512,1694 560,1693 607,1693 655,1692 702,1692 749,1692 797,1691 844,1691 892,1690 939,1689 987,1688 1034,1687 1082,1685 1129,1682 1177,1680"/>
                <TextEquiv>
                    <Unicode>welches ime aber hernach zu signau</Unicode>
                </TextEquiv>
            </TextLine>
            <TextLine id="r2l22" custom="readingOrder {index:21;}">
                <Coords points="188,1783 541,1803 712,1759 772,1788 874,1765 977,1812 1040,1769 1185,1756 1184,1712 1135,1731 1072,1700 898,1700 833,1743 707,1701 393,1716 331,1749 187,1716"/>
                <Baseline points="194,1774 243,1770 292,1766 341,1764 390,1762 440,1761 489,1760 538,1760 587,1759 636,1759 686,1760 735,1760 784,1760 833,1760 882,1760 932,1760 981,1759 1030,1758 1079,1756 1128,1754 1178,1751"/>
                <TextEquiv>
                    <Unicode>d zugestelt worden, entführt, wie</Unicode>
                </TextEquiv>
            </TextLine>
            <TextLine id="r2l23" custom="readingOrder {index:22;}">
                <Coords points="216,1844 987,1846 1187,1825 1186,1770 1140,1795 1080,1760 977,1811 583,1775 510,1811 376,1781 215,1800"/>
                <Baseline points="222,1830 272,1831 322,1831 373,1832 423,1832 474,1833 524,1833 575,1833 625,1833 676,1833 726,1833 777,1832 827,1831 878,1830 928,1829 979,1827 1029,1824 1080,1822 1130,1819 1181,1815"/>
                <TextEquiv>
                    <Unicode>auch noch 3 schaff, die erstwar umb</Unicode>
                </TextEquiv>
            </TextLine>
            <TextLine id="r2l24" custom="readingOrder {index:23;}">
                <Coords points="182,1932 427,1897 491,1938 584,1905 780,1947 842,1902 897,1938 960,1892 1139,1893 1164,1853 684,1876 611,1834 433,1877 347,1837 289,1873 181,1866"/>
                <Baseline points="188,1899 236,1899 285,1898 333,1898 382,1898 430,1897 479,1897 527,1897 576,1897 624,1896 673,1896 721,1895 770,1895 818,1894 867,1893 915,1892 964,1891 1012,1889 1061,1888 1109,1886 1158,1884"/>
                <TextEquiv>
                    <Unicode>dry seronen verkhaufft, haruff aber</Unicode>
                </TextEquiv>
            </TextLine>
            <TextLine id="r2l25" custom="readingOrder {index:24;} person {offset:4; length:7;}">
                <Coords points="160,1994 326,1997 368,1966 437,2009 538,1963 861,1971 908,2004 1033,1962 1173,1966 1173,1931 981,1909 938,1945 740,1950 582,1906 539,1943 430,1944 331,1908 274,1944 159,1940"/>
                <Baseline points="166,1972 216,1969 266,1967 316,1965 366,1964 416,1964 466,1963 516,1963 566,1964 616,1964 666,1965 716,1965 766,1965 816,1965 866,1965 916,1964 966,1962 1016,1961 1066,1957 1116,1955 1167,1950"/>
                <TextEquiv>
                    <Unicode>Dem Jönngen mit vierwronen bezollen</Unicode>
                </TextEquiv>
            </TextLine>
            <TextLine id="r2l26" custom="readingOrder {index:25;}">
                <Coords points="199,2042 287,2086 359,2051 479,2075 579,2031 725,2063 846,2031 907,2084 1008,2033 1181,2053 1180,1976 1142,1956 980,2011 736,1967 595,2013 199,2009"/>
                <Baseline points="206,2038 254,2036 302,2035 351,2034 399,2034 448,2033 496,2033 544,2033 593,2033 641,2033 690,2033 738,2033 786,2033 835,2033 883,2033 932,2032 980,2032 1028,2031 1077,2029 1125,2028 1174,2026"/>
                <TextEquiv>
                    <Unicode>müßen, geroubet und vehrnners I</Unicode>
                </TextEquiv>
            </TextLine>
            <TextLine id="r2l27" custom="readingOrder {index:26;} place {offset:14; length:18; continued:true;}">
                <Coords points="205,2113 493,2103 549,2144 620,2113 676,2158 741,2110 999,2135 1169,2103 1169,2073 985,2043 911,2090 837,2051 769,2081 651,2054 597,2085 561,2060 484,2087 367,2054 328,2086 205,2070"/>
                <Baseline points="212,2106 259,2105 307,2105 354,2105 402,2105 449,2105 497,2105 544,2105 592,2105 639,2106 687,2106 735,2106 782,2106 830,2106 877,2106 925,2106 972,2105 1020,2104 1067,2103 1115,2102 1163,2100"/>
                <TextEquiv>
                    <Unicode>einer weid zu schwandn Autzerner</Unicode>
                </TextEquiv>
            </TextLine>
            <TextLine id="r2l28" custom="readingOrder {index:27;} place {offset:0; length:8; continued:true;}">
                <Coords points="216,2207 320,2173 685,2199 1168,2172 1168,2137 1035,2115 994,2152 820,2117 779,2156 667,2158 621,2114 554,2154 450,2124 217,2148"/>
                <Baseline points="223,2169 269,2170 316,2171 363,2172 410,2172 457,2173 504,2174 551,2175 598,2176 645,2176 692,2177 738,2178 785,2178 832,2178 879,2179 926,2178 973,2178 1020,2178 1067,2177 1114,2176 1161,2175"/>
                <TextEquiv>
                    <Unicode>gepietts, ain Geiß entwendet, die</Unicode>
                </TextEquiv>
            </TextLine>
            <TextLine id="r2l29" custom="readingOrder {index:28;}">
                <Coords points="211,2252 366,2241 448,2289 525,2255 559,2283 709,2249 770,2281 805,2254 904,2299 986,2254 1156,2240 1033,2193 830,2221 774,2182 724,2222 533,2188 447,2221 313,2224 284,2196 211,2221"/>
                <Baseline points="217,2241 263,2242 310,2242 356,2243 403,2244 450,2244 496,2245 543,2245 590,2246 636,2246 683,2247 730,2247 776,2247 823,2247 870,2247 916,2247 963,2247 1010,2247 1056,2247 1103,2247 1150,2247"/>
                <TextEquiv>
                    <Unicode>aber glychfahls dem jange Wider</Unicode>
                </TextEquiv>
            </TextLine>
            <TextLine id="r2l30" custom="readingOrder {index:29;}">
                <Coords points="198,2318 288,2354 362,2355 422,2308 830,2344 893,2314 975,2349 1184,2312 1184,2255 893,2294 704,2253 478,2291 373,2249 332,2282 198,2268"/>
                <Baseline points="204,2307 252,2307 301,2307 349,2308 398,2308 447,2309 495,2309 544,2310 593,2311 641,2311 690,2312 739,2312 787,2313 836,2313 885,2313 933,2314 982,2313 1031,2313 1079,2313 1128,2312 1177,2311"/>
                <TextEquiv>
                    <Unicode>ingehendiget worden etc.o aß</Unicode>
                </TextEquiv>
            </TextLine>
            <TextLine id="r2l31" custom="readingOrder {index:30;} place {offset:22; length:6; continued:true;}">
                <Coords points="179,2398 288,2371 386,2401 526,2377 577,2406 1085,2397 1151,2379 1152,2310 1088,2359 970,2362 912,2325 777,2369 663,2321 349,2357 180,2326"/>
                <Baseline points="186,2371 236,2371 286,2371 337,2371 387,2373 438,2374 488,2375 539,2377 589,2379 640,2380 690,2382 741,2383 791,2384 842,2385 892,2385 943,2385 993,2385 1044,2383 1094,2381 1145,2378"/>
                <TextEquiv>
                    <Unicode>im aubtlanget, die in oberen</Unicode>
                </TextEquiv>
            </TextLine>
            <TextLine id="r2l32" custom="readingOrder {index:31;} place {offset:0; length:8; continued:true;}">
                <Coords points="179,2463 450,2458 616,2506 728,2502 789,2462 1186,2478 1186,2415 1008,2395 891,2439 842,2399 645,2433 531,2394 179,2398"/>
                <Baseline points="185,2449 234,2448 284,2447 334,2446 383,2447 433,2448 483,2449 532,2450 582,2452 632,2453 682,2455 731,2456 781,2457 831,2458 880,2458 930,2458 980,2457 1029,2456 1079,2453 1129,2450 1179,2445"/>
                <TextEquiv>
                    <Unicode>Spittals Schur gefundnen laßen</Unicode>
                </TextEquiv>
            </TextLine>
            <TextLine id="r2l33" custom="readingOrder {index:32;}">
                <Coords points="169,2559 314,2523 421,2560 719,2528 790,2584 919,2532 1196,2549 1196,2489 1076,2462 815,2510 169,2462"/>
                <Baseline points="175,2530 225,2527 276,2525 327,2523 378,2523 428,2523 479,2524 530,2526 581,2527 631,2529 682,2530 733,2532 784,2533 834,2534 885,2534 936,2533 987,2532 1037,2528 1088,2525 1139,2520 1190,2513"/>
                <TextEquiv>
                    <Unicode>Boo denselben wüße er gar rut, dac</Unicode>
                </TextEquiv>
            </TextLine>
            <TextLine id="r2l34" custom="readingOrder {index:33;}">
                <Coords points="212,2608 739,2612 832,2658 888,2616 997,2646 1040,2610 1142,2611 1190,2593 1190,2557 1043,2544 996,2584 894,2553 828,2587 610,2538 559,2568 212,2558"/>
                <Baseline points="218,2604 266,2601 314,2599 362,2598 411,2598 459,2598 507,2598 556,2599 604,2601 652,2602 701,2604 749,2605 797,2606 845,2607 894,2607 942,2606 990,2605 1039,2604 1087,2600 1135,2596 1184,2591"/>
                <TextEquiv>
                    <Unicode>er deß abends dahin selbsten sbermn</Unicode>
                </TextEquiv>
            </TextLine>
            <TextLine id="r2l35" custom="readingOrder {index:34;}">
                <Coords points="202,2712 365,2672 530,2727 604,2682 1038,2703 1183,2682 1199,2631 1159,2597 1024,2662 892,2619 774,2670 693,2619 417,2597 203,2632"/>
                <Baseline points="209,2670 258,2668 307,2667 356,2667 405,2668 454,2669 503,2671 553,2673 602,2676 651,2678 700,2680 749,2682 798,2684 847,2685 897,2685 946,2685 995,2684 1044,2682 1093,2679 1142,2674 1192,2667"/>
                <TextEquiv>
                    <Unicode>zesyn khommen und von Niemandt</Unicode>
                </TextEquiv>
            </TextLine>
            <TextLine id="r2l36" custom="readingOrder {index:35;}">
                <Coords points="195,2774 448,2746 515,2792 581,2750 684,2799 788,2753 1016,2781 1124,2744 1190,2766 1190,2703 1043,2698 981,2730 880,2695 757,2728 195,2715"/>
                <Baseline points="202,2752 251,2750 300,2747 349,2746 398,2746 447,2746 496,2746 545,2748 594,2749 643,2750 692,2751 741,2753 790,2753 839,2754 888,2754 937,2754 986,2753 1035,2752 1084,2749 1133,2746 1183,2741"/>
                <TextEquiv>
                    <Unicode>anderem gewügt, mit dem jeor</Unicode>
                </TextEquiv>
            </TextLine>
            <TextLine id="r2l37" custom="readingOrder {index:36;}">
                <Coords points="208,2823 546,2853 592,2825 910,2834 981,2869 1049,2827 1189,2858 1189,2782 1139,2771 1022,2807 936,2776 885,2811 578,2764 523,2797 390,2760 208,2777"/>
                <Baseline points="214,2821 262,2819 310,2818 359,2818 407,2818 456,2819 504,2820 552,2822 601,2823 649,2825 698,2826 746,2828 794,2828 843,2829 891,2829 940,2828 988,2826 1036,2823 1085,2820 1133,2815 1182,2809"/>
                <TextEquiv>
                    <Unicode>sottz mornddrist umb arbeit zu lagen</Unicode>
                </TextEquiv>
            </TextLine>
            <TextLine id="r2l38" custom="readingOrder {index:37;} person {offset:21; length:11; continued:true;}">
                <Coords points="207,2930 318,2919 358,2947 497,2897 573,2921 666,2896 734,2933 770,2903 1061,2919 1166,2898 1166,2864 1070,2844 972,2884 746,2835 691,2869 612,2845 536,2877 399,2857 207,2884"/>
                <Baseline points="213,2909 260,2904 307,2900 355,2897 402,2896 449,2895 497,2894 544,2895 591,2895 639,2896 686,2898 733,2899 781,2900 828,2901 875,2902 923,2902 970,2902 1017,2901 1065,2900 1112,2897 1160,2894"/>
                <TextEquiv>
                    <Unicode>heeneben auch habe h Bubernoctor</Unicode>
                </TextEquiv>
            </TextLine>
            <TextLine id="r2l39" custom="readingOrder {index:38;} person {offset:0; length:4; continued:true;}">
                <Coords points="214,3002 324,2970 510,3011 629,2966 724,3010 945,2974 1123,3008 1165,2990 1165,2895 1068,2941 976,2908 927,2938 692,2937 612,2902 441,2947 214,2931"/>
                <Baseline points="220,2970 266,2969 313,2968 360,2967 407,2967 454,2967 501,2967 548,2968 595,2968 642,2969 689,2969 735,2970 782,2970 829,2970 876,2970 923,2970 970,2970 1017,2968 1064,2967 1111,2965 1158,2963"/>
                <TextEquiv>
                    <Unicode>Brüd, ine selbs sechts h landtvogt</Unicode>
                </TextEquiv>
            </TextLine>
            <TextEquiv>
                <Unicode> benelhs
Sepiiresß
sinder gescperigen thagi, durch die ohreig
Heiren grath Ludwig Michells deß rath
tem h Jacob von Gryertz den janngel
und hr Großweibell früttuna, hienach
geschribne, saub versächtige mans versant
alhie zu matili exomuniert worden
welche dann verpachen, Irie volget
Hanß Lütsch von Langnomp
dar syn, daß er zum anderen mall alhie
em schallenwerde gsyn und die ursach
deß Fiesten Schallenwerckes syendt, daß
er Michell Müller synem schweeih in
iher ein ehremen haffen, item etwas
wingen duchs und wenig flachs, wreich
auch sampf dem flachs ime aber wider
worden entfrömbdet, die uersachen
deß anderen schallenwercks, daß er
Petter Studr von Bschlismatt, ein füli
welches ime aber hernach zu signau
d zugestelt worden, entführt, wie
auch noch 3 schaff, die erstwar umb
dry seronen verkhaufft, haruff aber
Dem Jönngen mit vierwronen bezollen
müßen, geroubet und vehrnners I
einer weid zu schwandn Autzerner
gepietts, ain Geiß entwendet, die
aber glychfahls dem jange Wider
ingehendiget worden etc.o aß
im aubtlanget, die in oberen
Spittals Schur gefundnen laßen
Boo denselben wüße er gar rut, dac
er deß abends dahin selbsten sbermn
zesyn khommen und von Niemandt
anderem gewügt, mit dem jeor
sottz mornddrist umb arbeit zu lagen
heeneben auch habe h Bubernoctor
Brüd, ine selbs sechts h landtvogt</Unicode>
            </TextEquiv>
        </TextRegion>
    </Page>
</PcGts>
