2448 3264
123 78 240 163 216.
339 273 1228 504 by Ime gedienet, vnd Ame domale
354 390 1229 566 auch, als ein soliches angeben, aber
343 446 1192 630 iue hemit gantz groblichen en
356 498 751 619 recht gethan
315 566 1223 787 Item habe er auch vermeldet das das
331 654 1205 815 jenige kundt dessen ein gwüsse
316 721 1202 889 wybtpohn von Iwe gefangneß
329 780 1246 979 Schwanger greng, welche er auch
328 857 1128 1023 harnach geechelichet, syn ge
347 932 1202 1085 Vfwelche accusation nun, were
362 1027 1217 1151 er gefangnet sampt angezoggen
354 1062 1240 1207 vsybspfhr zu Paulmancan gefenk
346 1124 1204 1267 ach angenamen worden, wyl
373 1177 1228 1320 er abehr also ein liff taglaut ge¬
362 1246 1182 1335 farigen geleren, vnd wah dene
382 1289 1220 1413 it recht halten wellen, hette er
373 1356 1256 1466 ich der gelangenschafft geliberiert
361 1403 1248 1530 die gedachte wybsfsohn aber were
354 1464 1213 1579 zum volterseil gegürt worden,
367 1532 1205 1645 jedach nützit anders, das was er
368 1608 1222 1697 gelangne hiendruermeldet bey
355 1656 1206 1766 heimen wallen, wie auh 2 tag
364 1713 1233 1815 zenger, weir er gelangne gen
377 1796 548 1859 arß
292 1800 1261 1962 Waß dan antreffe sein gefangenschaft
368 1901 1224 1996 ivatter lingl, were er dangles
324 1943 1198 2066 Sbsdentwegen, gefangen worden
374 1970 1262 2107 theils dzs daselbsten, ein fieuorgedachte
366 2055 1250 2164 eccusation inwußen komen, vnndt
366 2111 1211 2246 heils auch das er meiner Schur
379 2156 1246 2281 getroshen, er dacuialen, vf der nacht
365 2210 1257 2377 Aro Arm psohnen In desselben Iren
257 2249 1279 2428 ermelnen nach argwoniger wyß
367 2322 1234 2508 beherberiget, were Imme aber
379 2386 1220 2548 mitzit anders geschechen, weder
351 2428 1254 2616 das mahn, nir gespfuapadigrt vnd
360 2511 1121 2690 hernach widergahn llaßen,
370 2578 1178 2747 Betreffent das zug, welches er
354 2599 1278 2798 yner f alhie genommen und darinb
1383 233 2277 453 gefangen worden, habe er Jra
1375 296 2329 500 dasselbige uf das endhingenommen,
1368 370 2285 556 damit er sya von wer mutter
1385 448 2263 612 züthe, welche ein ursach das sy3
1385 489 2347 681 nit mit ime hußhalten welle.
1386 550 2331 748 Jedoch aber Ira dasselbige wider
1388 671 1630 786 gebracht,
1404 684 2338 838 erners und Wyters, hat er nit
1374 744 2343 894 verzächen wellen, sonders vermeldet
1369 815 2346 960 habe sich Jederzyt ehrlichen furge¬
1381 877 2327 1017 bracht, also wo er nit zustächlen,
1404 929 2337 1048 uden, se er anderer vnnt
1405 992 2339 1121 anderer Redlicher arbeit, wie
1393 1059 2277 1170 auch dem alrgen nachgezogen,
1391 1113 2364 1216 wie er das diß ias das künfftig 86
1378 1164 2340 1270 liebe es Gott noch duers ohnn
1386 1244 1604 1323 welle
1410 1281 2370 1382 Ist gantz ernsthafftig mit worten
1418 1342 2382 1438 eannnert und volgents einmal
1395 1401 2377 1488 war und einmal mit dem kleines
1410 1451 2170 1566 tem uffgezogen worden,
2284 24 2394 114 217
