1162 2812
992 46 1117 128 145
226 47 919 185 Hanß Jacob Burdtsruler
156 166 1092 263 buermaßen ist auch gfterigen tags den
111 193 185 262 E
182 230 1069 327 20. juni 11630 soß hochgenampt I g
185 278 1063 380 benelch durch den ehrennesten etc. H Bmler
240 346 289 378 1111
168 322 1055 438 Frondemeych und 8 Großweibell Fruttiben,
178 390 1060 469 einen genampf Hanß Jacob Bendtsmüller
128 448 1049 542 Bos wurenloß der Grafschafft Baden
130 506 1043 615 wellicher vor ungefahr 13 wuchen, alß er auch
158 561 1086 676 alhie gfangen gsin, Felix I unner genamsett
158 616 1103 739 uund dißer tagen von Gmhegg uß den Freyen ampt
124 682 1061 795 feren smag u i über neichten vekhundts
156 754 1065 861 gefengklich alhar gführt worden, Alhie zu Mazili
152 814 1031 908 beides mit gantz ernsthafften woretten und
156 878 1065 987 dann auch mit hienach geschribner murtter
135 938 1050 1050 ober syn lasterhafftes lebweßen, exam
149 1011 963 1114 meft worden, da er tan bekhendt
128 1067 482 1160 wie volget
92 1130 1072 1303 amlichen daß er mit jetziger gfangen schafft schan
133 1255 1027 1346 zung funfften mall gfangen glagen, alß zi
121 1308 1072 1404 Buren da ermit einer censurn ledig glaßen
103 1365 1072 1449 worden zu frauwenbrunnen, ja er gedunflet
127 1415 1055 1516 worden, vor ungefahr 33 wochen allie in der
113 1467 1037 1578 statt, da er gemondteret, ien mit ruthen
117 1532 1055 1640 Boß gestrichen mit dem b bezeichnet und volg
120 1591 1026 1686 endts von 4g schetten und landen
99 1666 1001 1754 verwißen worden, wie auch sechermalen
120 1722 1049 1819 zu Bhuchegg von Hannen er widerumb alhar
109 1785 520 1883 geführt worden.
413 1858 569 1916 synnd
195 1859 911 1979 ond dißers syne die bschäll und
165 1940 908 2048 Aißhandlungen, welche er biß
226 2000 862 2119 har hin und wider verbracht,
24 2117 1033 2248 Alß erstlichen einer tragt zu Ctzistorff habe er
86 2185 920 2317 entfr�mbdet ein grinme gippen und
89 2257 367 2348 eis pat schn
37 2307 937 2479 Zu Büren einem schumacher knecht auch
41 2423 407 2484 ein por schu
32 2477 1024 2616 Sonfehr von Baden ein leib brott und ab
74 2575 1021 2709 einem bett creve renter melden) ein lynlache
