<?xml version="1.0" encoding="UTF-8" standalone="yes"?>
<PcGts xmlns="http://schema.primaresearch.org/PAGE/gts/pagecontent/2013-07-15" xmlns:xsi="http://www.w3.org/2001/XMLSchema-instance" xsi:schemaLocation="http://schema.primaresearch.org/PAGE/gts/pagecontent/2013-07-15 http://schema.primaresearch.org/PAGE/gts/pagecontent/2013-07-15/pagecontent.xsd">
    <Metadata>
        <Creator>prov=University of Rostock/Institute of Mathematics/CITlab|PLANET AI GmbH/Gundram Leifert/gundram.leifert@planet-ai.de:name=German_Kurrent_XVI-XVIII_M1(htr_id=19584)::::v=2.6.7
prov=University of Rostock/Institute of Mathematics/CITlab|PLANET AI GmbH/Tobias Gruening/tobias.gruening@planet-ai.de:name=de.uros.citlab.module.baseline2polygon.B2PSeamMultiOriented:v=2.6.7
prov=University of Rostock/Institute of Mathematics/CITlab|PLANET AI GmbH/Gundram Leifert/gundram.leifert@planet-ai.de:name=German_Kurrent_XVI-XVIII_M1(htr_id=19584)::::v=2.6.7
prov=University of Rostock/Institute of Mathematics/CITlab|PLANET AI GmbH/Tobias Gruening/tobias.gruening@planet-ai.de:name=de.uros.citlab.module.baseline2polygon.B2PSeamMultiOriented:v=2.6.7
prov=University of Rostock/Institute of Mathematics/CITlab|PLANET AI GmbH/Tobias Gruening/tobias.gruening@planet-ai.de:name=/net_tf/LA73_249_0mod360.pb:de.uros.citlab.segmentation.CITlab_LA_ML:v=2.6.6
prov=University of Rostock/Institute of Mathematics/CITlab|PLANET AI GmbH/Tobias Gruening/tobias.gruening@planet-ai.de:name=/net_tf/LA73_249_0mod360.pb:de.uros.citlab.segmentation.CITlab_LA_ML:v=2.6.6
Transkribus</Creator>
        <Created>2020-10-05T21:45:04.002+02:00</Created>
        <LastChange>2022-09-09T15:51:38.633+02:00</LastChange>
        <TranskribusMetadata docId="1334815" pageId="52359797" pageNr="109" tsid="114641549" status="IN_PROGRESS" userId="9570" imgUrl="https://files.transkribus.eu/Get?id=VDRBKOTUALATRROLNGKRSLYO&amp;fileType=view" xmlUrl="https://files.transkribus.eu/Get?id=JWTGJLUPWNBBFPRTAGGSXBBQ" imageId="16091651"/>
    </Metadata>
    <Page imageFilename="IMG_8935.jpg" imageWidth="1157" imageHeight="2876">
        <ReadingOrder>
            <OrderedGroup id="ro_1687513792234" caption="Regions reading order">
                <RegionRefIndexed index="0" regionRef="r1"/>
                <RegionRefIndexed index="1" regionRef="r2"/>
                <RegionRefIndexed index="2" regionRef="r3"/>
            </OrderedGroup>
        </ReadingOrder>
        <TextRegion orientation="0.0" id="r1" custom="readingOrder {index:0;}">
            <Coords points="30,0 30,116 142,116 142,0"/>
            <TextLine id="r1l1" custom="readingOrder {index:0;}">
                <Coords points="24,85 36,87 53,75 65,81 76,78 93,87 120,76 134,87 146,88 148,24 124,32 116,24 111,29 85,21 70,30 46,25 25,29"/>
                <Baseline points="30,62 58,63 86,63 114,64 142,66"/>
                <TextEquiv>
                    <Unicode>138</Unicode>
                </TextEquiv>
            </TextLine>
            <TextEquiv>
                <Unicode>138</Unicode>
            </TextEquiv>
        </TextRegion>
        <TextRegion orientation="0.0" id="r2" custom="readingOrder {index:1;}">
            <Coords points="140,2407 140,2557 156,2557 156,2407"/>
            <TextLine id="r2l1" custom="readingOrder {index:0;}">
                <Coords points="135,2520 140,2520 144,2517 149,2518 153,2515 161,2515 161,2471 154,2470 144,2461 135,2461"/>
                <Baseline points="140,2507 156,2507"/>
                <TextEquiv>
                    <Unicode></Unicode>
                </TextEquiv>
            </TextLine>
            <TextEquiv>
                <Unicode></Unicode>
            </TextEquiv>
        </TextRegion>
        <TextRegion orientation="0.0" id="r3" custom="readingOrder {index:2;}">
            <Coords points="261,147 261,2701 1140,2701 1140,147"/>
            <TextLine id="r3l1" custom="readingOrder {index:0;} place {offset:9; length:10;}">
                <Coords points="272,190 591,197 755,248 800,216 854,252 958,226 1118,276 1121,241 1004,175 905,192 754,123 700,147 641,94 541,164 481,126 353,163 275,153"/>
                <Baseline points="278,172 319,176 361,179 403,183 445,185 487,187 529,189 570,191 612,192 654,193 696,196 738,198 780,200 822,203 863,208 905,212 947,218 989,226 1031,234 1073,244 1115,256"/>
                <TextEquiv>
                    <Unicode>Aier von Langenhall zum houffname</Unicode>
                </TextEquiv>
            </TextLine>
            <TextLine id="r3l2" custom="readingOrder {index:1;} person {offset:0; length:7;}">
                <Coords points="317,268 372,261 423,303 493,269 869,274 972,327 1025,297 1110,318 1113,261 1050,278 958,226 906,251 751,249 670,211 628,233 580,204 527,231 429,197 320,207"/>
                <Baseline points="323,252 362,254 401,256 440,257 479,258 518,259 557,259 596,260 635,261 674,262 714,263 753,264 792,267 831,269 870,272 909,275 948,280 987,285 1026,291 1065,298 1105,307"/>
                <TextEquiv>
                    <Unicode>Rudolph, syn ubernamen ihra nit</Unicode>
                </TextEquiv>
            </TextLine>
            <TextLine id="r3l3" custom="readingOrder {index:2;}">
                <Coords points="323,333 527,331 566,359 638,334 727,361 772,335 876,340 908,366 947,346 1062,400 1098,385 1101,334 1063,341 1015,305 974,329 883,299 741,308 660,266 534,307 325,272"/>
                <Baseline points="329,320 367,321 405,323 443,324 482,325 520,325 558,326 596,326 635,327 673,327 711,328 749,329 788,331 826,333 864,335 902,338 941,341 979,345 1017,351 1055,357 1094,364"/>
                <TextEquiv>
                    <Unicode>in wüßen, sy welchem sy ein</Unicode>
                </TextEquiv>
            </TextLine>
            <TextLine id="r3l4" custom="readingOrder {index:3;}">
                <Coords points="307,428 354,418 399,446 454,401 601,417 629,397 731,452 879,390 1101,455 1104,387 1061,402 845,351 770,380 645,341 614,363 435,340 398,363 311,338"/>
                <Baseline points="314,384 353,386 392,387 431,389 470,390 509,391 548,391 588,392 627,393 666,394 705,395 744,396 783,398 822,400 862,402 901,405 940,409 979,412 1018,417 1057,423 1097,429"/>
                <TextEquiv>
                    <Unicode>so nehlich kind ergugett, welches</Unicode>
                </TextEquiv>
            </TextLine>
            <TextLine id="r3l5" custom="readingOrder {index:4;}">
                <Coords points="325,474 537,474 597,516 644,506 674,522 734,483 804,494 855,471 855,453 810,433 716,452 682,427 605,442 522,409 468,409 398,448 326,436"/>
                <Baseline points="330,465 356,464 382,463 408,463 434,462 460,463 486,463 512,464 538,465 564,465 590,466 616,467 642,468 668,469 694,469 720,470 746,471 772,471 798,471 824,471 850,470"/>
                <TextEquiv>
                    <Unicode>aber bald gestorben</Unicode>
                </TextEquiv>
            </TextLine>
            <TextLine id="r3l6" custom="readingOrder {index:5;} person {offset:0; length:21;}">
                <Coords points="271,617 589,583 973,624 974,576 926,544 865,560 788,533 695,567 552,518 434,548 333,507 274,515"/>
                <Baseline points="277,590 311,587 346,585 380,584 415,582 449,582 484,582 518,583 553,584 587,585 622,587 657,588 691,590 726,592 760,593 795,595 829,597 864,598 898,599 933,599 968,599"/>
                <TextEquiv>
                    <Unicode>Hanß Stäl Bon rorbath.</Unicode>
                </TextEquiv>
            </TextLine>
            <TextLine id="r3l7" custom="readingOrder {index:6;} person {offset:0; length:18;} place {offset:23; length:7;}">
                <Coords points="277,722 394,692 487,724 578,706 647,750 748,692 807,732 901,721 934,753 1115,735 1116,671 924,678 836,649 730,669 590,584 392,667 279,617"/>
                <Baseline points="283,693 324,692 365,691 407,690 448,690 489,689 531,689 572,688 613,688 655,688 696,689 737,690 779,691 820,692 861,694 903,696 944,699 985,703 1027,706 1068,711 1110,716"/>
                <TextEquiv>
                    <Unicode>Bendicht Stächiman von Hettwgl</Unicode>
                </TextEquiv>
            </TextLine>
            <TextLine id="r3l8" custom="readingOrder {index:7;}">
                <Coords points="256,852 331,847 378,879 490,821 551,870 612,841 885,862 926,836 1024,870 1073,842 1073,818 1017,807 846,800 796,761 666,797 599,766 499,778 442,743 360,772 257,760"/>
                <Baseline points="261,836 301,833 341,831 382,828 422,827 462,826 503,825 543,825 583,825 624,825 664,826 704,826 745,827 785,828 825,829 866,830 906,832 946,833 987,834 1027,835 1068,835"/>
                <TextEquiv>
                    <Unicode>Gaß daß Patternoster anlange</Unicode>
                </TextEquiv>
            </TextLine>
            <TextLine id="r3l9" custom="readingOrder {index:8;}">
                <Coords points="325,905 444,912 495,946 540,911 673,935 745,918 789,947 849,901 1086,923 1085,867 1037,879 930,846 869,870 745,850 719,872 659,851 550,870 482,839 325,884"/>
                <Baseline points="330,907 367,906 405,904 442,903 480,902 517,900 555,899 592,899 630,898 667,897 705,897 742,897 780,897 817,897 855,897 892,897 930,897 967,898 1005,898 1042,899 1080,899"/>
                <TextEquiv>
                    <Unicode>halbe sy solliches uß der ursach</Unicode>
                </TextEquiv>
            </TextLine>
            <TextLine id="r3l10" custom="readingOrder {index:9;}">
                <Coords points="320,1011 501,981 570,1004 756,985 812,1013 914,961 1085,992 1084,927 1012,901 956,941 853,917 822,948 643,920 495,947 318,893"/>
                <Baseline points="324,975 361,973 399,971 437,969 475,967 513,965 550,964 588,962 626,961 664,959 702,958 739,957 777,957 815,957 853,957 891,957 928,958 966,960 1004,962 1042,964 1080,967"/>
                <TextEquiv>
                    <Unicode>by ihra getragen, damittsy</Unicode>
                </TextEquiv>
            </TextLine>
            <TextLine id="r3l11" custom="readingOrder {index:10;}">
                <Coords points="324,1063 472,1046 572,1093 621,1052 723,1041 818,1076 901,1030 1003,1074 1033,1043 1110,1066 1120,999 936,973 803,1016 750,985 674,1019 521,992 457,1032 323,1018"/>
                <Baseline points="329,1043 368,1044 407,1044 446,1044 486,1043 525,1043 564,1042 604,1040 643,1039 682,1037 722,1036 761,1034 800,1033 839,1032 879,1032 918,1032 957,1032 997,1033 1036,1035 1075,1038 1115,1040"/>
                <TextEquiv>
                    <Unicode>an Catolischen ondten destobaß durch</Unicode>
                </TextEquiv>
            </TextLine>
            <TextLine id="r3l12" custom="readingOrder {index:11;}">
                <Coords points="319,1137 521,1139 556,1109 699,1155 1024,1110 1121,1133 1119,1076 968,1078 911,1036 858,1079 710,1063 498,1095 429,1064 318,1066"/>
                <Baseline points="324,1116 363,1116 403,1116 442,1115 482,1114 521,1113 561,1112 600,1111 640,1110 679,1108 719,1107 759,1106 798,1105 838,1104 877,1103 917,1102 956,1101 996,1101 1035,1101 1075,1101 1115,1101"/>
                <TextEquiv>
                    <Unicode>Pond dens Allmußen nachthomen möge,</Unicode>
                </TextEquiv>
            </TextLine>
            <TextLine id="r3l13" custom="readingOrder {index:12;}">
                <Coords points="283,1292 357,1262 558,1259 819,1268 854,1294 911,1253 951,1279 1073,1267 1102,1294 1130,1279 1131,1219 939,1210 882,1170 806,1226 723,1188 660,1216 558,1192 449,1220 371,1153 284,1141"/>
                <Baseline points="288,1262 329,1258 371,1254 413,1251 455,1248 497,1246 539,1245 580,1244 622,1243 664,1243 706,1243 748,1243 790,1245 832,1246 873,1247 915,1249 957,1252 999,1255 1041,1258 1083,1261 1125,1264"/>
                <TextEquiv>
                    <Unicode>z etreffendt die j�nigen gsellen, mit den</Unicode>
                </TextEquiv>
            </TextLine>
            <TextLine id="r3l14" custom="readingOrder {index:13;}">
                <Coords points="306,1339 458,1318 655,1323 694,1348 843,1319 878,1345 935,1323 1023,1349 1132,1326 1132,1278 1065,1300 1031,1275 978,1305 883,1272 843,1303 636,1269 503,1298 423,1267 306,1282"/>
                <Baseline points="311,1325 351,1322 392,1320 433,1318 474,1316 515,1315 555,1314 596,1314 637,1314 678,1314 719,1314 759,1314 800,1315 841,1316 882,1316 923,1317 963,1317 1004,1318 1045,1318 1086,1319 1127,1319"/>
                <TextEquiv>
                    <Unicode>zrnnen casagglenen, Genneystrunpt</Unicode>
                </TextEquiv>
            </TextLine>
            <TextLine id="r3l15" custom="readingOrder {index:14;}">
                <Coords points="323,1409 467,1404 525,1437 621,1392 937,1426 1000,1393 1055,1428 1139,1411 1115,1321 897,1362 782,1328 745,1362 710,1333 542,1354 491,1325 323,1336"/>
                <Baseline points="328,1387 368,1385 408,1382 448,1381 489,1380 529,1379 569,1378 609,1378 650,1377 690,1378 730,1378 770,1378 811,1379 851,1379 891,1380 931,1381 972,1381 1012,1382 1052,1382 1092,1383 1133,1383"/>
                <TextEquiv>
                    <Unicode>und wiegsseiken. kenne sy dieselben</Unicode>
                </TextEquiv>
            </TextLine>
            <TextLine id="r3l16" custom="readingOrder {index:15;}">
                <Coords points="326,1469 615,1464 660,1485 743,1463 858,1501 904,1473 963,1495 1049,1452 1121,1466 1120,1395 1059,1430 1015,1405 924,1430 837,1405 779,1436 700,1409 653,1436 557,1418 531,1438 436,1399 326,1432"/>
                <Baseline points="331,1457 370,1457 409,1456 448,1455 488,1455 527,1454 566,1454 605,1453 645,1453 684,1452 723,1452 762,1451 802,1451 841,1451 880,1450 919,1450 959,1450 998,1449 1037,1449 1076,1449 1116,1449"/>
                <TextEquiv>
                    <Unicode>nit, w��e auch von ihrem handell</Unicode>
                </TextEquiv>
            </TextLine>
            <TextLine id="r3l17" custom="readingOrder {index:16;}">
                <Coords points="318,1568 507,1536 744,1559 918,1521 1081,1559 1132,1527 1131,1483 1003,1469 841,1506 785,1474 711,1507 529,1472 467,1501 316,1486"/>
                <Baseline points="323,1536 363,1533 403,1531 443,1528 483,1527 524,1525 564,1524 604,1522 644,1522 684,1521 725,1520 765,1519 805,1518 845,1518 885,1517 926,1516 966,1515 1006,1515 1046,1514 1086,1513 1127,1512"/>
                <TextEquiv>
                    <Unicode>und wandel mit, allein sye ihre</Unicode>
                </TextEquiv>
            </TextLine>
            <TextLine id="r3l18" custom="readingOrder {index:17;}">
                <Coords points="322,1632 604,1654 669,1611 752,1629 789,1593 876,1622 962,1590 1082,1609 1132,1595 1130,1534 1076,1559 923,1532 855,1568 781,1541 697,1577 520,1545 454,1575 400,1544 320,1574"/>
                <Baseline points="327,1616 369,1612 411,1610 453,1608 495,1605 537,1603 579,1600 621,1599 663,1597 705,1595 747,1593 789,1591 831,1590 873,1588 915,1586 957,1585 999,1583 1041,1582 1083,1581 1126,1578"/>
                <TextEquiv>
                    <Unicode>bekhamt, daß die Jängen sm sonst</Unicode>
                </TextEquiv>
            </TextLine>
            <TextLine id="r3l19" custom="readingOrder {index:18;}">
                <Coords points="332,1696 567,1682 614,1710 707,1678 788,1709 834,1668 1109,1678 1106,1625 1029,1633 963,1589 931,1620 857,1614 803,1642 567,1636 524,1663 331,1673"/>
                <Baseline points="337,1689 375,1686 413,1683 451,1680 489,1677 528,1675 566,1673 604,1671 642,1668 680,1666 719,1665 757,1662 795,1660 833,1659 871,1657 910,1654 948,1652 986,1650 1024,1648 1062,1646 1101,1644"/>
                <TextEquiv>
                    <Unicode>andere argwange luth in einem</Unicode>
                </TextEquiv>
            </TextLine>
            <TextLine id="r3l20" custom="readingOrder {index:19;}">
                <Coords points="305,1794 441,1777 479,1799 662,1740 709,1776 752,1744 864,1755 907,1728 949,1764 1055,1730 1106,1749 1132,1737 1129,1682 963,1703 890,1675 822,1717 713,1680 667,1713 556,1699 437,1738 372,1700 300,1719"/>
                <Baseline points="308,1765 348,1763 389,1760 430,1757 471,1754 512,1751 553,1748 594,1746 635,1743 676,1740 717,1737 757,1735 798,1732 839,1729 880,1727 921,1726 962,1724 1003,1722 1044,1721 1085,1720 1126,1719"/>
                <TextEquiv>
                    <Unicode>kleinen Hüßli in der hub gegen dem</Unicode>
                </TextEquiv>
            </TextLine>
            <TextLine id="r3l21" custom="readingOrder {index:20;} person {offset:0; length:5;}">
                <Coords points="292,1868 539,1842 630,1864 942,1800 1007,1800 1074,1842 1116,1809 1110,1725 993,1775 837,1754 783,1791 656,1749 578,1812 522,1777 375,1818 286,1789"/>
                <Baseline points="295,1841 335,1840 376,1838 417,1835 458,1833 498,1830 539,1828 580,1824 621,1822 661,1819 702,1815 743,1813 784,1809 824,1807 865,1804 906,1801 947,1799 987,1797 1028,1795 1069,1793 1110,1792"/>
                <TextEquiv>
                    <Unicode>Seyer, vnd In eines Wrabers Haß¬</Unicode>
                </TextEquiv>
            </TextLine>
            <TextLine id="r3l22" custom="readingOrder {index:21;}">
                <Coords points="309,1924 662,1898 794,1926 920,1875 1128,1876 1123,1807 1075,1841 972,1812 811,1863 305,1867"/>
                <Baseline points="314,1918 354,1915 394,1911 435,1908 475,1905 515,1901 556,1898 596,1895 636,1892 677,1889 717,1887 757,1884 798,1881 838,1878 878,1876 919,1873 959,1871 999,1869 1040,1867 1080,1865 1121,1863"/>
                <TextEquiv>
                    <Unicode>Bßerthalb dem dorff hindelbanck,</Unicode>
                </TextEquiv>
            </TextLine>
            <TextLine id="r3l23" custom="readingOrder {index:22;}">
                <Coords points="333,2045 421,2044 564,1992 619,2011 668,1969 793,1970 833,1996 876,1985 871,1936 772,1937 721,1910 576,1952 532,1936 494,1969 366,1924 323,1947"/>
                <Baseline points="333,1995 359,1995 386,1993 413,1991 439,1988 466,1986 493,1982 519,1979 546,1976 573,1972 600,1969 626,1966 653,1963 680,1959 706,1957 733,1954 760,1952 786,1950 813,1949 840,1949 867,1949"/>
                <TextEquiv>
                    <Unicode>ihr zuzug habins.</Unicode>
                </TextEquiv>
            </TextLine>
            <TextLine id="r3l24" custom="readingOrder {index:23;}">
                <Coords points="326,2136 399,2107 593,2110 625,2135 781,2086 831,2116 894,2084 961,2114 989,2082 1144,2063 1141,2008 786,2064 457,2045 323,2084"/>
                <Baseline points="330,2112 370,2109 410,2106 451,2103 491,2100 532,2097 572,2095 613,2093 653,2090 694,2088 734,2085 774,2082 815,2080 855,2077 896,2074 936,2072 977,2069 1017,2066 1058,2063 1098,2059 1139,2055"/>
                <TextEquiv>
                    <Unicode>sonst Halbe sy sich die zyis ihres bebe</Unicode>
                </TextEquiv>
            </TextLine>
            <TextLine id="r3l25" custom="readingOrder {index:24;}">
                <Coords points="338,2182 484,2189 519,2160 684,2182 866,2139 929,2180 975,2145 1020,2170 1146,2132 1144,2100 1105,2084 843,2122 737,2099 688,2136 576,2115 512,2147 409,2114 336,2147"/>
                <Baseline points="342,2169 381,2168 421,2167 461,2165 501,2163 541,2161 581,2158 621,2156 661,2154 701,2151 741,2148 780,2146 820,2143 860,2140 900,2137 940,2134 980,2132 1020,2129 1060,2127 1100,2125 1140,2123"/>
                <TextEquiv>
                    <Unicode>mit diebsthallen niemolen vergriffen</Unicode>
                </TextEquiv>
            </TextLine>
            <TextLine id="r3l26" custom="readingOrder {index:25;}">
                <Coords points="311,2246 500,2235 567,2269 635,2227 685,2241 894,2201 965,2239 1078,2206 1076,2171 926,2180 877,2146 781,2191 563,2173 468,2210 418,2182 307,2185"/>
                <Baseline points="315,2235 352,2233 390,2231 428,2229 466,2227 504,2225 541,2223 579,2221 617,2218 655,2216 693,2214 730,2212 768,2210 806,2208 844,2205 882,2203 919,2201 957,2198 995,2196 1033,2192 1071,2189"/>
                <TextEquiv>
                    <Unicode>sonder deß allmusens alzyid</Unicode>
                </TextEquiv>
            </TextLine>
            <TextLine id="r3l27" custom="readingOrder {index:26;}">
                <Coords points="329,2343 382,2357 435,2314 480,2314 523,2341 567,2303 595,2300 592,2262 560,2276 497,2250 426,2274 395,2260 354,2258 323,2273"/>
                <Baseline points="331,2312 356,2307 382,2303 408,2300 434,2297 460,2295 485,2294 511,2292 537,2291 563,2290 589,2289"/>
                <TextEquiv>
                    <Unicode>beholffen,</Unicode>
                </TextEquiv>
            </TextLine>
            <TextLine id="r3l28" custom="readingOrder {index:27;}">
                <Coords points="304,2440 526,2377 971,2375 1031,2339 1102,2340 1097,2287 1036,2303 985,2281 955,2307 811,2290 657,2342 591,2313 369,2363 295,2340"/>
                <Baseline points="306,2405 345,2399 384,2393 424,2389 463,2384 503,2380 542,2377 582,2373 621,2369 661,2366 700,2363 739,2360 779,2357 818,2354 858,2351 897,2348 937,2344 976,2340 1016,2335 1055,2332 1095,2326"/>
                <TextEquiv>
                    <Unicode>Bit ett gott und vrhren umb</Unicode>
                </TextEquiv>
            </TextLine>
            <TextLine id="r3l29" custom="readingOrder {index:28;}">
                <Coords points="321,2508 396,2456 459,2448 498,2467 549,2448 626,2482 696,2467 751,2424 805,2446 870,2437 871,2401 803,2383 731,2398 709,2380 621,2405 588,2391 551,2413 498,2391 370,2413 316,2443"/>
                <Baseline points="322,2457 349,2454 376,2451 403,2448 430,2445 458,2443 485,2440 512,2437 539,2434 566,2432 594,2430 621,2428 648,2425 675,2424 702,2422 730,2421 757,2419 784,2418 811,2417 838,2416 866,2415"/>
                <TextEquiv>
                    <Unicode>gnädige verzychung.</Unicode>
                </TextEquiv>
            </TextLine>
            <TextLine id="r3l30" custom="readingOrder {index:29;}">
                <Coords points="318,2575 484,2540 554,2580 631,2532 992,2507 1098,2476 1073,2432 904,2484 772,2487 704,2458 357,2487 313,2515"/>
                <Baseline points="322,2555 360,2550 399,2545 437,2541 476,2537 514,2533 553,2529 591,2526 630,2522 668,2519 707,2516 746,2513 784,2510 823,2506 861,2503 900,2500 938,2496 977,2492 1015,2487 1054,2483 1093,2478"/>
                <TextEquiv>
                    <Unicode>Ist 2 lahr und ein mall eit</Unicode>
                </TextEquiv>
            </TextLine>
            <TextLine id="r3l31" custom="readingOrder {index:30;}">
                <Coords points="317,2650 580,2590 622,2611 749,2579 800,2603 856,2573 1110,2558 1104,2496 1010,2500 961,2538 836,2525 777,2556 624,2551 552,2582 469,2555 312,2596"/>
                <Baseline points="319,2619 358,2615 397,2611 436,2607 475,2603 515,2599 554,2595 593,2591 632,2587 671,2584 711,2580 750,2576 789,2572 828,2568 867,2565 907,2561 946,2557 985,2554 1024,2550 1063,2546 1103,2542"/>
                <TextEquiv>
                    <Unicode>Dem kleinen stein. doch nit vol,</Unicode>
                </TextEquiv>
            </TextLine>
            <TextLine id="r3l32" custom="readingOrder {index:31;}">
                <Coords points="335,2720 379,2730 462,2667 608,2688 824,2634 882,2629 954,2662 984,2639 1054,2643 1047,2579 1020,2596 943,2577 890,2608 644,2598 614,2622 557,2609 526,2644 378,2629 328,2653"/>
                <Baseline points="336,2686 371,2682 406,2677 442,2673 477,2669 513,2664 548,2660 584,2656 619,2652 655,2647 690,2644 725,2640 761,2636 796,2632 832,2629 867,2626 903,2622 938,2620 974,2616 1009,2614 1045,2612"/>
                <TextEquiv>
                    <Unicode>khomen  Vfzogen worden.</Unicode>
                </TextEquiv>
            </TextLine>
            <TextEquiv>
                <Unicode>Aier von Langenhall zum houffname
Rudolph, syn ubernamen ihra nit
in wüßen, sy welchem sy ein
so nehlich kind ergugett, welches
aber bald gestorben
Hanß Stäl Bon rorbath.
Bendicht Stächiman von Hettwgl
Gaß daß Patternoster anlange
halbe sy solliches uß der ursach
by ihra getragen, damittsy
an Catolischen ondten destobaß durch
Pond dens Allmußen nachthomen möge,
z etreffendt die j�nigen gsellen, mit den
zrnnen casagglenen, Genneystrunpt
und wiegsseiken. kenne sy dieselben
nit, w��e auch von ihrem handell
und wandel mit, allein sye ihre
bekhamt, daß die Jängen sm sonst
andere argwange luth in einem
kleinen Hüßli in der hub gegen dem
Seyer, vnd In eines Wrabers Haß¬
Bßerthalb dem dorff hindelbanck,
ihr zuzug habins.
sonst Halbe sy sich die zyis ihres bebe
mit diebsthallen niemolen vergriffen
sonder deß allmusens alzyid
beholffen,
Bit ett gott und vrhren umb
gnädige verzychung.
Ist 2 lahr und ein mall eit
Dem kleinen stein. doch nit vol,
khomen  Vfzogen worden.</Unicode>
            </TextEquiv>
        </TextRegion>
    </Page>
</PcGts>
