1210 2944
1030 23 1132 100 151
87 199 992 390 Wysch farung, lß hochgenant
83 287 1063 453 Agdt befielch, Ist Gesterigen tags,
123 343 1082 490 Andreß Wiket, vos Haßli durch vor¬
126 411 1051 556 und wol ermelte sr ynerart¬
146 469 1098 601 wanischen begangenheit und gfangen,
154 545 1049 692 schaffthhalben, alhie zu Marzili mit
141 606 1022 721 emmllcher Karter, examiniert
112 669 1070 788 worden, da er dan versachen, Sich zu
146 742 1035 838 erfuneren weüse, das er von 40
150 806 1087 922 vnd Mehrstagen, synem, gefangnen
121 869 1085 981 Bruder, Als er damalen ihn seinem
137 929 1001 1030 Dienstssin, etwas wolchens ist.
131 990 1082 1105 einem spycher enthragen helfften,
118 1050 1094 1186 ob. daßelbis aber 2 khäß al i käß
126 1112 1115 1248 und etliche pfundt anken gein syent
129 1183 1080 1296 möge er von Lengedes Zeit wegen,
127 1256 1103 1371 nit mehr wüßen, syent auch darumb
115 1317 1079 1434 droben in der gfangenschafft gein und
90 1382 918 1507 den diebstahlsersetzes muß.
73 1524 1087 1653 die Vrsuch Ihr vnid gfangenschafft
122 1601 1039 1719 sie, daß er verschinen antwuch zu
103 1647 1064 1793 Groachthal uß einem Bacosfen
113 1709 1092 1830 huß ein leibbrat uß großseh gangs
123 1764 1006 1891 noth endframbdet und von den
116 1833 1070 1965 vrouosen darob ergriffen worden,
86 1933 1055 2081 Danst habe er die zeit synes läbens
114 2007 1038 2126 nüszit Wytters entzuiekt, anders
121 2065 1088 2204 sich alzeit ufrecht und ehrlich gehalten,
110 2123 1058 2265 auch mit syner handarbeit ernehrt,
103 2175 1050 2306 und nun uem kurtzesyt mit synem
97 2232 1018 2378 bruder demalmusen nachzogen,
58 2311 1041 2462 bitet gott und s glt auch umb
24 2365 455 2486 Verzychung
39 2441 1020 2590 Ist einmal Cär und geal mit
50 2520 1025 2631 Dem Kleinen Stein vfzagworden
630 2614 676 2656 e
923 2628 989 2675 d
62 2611 1070 2711 und uff obgemeltem 69 junii 1639 mir
95 2674 1067 2759 abemeltem siem bruder auch mit dem
98 2713 1066 2809 gydt von ir gs statt und landrwiher
