2448 3264
56 84 186 144 208
276 141 1227 429 Een een andt en ie seich
316 262 1210 482 leingsthomen und den pfläg, welchen er gerend
301 328 1202 553 In syner beluchen wegen daß für schontogt
317 399 1212 604 gin stan laßen sye der Aman Mogmait
320 446 1202 643 gethommen und ußgeschrüwen, daß er ime den
315 505 1215 702 pflug stellen wellen, sye aber nit andert
330 595 996 734 dann wie vermeldet geschechen.
327 661 1203 823 Das die amrognen rocte belange, unße
347 717 1185 870 se von denselben khein wortt zusagen
312 775 1208 947 nders weder daß er reden gehorden
342 853 1210 1007 Hanß Buwman auch zu Kolligkthoffen habe
334 912 1205 1044 etliche roce in synem spycher, Ob ab
328 988 1205 1116 deeselben gestolen oder nit gestolen syendt
292 1040 962 1160 daß wüße er gantz nit
302 1126 1194 1287 Gotett B. Gg. gantz flechenlich vmb
328 1221 655 1343 verzychung
516 1390 1112 1502 Garbara Wyß ei
473 1453 1075 1585 Pfistern Hanß Läawylers
535 1545 1101 1627 1. Wittwen, von Peitter,
689 1612 866 1696 ehnigen
295 1671 1228 1830 NB werde ufkhünfftig shohans Jag en
336 1774 1229 1916 par werden, daß ihr mach und sy gag
387 1834 1226 1982 solligkhoffen wehdn und daselbst ihres schwl
387 1940 639 2029 erschaufft.
373 1963 1222 2081 Baß antreffe ihren vermeinten inzug bot
378 2030 1226 2174 lüthen und was für sachen Insonderheidt ad
376 2087 1220 2228 Rocken, Sy von denselben Zuuerkhanffen
386 2140 1221 2302 empfangen, werde aß sich inmer erfinden
344 2195 1224 2387 daß sy weder gfarlichen bößen jagng, ghan un
387 2255 1231 2451 auch sachen, sy sye r�ele oder anders zu
382 2322 1235 2511 verschaufen empfangen, wol sye eß alß
388 2376 1247 2559 man hie zu Krenenjinget und die Soldat
383 2436 1233 2646 sehei herbrig ghan, syende etlich soldaten
1097 2546 1248 2631 ephagen
393 2506 1252 2697 gan Zolligsthoffen khon, zedell ihrem har-
389 2575 1100 2746 geben nach von ihren houpflüthen
383 2600 1258 2842 zu haben färgezeigt, dß ihnsalts daß
384 2682 1248 2868 man sy by inen, biß sy zinweg zichen
377 2752 1218 2944 merdint yn und ußgan laßen und
390 2798 1194 3030 beherbrig solle welches janz
2195 49 2325 120 209.
1308 125 2136 300 solligkhoffen uaß in allen hüßeren
1336 154 2333 351 ubgenommen in shiel goßen auß nit geschechen
1328 200 2331 415 Item sy auch daß syder solbaten alß
1311 282 2323 490 Namlich der wockenlaub sampt-syner e.
1353 363 2285 515 Item hau� zobricht, sampt syner e den
1346 404 2331 580 Gladi und zaihs oll wy ußgeschmeizte
1333 485 2321 648 sy ihra B0ß und ingangen, aber siemalen
1346 564 2045 713 nachts beherbriget worden,
1327 658 2334 815 Ban Sye ouch gaß dieselben Ihra etliche mal
1346 723 2323 896 ihre verhutt und wambsell versetzte
1350 789 2316 940 umb grott sölliches aber allwegen wider
1363 860 2292 1011 gelaßt, auch niemöllen etwas by ihro
1368 917 2288 1059 gezeachet, das allein etwan ein luthere
1370 1034 1523 1128 Supen
1396 1103 2317 1245 daß den labschuchen nach antreffe, halbe delbi
1371 1177 2326 1313 shwa dißen venangnen sumer gewercket.
1366 1243 2341 1358 ond alle die weyl er by ihra beß und ingangen
1382 1307 2322 1420 jederzytt, ihres wüßens, wolgehalten,
1335 1407 2334 1530 Sonst pabedt dißere soldatten allein einmah
1367 1486 2328 1582 In ihrem auß umb ein schlechtslüttli, so sen
1361 1542 2327 1641 pfahr by den 5. gea werde gug geheilt
1345 1607 2325 1713 Wüße aber nit, wo sy daselbig genommen
1378 1665 1815 1769 und entwythers
1319 1737 2296 1877 gzetreffendt die vermeinten zuuerschaufft
1380 1819 2304 1928 empfangnen röcke, werde sich auch in
1371 1875 2334 1997 einen wäg erfinden mögen, daß sy von
1373 1944 2353 2050 jemandt mmucht gestollnen vork oder andere
1376 2004 2329 2121 gestolne sachen zuversthauffen zu sich genommen
1380 2070 2305 2191 oder empfangen, wol habe sy in Hans
1369 2132 2345 2262 Haurmans spyche ein rotte gesecht, Sye ab
1360 2200 2355 2328 der sattler Elsi gein, wie auch sy vor ens
1371 2265 2323 2398 zy es von dem angerichten sollpetter mach
1384 2314 2327 2437 ein wäß erschaufft und ime darumb ein
1329 2388 2342 2525 dianshemade und noch etwas gelt gegeben.
1306 2419 2334 2575 Welchschäß ihra aber glych hernach wider
1394 2511 2338 2649 entfr�mbdet worden und wyl ein
1384 2573 2336 2696 ißere sagen nit anders, dann weie obstact
1384 2635 2336 2771 beschaffen, so bätt v gd gantz demüttig
1374 2677 2317 2841 umb erlaßung der gfangenschafft und
1380 2750 1871 2874 umb verzyihung.
