1176 3015
68 26 154 99 76
209 63 1180 188 hochgenampt miner g harend Oberen diener
205 139 1164 243 mit angewendter marter darüber befragt
197 202 1172 312 worden, daselbsten er uber alls hieuor geschrybene
207 257 1148 380 nachweiters bekendt, auch solches mit der
199 340 629 431 marter erhalten,
243 391 1143 511 lamlichen erhabe zu Hochsteten iab
210 462 1124 578 syn synes uns welchen er mit sich genommen
203 520 1108 636 uß einem bachofen zwen leib brodtent-
207 601 446 665 fr�mbdet.
209 617 1138 748 Item er und Hans Lobristwelicher vn hinnr
184 690 1139 797 stagen allir mit ruthen ußgeschmeistworden,
193 759 1128 863 unlangest zu Bräntieckhofen uß einem
204 822 1139 932 spycher sechs mas korn zweymäs kirten,
195 873 1140 986 und ein halb mas schnitz gestolen, welches alles
197 947 1150 1038 aber ußgenommen einmas korn, so sy sonderbar
191 1006 1122 1102 In einem teckli ghan innen widerumb ab
198 1058 540 1152 gesagt worden.
187 1084 1144 1221 Item verners daselbsten zu Bräntzickhosen
190 1153 1091 1273 ybeid noch zeihen huß käßli ensamen
197 1219 1128 1336 ein rüdstückli und etwas ancken gestolen,
197 1274 1130 1363 von welchem kie auch einers anderen malls
178 1331 1129 1433 ßeinen käller doselbsten vine leiben brodts,
176 1387 1089 1494 und zwo ballen ancken genommen imme sechs
173 1426 1132 1544 Rüßli das eürstücke und by den 15 lb ancken
182 1482 610 1574 zum sheyllworden
162 1539 1070 1666 unndentliche habeer mit hilff eines imme
169 1599 1147 1723 nammens halbneten bekandt Kolers uß einem spgche
175 1666 1117 1769 14. mäs korns entragen und hinvorgemeltem
166 1725 1131 1825 Meller zu Solothuen umb dey kronmen verkaufft
162 1791 1127 1897 Uber dis alles hat immer der unlangenstallhie han
148 1841 1117 1959 gerichtete Steinhawer brecher noch in 13
184 1905 1127 2017 articklen als sin gespanen angeben, Ist aber
169 1962 1120 2083 geren keine nit gestendig, sonders vermeldet,
171 2002 1120 2140 geschahe harmen zeiegantzen ungütlich und verehten
163 2087 1123 2217 Uf disere deßbemelten Hans Ullrich Megers
153 2149 1116 2283 vilfaltige nihshandtlungen und verbrachte
161 2212 1121 2341 diebtäll habendt eine gnädign herrtn und
161 2264 1124 2409 oberen schuldthriß Rhat und Burger di
160 2326 1100 2462 loblichen statt bernuff ihren eidt zu
151 2377 1124 2523 rechterkendt undgesprochen, daß man inne
152 2460 1122 2585 dem nachrichter bestelchen, der ihnne obenaht
130 2495 1135 2657 uffgewohnliche richtstatt füeren und t
148 2559 1113 2699 volgents mit dem schwürdt vom lëben
139 2646 1103 2780 zum todt nach leißerlichem rechten
144 2690 588 2811 richten solle..
51 2755 1071 2871 diere urtheill ist an imme Hans Ullrich
54 2804 802 2928 wleyer ordenlich erstatet worden
