1184 2915
101 44 217 118 140
332 104 415 189 13
540 101 1168 277 Moctag vert 21 di
324 208 1150 325 gegenwurtigen monats vnd taleh
809 279 894 330 acht
317 274 1161 399 ßbeuelchen hoch genamtr
343 339 1171 468 durch die grennosten Fromen, sie
335 405 1164 537 gsichtigen, wol geachten wüßden herren
350 475 1165 598 Ion Bendikt Marti deß K leynende
340 548 1169 672 r. Hans Rudolff weck, der Burger
333 615 1166 750 unnd hrr Großwegbel Frutig tul
326 693 1162 823 syn etlichen weyblen, hoch und w
318 759 1158 884 emelt fr g Dieneren, die vh
352 839 1158 939 EEs beth Danner von Durren otl
351 906 1154 1041 der landtvogti Frachtelwaldt
337 980 1135 1116 zu Marzili mit andrendung des
337 1063 1138 1154 marter geexaminiert worden.
341 1127 1136 1236 welihe vfachen, wie auch ander
316 1195 844 1290 Marter erhalten.
315 1319 1159 1462 Namclicherr Obglichwol 6y boshint
335 1435 1153 1551 tagen daselbsten zu Marzilibeben
327 1488 1150 1591 daß sy die zaal und menge mit dem
341 1562 1152 1682 sy sich (liider) fleischlichen veüschet,
319 1631 1130 1733 unnd vertrabdt, nit wüße, jedoch
328 1697 1146 1824 habe sy sich sit hero bedacht nndbe
310 1756 1147 1887 funden, daß deren an eigentlicher
334 1830 1146 1946 Anzaal deyzachen gsin gendt, das
322 1897 1144 2015 aber sy dieselben all mit nammen an
317 1968 1118 2089 geben könne, sye tra nntmüglich,
291 2049 1125 2186 Allo aber sy auch aosterigen tags
321 2144 1124 2229 nochmahlen befragt und vermant
310 2203 1118 2329 worden, die grundtliche wahrheit
291 2272 1130 2395 zu bekennen hat sy angezogne ere
307 2331 1152 2462 erste zu Marzile gethane bekantn
297 2404 1145 2486 widerumb confirmiert und bestät
280 2479 1145 2583 namlichen (daß sy in die eigentliche
297 2530 1128 2662 anzaal und meige mit denan
301 2614 1116 2731 sichtn unküschheit vertinfftna
296 2667 1122 2793 wüße, by welicher bekantnas sy
298 2752 1044 2887 auch standthaffts blyben wolle,
