1371 2666
947 16 1096 101 115.
881 104 928 164 11
121 103 1077 375 sie auch abermalen mit hilffnsynes ge
136 189 1091 415 soanen by Nothenbuch ein mallen uffgebroch
133 251 1111 483 und daruß kilch und brott entferombdet
117 458 1106 627 Anlangendt aber syne verbrachten uenzucht.
134 529 1064 702 und un sehünschheiften. Bekehende un
135 612 1035 772 erhaltet ei, daß er die eigendtliche
139 674 1092 828 anzall, wie offt und manches mall er
140 735 1039 907 sich harmnen, jedoch alles ledigen wreyß.
125 795 1095 978 oertrabt nit khonne ernamhen, hienebe
137 894 1046 1034 aber zwolff wybs personen, deren er
140 934 1061 1122 sich besinne, mit denselben sich in Hury und
123 1028 1073 1176 anzuchten vergangen zu haben angeben,
116 1150 523 1255 und vermeldet etc.
74 1248 1029 1387 Huff sölliche syn deßgedachten dieboldt
102 1335 1060 1460 Aschlibachers begangne miß handlungen
90 1411 1077 1517 und die bstal, halbendt hochgenomm
113 1473 1060 1590 myn gnädig herren scpulitheiß, Nolth
91 1553 1058 1667 und Burg dißer loplichen stott Bern,
127 1616 1034 1738 uff ihren eidt zu recht erhehendt
102 1718 503 1818 sndgesprochen,
138 1808 1073 1971 Daß man inne dem nachreichter benelchtn,
122 1907 1035 2018 der Inne Obenn st, vffgewonliche Richt¬
118 1999 1066 2110 sstatt furer ime daselbsten syn soucht ab
121 2057 1052 2173 schlachen und also mit dem schwardt vom
107 2128 1022 2237 laben zum thodt, nach keißer achen
103 2198 625 2308 Rechten. Richen solle,
106 2320 987 2483 Dißere gortheill ist den 9. mantii
105 2426 991 2544 11630 an ime erstattet worden
