1118 2965
39 45 134 105 72
174 100 1107 250 selbsten die zwen by imme fundenen zeycher
156 173 1028 297 hellishell bereittet gndachten sorcher
157 232 1068 355 damit geöffnet wnder zweymalel ein
150 309 1094 410 korn darus entragen, daruo zwey mäß
145 373 1083 469 korn verkaufft und daß uberig verbrucht
163 431 1065 556 daruff auch die gedachten schläffell hir
114 497 1074 622 wegen geworffen, vor habens die selben
157 580 1059 691 nit mehr zu bruchen, als aber hernach
151 629 1082 768 jenne widerumb nocht angestoßen und
142 721 1065 822 keine mittel gewust tette erdie be
151 774 1082 904 meldten schlüßell wider umbhin gesucht
150 846 1107 966 und ein dietrah mit gekrümpsem ysenthret
161 920 1097 1039 dar zugemacht, mit diserem instrumenten
159 991 1091 1104 uber einen spycher zu Tonggenriedt
149 1057 1049 1190 zu brechen understanden, welches er
164 1130 1100 1251 aber nitt zuwegen bringen können.
143 1203 1095 1331 sonder were darob gefangen und also
159 1275 1055 1408 gefencklich alhar gefüert worden,
134 1374 1091 1486 weliche sine fäler imme domalen ei
148 1439 1105 1583 genädig Herren und oberen uss genaden
163 1506 1110 1634 nach gelassen und verhoffet disers zur
157 1559 1060 1683 ein warnung syn werde, sich in daßs
168 1599 1104 1754 künfftig ehetlich zu verhalten, welches
177 1695 1094 1796 er aber nit anderer gestaldten in
178 1757 1105 1877 daßwerck gesetzen weder daß er hermach
178 1803 1086 1934 Den 27. aprilis vor gemeldten 16 re
168 1869 1112 1996 jahrs zu Solothern glycher gstalten
148 1947 1088 2059 Wol gezigten Crenerenter) diebstälen wegen
159 2028 1072 2146 gfencklich gezogen worden, all da bekendt
149 2094 1095 2204 und solches auch nachermalen allhie zu Marzili
163 2157 806 2259 mit der marter bestättiget
172 2228 1104 2343 Namlichen alls er vor etwas zyts im könn
123 2298 1077 2409 wigen holtz zu zwegen sinen gspannen vol
145 2363 1101 2466 Unnd Ulli Seilleren gebrüderen von Bann
128 2421 1113 2533 garthen komen, habe ersich zu inen inderge
142 2481 1068 2599 set und mit innen verglichen, daß sy uff die
145 2559 1120 2663 nacht gan cönpigen gen und suchen wellend
160 2612 1115 2710 wo sy etwas zu eßen uber kommen möchtend
164 2668 1123 2792 syendt also uff die nacht dorthin ganzen u
174 2742 1052 2851 oben im dorff er mit synem krumen
151 2800 1109 2927 schlüßell ein spycher uffgebrochen, die ander
