1183 3024
82 55 251 144 41
390 119 1099 252 Alß Ersteich Margnelh
477 206 1069 327 Fällmah von Schaffißen,
307 352 1162 480 sye by 13 jahren, daß hienach gemelter
342 430 1154 545 gefangne unden haltte, ihr elman undl
332 500 1160 616 zu mum ehlich zusamen khomen. In w
344 576 1148 683 licher zytt sy sich allwegen mit arbeiten
327 638 1154 750 und ehrlichem dienen fürgebracht, w
330 716 1150 804 sy beidt dan auch acht jahr lang zu Gettli
347 778 1157 877 einem buren ein anderten nach gedienetn
309 844 1145 936 Wyln aber sy khinder angefallen, laben.
318 914 1152 1024 sy aerlaub haben müßen und siderhan
330 983 1151 1088 also wan sy zu werchen funden sich mit
324 1047 1148 1139 erchen erhalten, wo nit mit ihrem
329 1107 1152 1215 gan Gettlen gangen, sy hablindt auch
336 1170 1138 1273 alhie an der Schantz ein gutte zydt
325 1235 1133 1338 gearbeittet, was dann der sattler
331 1303 1137 1402 gentz anbetriffen, alß ihr man zu Bibe
295 1369 1146 1467 isch Darß Müller gemeyt, sye derkelbig
315 1429 1140 1541 ff dem abendt jahm komen daselbsten uber
296 1486 1147 1599 nacht gelegen und mornderiht ime ghalffen
275 1558 1126 1649 magen, nach dißem habe der sattler
285 1616 1136 1729 Bentz, alß sy solliches hernach von ihrem
307 1691 1143 1784 man espanden, zu jetzgemeltem ihrem unn
316 1750 1142 1869 gseide, wan er Ime synen gmittell weih
305 1810 1132 1937 er zu Gurgdarff habe ganwräinen
309 1891 1114 1996 tragen, welle er ime daruon ein leib
316 1962 1119 2055 brott und vier batzen zu lohn geben.
313 2014 1125 2125 welches ihr man angenommen und ime
300 2084 1133 2180 dem sattler Bentzen, alß welcher ein
288 2135 1132 2248 Fretzen darin riestell und andere kran
278 2211 1089 2320 mers sachen gsin getragen, also dißen
291 2276 1116 2382 Gmnttell biß daß man inen denselben
294 2321 1130 2440 abgesagt getragen, dan sy habindt für für
301 2398 1130 2503 ein Bederman angesechen, eitwyl sy inr
289 2454 1125 2562 hienar Niemalen kendt und gesegt, aber diß
294 2508 1133 2612 hatt sy auch anzeigt, wie daß beimetter ihr mn
290 2570 1141 2669 vor ungefahr einem jahre alhie gefangen glege
261 2612 1140 2724 und das wegen er synem fürgeben nach, etwas gehlt
276 2648 1143 2785 In einem dorff genommen, anders und vfra
277 2719 1118 2842 w��e sy nit, gotttett deßwegen vrg ab
276 2786 1082 2888 ihrer zu landtshatt erlitnen wartter
277 2848 1079 2943 deß iumysens ein vernugen zu haben
