2448 3264
171 155 288 250 34
289 245 1226 481 sampt abschlachenn, dan eong
345 346 1208 524 Demnach in eine bronnendt
376 404 1198 568 herr werffen zu Bulffer
350 463 1198 618 unnd absihen verbronnenn
281 544 1185 699 nnd also mit dem schwart
335 596 1169 741 unnd für rom laben zum
348 669 1203 815 todt, nach keiterlichem Rechten
335 722 757 840 richten solle.
417 948 1200 1057 igern Irthaile Ist vff
676 990 736 1039 a
337 983 1205 1129 em 9 tag ettuari
695 1042 746 1104 e
376 1068 1196 1176 6 f0 Jaob an thun
356 1124 1170 1251 ertatet wordennc.
1527 268 2211 425 Margreth Mükler
1484 380 2021 497 von Bergdorff
1399 463 1453 543 4
1255 493 2255 671 Nodarirt gegenwerdtige Margreth
1313 562 2240 712 Meller ein landtsumbschweiffende wybs
1323 619 2309 785 person Matys Mellers deß steinhawers
1300 708 2321 870 und sottrags zu Sergdorff ehrliche tacht
1317 767 2256 905 r vor uegel ahr zweyen jahren, in hr.
1310 836 2279 995 sauptmahn Zuischings hess allhier sich
1333 898 2297 1036 verschlagen ein genach geoffnet etliche
1338 974 2317 1112 bleyder darass genome, zu samenspart,
1330 1039 2239 1175 uend biß zu beßerer kumligkeit die
1338 1100 2299 1250 selben hinweg zu tragen uff dem fleischn
1347 1178 2313 1318 huß versteckt ghan etc. Ist sy in bemeltem
1356 1258 2288 1392 huß erwütscht unnd daßwegen in jr 4
1357 1334 2247 1460 zenden ubergaben, auch volgendts uff
1368 1418 2237 1499 deren befelich hieraber kendanderen
1346 1471 2239 1594 Irs labwäschens halber zu Marzil
1343 1546 2290 1669 mit der marter erforschet unnd bei
1342 1607 2149 1735 fragt worden, da sy dan bekent
1303 1667 2233 1853 ds syde selben tags zömmlich spnt,
1315 1779 2264 1922 ungefar umb sechs uhren von iel alle
1327 1854 2239 1972 hartn die statt kommen und sy übel
1319 1903 2186 2063 gefroren, habe sy in hr. h auchtmahn
1286 1977 2247 2131 Freschingshoff in tew eder dem
1312 2059 2248 2237 Bachoten gesechen, zu dem sy sich ge¬
1314 2096 2217 2298 jetz unnd gewarmet, bald darnach
1307 2201 2234 2377 were die hußs thür durch das hußs
1308 2233 2207 2433 gesindt verschloßsen und hiemit der
1294 2294 2256 2509 ugung ita versperet worden, dorab
1306 2365 2253 2565 sy sich uff der esterich begeben und da
1274 2423 2256 2634 selbsten übernacht verblyben, alls si
1306 2500 2192 2709 marndrist widerumb hinab wellen,
1291 2565 2273 2797 hatte yetwas schlüshlen gefunden, mit
1295 2633 2268 2833 welichen sy einem gemachzugangen, dass
1302 2686 2277 2939 selbig mit irem eignen schlüsel(welcher
1325 2779 2275 2992 enst gar ergwonig, allser nur a halbe
1292 2849 2277 3062 ghrer bart ghann, wie vol sy vermeldet
1315 2890 2263 3164 denselben in iren trag abgebrochen zu haben.
2266 226 2347 297 05
