1219 3095
37 164 94 234 34
172 156 1083 330 hhabe sidt zweyen Paren dahar
190 210 1088 360 als er somalm von Heimatzogen
177 258 1148 419 stäts im Fryburger gebiet und sunder-
162 321 1139 474 liche lerstlichen zu Conrtespig ge-
165 399 1131 536 edienet, vor etwas tagen aber hrantz
193 434 1087 576 Billionen ein krämer von S dems
190 475 1151 642 Fryburgers gebiets, inne ganwlüschli
175 541 1163 678 mit hinder Fryburg gefiort, daselbst
212 587 1127 722 er einer witwen, welche beructen
211 647 1164 774 krämer, so auch diemalen alhie gefang
208 710 1173 813 wol, er aber nit kene, in by syn ange
203 760 1109 874 vogtskrämers und siner fronwenn
215 807 1107 934 Item obanzognen buchsen und
224 861 1147 963 eines knaben von Cappellen, durch
225 922 1042 1018 mitel eines Dietlichs, einen
217 987 1078 1093 spycher geöffnet, us welchen sy
171 1026 1163 1137 ey kubel mit ancken entfrömbdet
185 1100 1060 1202 wellchen Dietrich er hieuor zu
222 1149 1076 1258 Collickhofen von einem ketler
224 1207 1137 1306 umb end alts lynlachen erkonfft
217 1264 1058 1345 welcher Ketzler Ime harnt noch
230 1316 1151 1405 zwen schlühel zum besten geben
244 1370 1155 1470 In wellichen Collekhöfen er zwar
246 1426 1068 1515 nechermalen, als er gefangenn
249 1476 1159 1560 worden, in des läbkirchenmachers
248 1537 1181 1626 hut, wie derselbige lab kuchen bachen
238 1591 1136 1684 wellen, also sy sin und daselbstenn
257 1651 1170 1741 etliche gsellen gesechen, dieselbigen
250 1706 1140 1788 keine er aber nit, und habe sy nie
257 1770 875 1850 weder domalen gesechen,
239 1848 1187 1959 Weerners habe er ouch mit hilff eines
263 1926 1125 2003 Jungen knoben, mit welchem er¬
271 1992 1196 2056 hieuor (reverenter) das vych gehntet
273 2018 1191 2097 vnd den er derhar mit meie gesach¬
263 2060 1117 2153 Item noch emes anderen, Hannd
264 2111 1142 2176 genant, deßen zunomen Ime nit
264 2158 1213 2249 In wuhen, zu Wyller, hinder hryburg
275 2207 1181 2298 us einem käller, daryn sy den obge
908 2271 1015 2315 est
256 2257 1199 2351 melten knaben durch ein loch ge
219 2316 1107 2427 stoten etwas obsses gestolen,
237 2398 1159 2553 Otem eines anderen mals habe er,
248 2484 1152 2613 Item Idemdet de Tharentese, zun
276 2536 1192 2656 Saphoy, Gvor Blandt, hinder hop¬
258 2580 1198 2684 burg und Gdug einer von rosanen
271 2639 1175 2730 welche er anderst nit nemmen köne
291 2675 1206 2802 als sine gespanen, hinder Fryburg
285 2727 404 2816 r
652 2795 751 2857 bach
255 2789 1138 2916 wie ouch us einem ofen fünf brott
295 2853 1138 2960 genommen darvon den tanderen
302 2912 1175 3000 zweyen jedem zuey, ime aben allei
313 2953 579 3044 eins worden
