2448 3264
273 304 1102 461 ff anhalten und begären f Peter
181 383 1104 526 mans von Frlach sindan gester verluth ihr gn
235 435 1118 564 benelcht durch die ehrennesten etc. h sumon wer
237 485 1114 627 stenberg des keinen raths und er Groß
233 550 1129 698 weybell erukangt, hienachmolgende psohn
238 610 1121 744 uff gepürliche veroffnung abläsung der
205 680 1109 787 Bydttaffelen und gethane glügtnus an
235 738 1139 858 Bydtstatt, wider Thomad Dilr Vß Franck
251 782 1118 904 rych kundtschafft wys vernommen worden.
287 930 1094 1044 Tendicht Fegerlener von Anekbachs
430 1007 1037 1102 der kilchhäri Biglenzüget
230 1031 1116 1182 Alls vor 4 jahren ber�rter adelis
265 1115 1125 1237 ynes vatters huß, ein gwüße wybs
239 1189 1125 1285 psohn ehelich wolllen, sye domahlen ein
231 1227 1132 1349 frouw so ein kind gettragen, für das huß
256 1296 1114 1390 kommen und alls dieselb inne adeli in
239 1360 1124 1463 demselben gesachet, habe sy zu ime
248 1395 1146 1520 Adeli geschrauwen, er sye ihr ehemahn
235 1462 1122 1550 und das kind sye syn, daruff er adel
243 1514 1133 1622 uß dem huß zu Ghrosganger und gseits
246 1572 1147 1684 wan sy nit schwygen, welle er sy mit
247 1638 1115 1735 dem mäßer erstachen, dann sy sye mil
266 1698 1149 1797 syn wyben züget wythers angeret
256 1745 1118 1859 Adeli sye ohnlangist by ihnen in das
240 1817 1134 1922 wirthshuß kohn und alls er sich damahlen
280 1872 1125 1950 nit tröüwen und anderen unge
262 1939 1100 2025 guren gantz Inwillig erzeigt
274 1972 1132 2081 habe inne der müller im Golgbach
268 2039 1116 2140 an den kopff geschlagen, daß mahn inne
261 2105 1141 2207 aber gehalten, damit inne der müller
283 2149 1029 2252 schachen könne, das sye nit etc
343 2236 981 2346 Jost Moler Freywenbel zu
461 2308 852 2409 Biglen zuget
226 2368 1105 2509 Bor ohngefahr funff Jahren habe er disen
252 2434 1114 2554 Thomas Achelt zu Burgdorff in Hanß Ban-
255 2490 1119 2614 Warths des Pfisters huß angetroffen und
233 2542 1098 2663 damahlen von imme adeli und des Pfisters
265 2606 1125 2728 magt hören sagen, habind ein anderen die
258 2657 1104 2778 Ehe verprochen, haruff die magt hernach
261 2712 1132 2861 wythers gredt, sy meine diser Adeli seye
267 2758 1139 2907 ein fühler hudler und werde sy achtsyßen
2169 40 2245 109 5
1248 161 2242 380 habe auch gehört, daß er Adeli Willens gsyn, in puncten
1268 229 2226 438 zurüchen, dann er gseit, habe dise magt nit anderist
1279 277 2300 486 gehelichet weder nach soldatischer art etc züget wythers
1273 360 2274 541 alls er gezüg inne Adelti vor sechs wuchen, allhie in der
1273 443 2256 604 statt gesachen, habe es oinne verwunderet, daß er
1260 498 2244 648 über den bydt, der ihmme hienor zu signauw ußert
1271 559 2263 712 landts zu syn, geben worden, sich allhie finden laße,
1243 643 2216 790 deßwegen zu imme geprochen, eh, Fiomas bittu hie
1253 694 2251 832 Da habe er shonas geantwortet, eh Freyweybell
1256 734 2262 902 die vatter ist auch ein redlichmahn gsyn und wythers
1273 808 2239 954 gredt, der jmuß nur noch zum nechsten werden
1282 885 2275 1006 erst ein fühler schölm ein landtsuerräther neben
1283 964 2223 1076 noth anderen vngepurenden worthen, welche er
1273 1037 1744 1134 damahlen auch ußgoßen
1363 1116 2029 1227 Baniel Kupfer von Höch.
1479 1204 1846 1290 stetten, zäget.
1273 1284 2308 1390 Er habe wohl gwüst, daß er thomas Foleli hernon
1298 1347 2223 1442 zu Signouw mit dem eyd verwise
1298 1400 2274 1501 worden und deswegen sich verwünderet, daß
1301 1451 2293 1531 er Inne vor etwas zyths, allhie In der Statt
1309 1519 2277 1609 gesähen, alda er Tsomaa Rddli syn wehr
1309 1583 2275 1679 umb etwas ußgezüekt und gesprochen, daß
1289 1643 2290 1734 wehr seye des gre herrgott und erwelle
1302 1701 2274 1798 das wehr in synen büttlen wäschen, dann er
1317 1750 2308 1851 sye ein schelm dieb und landtsnerräther
1307 1803 2290 1930 so es aber nit möge geschachen, so müße ime
1304 1881 2282 1966 der müller oder syn wohn werden, wo aber
1309 1930 2322 2030 er sich an ihnen auch nit rachen könne, so welle
1313 1967 2263 2090 er ihnen das huß anstecken verners
1318 2042 2289 2172 gredt, er sye von deßwegen allhie, daß er vor
1333 2095 2276 2219 nahren synes gydt uflößen welle, danne
1327 2149 2308 2280 er denselbes nit könne annemmen und welle
1330 2219 2282 2359 eendes frwegen nit statt und land myden
1340 2286 2297 2412 r gezüg sölle es dem frez anzeign und alle
1328 2330 2288 2481 ie grigen, soes mit imme habend, synnd so gutt
1337 2382 1586 2473 alls er
1313 2455 2265 2647 Ulli Laderach von Riedt der kilch
1493 2557 1821 2657 H�ri Biglen,
1317 2578 2311 2813 ziget ein glychs nüt obbemeltem damen
1330 2653 2310 2866 küpter, was des f antrifft belangendt
1332 2725 2301 2927 aber dem müller von demselben wüßen
1324 2790 1576 2888 er nüt
