1177 3264
34 64 190 141 122.
307 151 1119 299 sy mit, weder von dizem, noch
313 213 1125 341 auch den anderen zusagenn
289 277 1128 432 Hetter dehwegen hochgedacht
296 355 1154 480 vg umb iediglogung, dani
296 423 1142 515 und vermeldet, sy sich wie unc er
284 462 1118 556 habendes junge kindt, in das
285 516 1138 606 knfftig, wie bhhar beschechen nit
277 559 1181 670 der hilff Gottes, noch wyters hal
295 612 766 689 furbringen wolle,
297 667 1149 801 Barbli Togpwyler hievormelt
294 753 1143 869 It den 11. may ao 1630 mit dem
302 804 1125 916 sydt von d gden 8t abt und kanlt
292 880 884 959 verwisen worden
549 1050 1038 1160 Esi Hertmar
439 1122 1118 1210 von Wanistein zzahler
324 1123 419 1215 d
481 1181 708 1256 gebrets,
282 1206 1156 1333 Die junge tare ee unnerhelihete
286 1285 1127 1367 wybsperson, zekene, das sy
308 1327 1151 1415 verdigem in gemeltem Tramstein
294 1383 1124 1458 wie auch zu liechtstal sy den
301 1429 1167 1489 acht jaren langeherlihen gediene
282 1493 1113 1557 und sich ze und allwegen eherli
292 1524 1054 1607 gehalten, allein zu nechtstal
254 1568 1145 1638 . wellches sy gar lang nit bekenen
272 1612 1126 1697 wollen) habe ein Schmidtknacht
302 1651 1152 1749 sy zu ires meisters schuren dahin
300 1703 1168 1795 sy creverenter vor un g zunermal
269 1760 1148 1852 zun vychgangen, ungeacht ires
307 1811 1149 1878 hrgaus ihrer eheren hallen ver¬
262 1849 1164 1928 felt, wellches alls sy has geoffenbe¬
267 1896 1170 1975 hret, were derselbige Shundtbugt
288 1938 1112 2030 alhs baldt beschickt umb jechenn
291 1988 1140 2065 prmndt getrafft und hinwegg ge
279 2033 1164 2111 schieke, sy aber ledig gelaßen worden.
265 2079 1163 2171 Fiusten über dans habe sy sich jeder
287 2150 1108 2232 zytth eherlichen gehalten und mit
302 2185 1128 2261 keiner anderen mantpersen vph
282 2242 1064 2328 wys mein alen vergangen
289 2288 1151 2391 das sy abe alher kome, sye geschechen
295 2341 1157 2421 das sy ein meister suchen wollend
279 2370 1157 2481 und demselben, wo nit müglich umb
289 2438 1141 2524 lon, doch gern allein vmb die spp
298 2495 1121 2575 zudienen, Sienmol alle es ein
318 2537 1147 2634 sölliche beschaffenheit gewunen
280 2570 1162 2675 wolle sy wider heim zu irem vater
295 2619 1135 2712 von dem s erst versihiner Wienachten
305 2675 1127 2765 komen, vnd vor dieem mein odem
293 2698 1149 2822 alhie gsin beheren, alls zu wellchen
283 2752 1131 2869 wie ouch vbrigen Iren frindenn,
289 2799 1110 2906 wol widerumb gan dorffe,
