1290 3243
70 21 1261 210 Bos orung zu droschen gedinget, dahin
147 103 1242 234 er dann uff Mornbrigen sonstag ver
153 174 1226 315 reißen und also biß dahin wartten
133 282 389 366 wellen
914 316 949 382 11
171 346 1092 512 ettet umb Gnad vnd vezychung
305 446 977 608 Ist lär uffzogen worden.
614 647 668 717 11
240 672 1045 811 Antzan Flontt von Sanen
124 835 1228 976 lß ei vor achttagen by nach einem
129 932 1246 1061 Atli genampt, syn zumamen uenße
169 993 1222 1129 er nit allie uff dem blatz geschanden
181 1059 1257 1228 sye ein mettl zu inen khomen und habe
172 1158 1285 1292 gseidt, Eßsyendt weltsche manen by syner
160 1207 1226 1353 frauwen gsyn, die wtra etlich käßen
184 1272 1280 1428 dan dißere syn frauw alhie by der anck
189 1378 1262 1466 en wag mit azen grempls zu shoffsfen
194 1424 1255 1559 angetragen, welche man siy einer schüren
142 1511 1264 1654 Bnhehr von Knnzz finden werde mit dißem
185 1601 1235 1732 Meittli in die gemelte schüreg gangen
179 1684 1185 1804 dißere käßen deren sechs gsyn den
178 1755 1178 1884 gedachten Weltschen mannen genommen
143 1840 1230 1963 Vnd In deß Oberen Spittalls Schūren
130 1923 1245 2045 Welche offen gsyn, in daß hauw verborgen
119 1981 1227 2119 Deßvorhabens dieselben worndrist
169 2066 1237 2197 zanerkhauffen, wan er sy eiderumb
155 2149 1212 2280 funden lätte, aber diß habe er
169 2219 1246 2346 sich auch in beruetter schüren, da er zum
180 2288 1239 2418 andermall ubernachtgelegen, (leider
181 2381 1230 2495 mit einer wybs psor die anderist
174 2434 1140 2567 nit kanne, weder daß sy uß dem
166 2500 1265 2637 sibentall pürttig sye, fleischlichen
151 2573 1267 2715 vergangen und hieneben sich jeder zytt
167 2649 1239 2771 mit ehrlicher hand arbeitt fürge
170 2734 1253 2852 bracht, der gschalten das siemandt etwans
148 2793 1131 2933 Aiges von ime werde zügen könne,
138 2846 1252 3018 bottet auch umb gmad und vezychung
224 2975 1061 3154 Ist glychfahls lahr uffzogen.
517 3093 802 3175 worden.
