1255 3154
1107 21 1203 101 35
124 64 1218 209 berdig und gethanes langen anhalten
92 144 1187 260 hat er zwar für ine gsellen angebene
130 190 1158 304 Idement ee tarentes in Saphry
93 258 1187 378 Item einen heist groz cland ußem
109 321 1193 461 Fryburger gebiet, wie ouch noch einen,
131 355 1096 508 heist Gdurs von Losanen mit
102 420 1188 548 untelden könne sy anderst nit nemmen
134 484 1150 627 Hieneben aber angezeigt habind
134 544 1137 665 mitzit botes mit einanderen
123 600 1197 742 verbrachten, wellche sine dey g sellen
91 657 1155 825 vnd er ouch hieuor alhie sich In Keien
172 729 1136 854 ihryben laßen und einanderen
142 773 1182 929 weder zuuor, noch hernach, men als
134 880 634 1001 daß mal gesechen.
130 946 1203 1084 Was inne antreffe sye er allein jetz
184 1006 1104 1127 iit deyen wuchen Im Gerner
428 1085 531 1136 habe
151 1056 1114 1211 gebiet und uber obstehendes salbützie
150 1115 1197 1240 wylers botes begangen oder bebracht,
141 1301 1148 1408 Ist einmal lar, demnach mitt
123 1334 1131 1452 dem kleinenstein und volgendts
107 1406 1144 1491 mit zweyen steinen zum Grotten
163 1459 969 1552 mal uffgezogen worden.
6 1516 1136 1613 Istuhgeschmeitzt und von ir g stett rnd
10 1539 1180 1649 fanden verwitzen worden, wie auch hernachstadt,
320 1707 979 1840 Derenn Luthenen,
336 1797 831 1892 vonn Rauffli
625 1918 682 1968 22
164 1907 1227 2041 fffür dem 17. decembris 1629
202 1995 1220 2085 Est, Vermog abgagen Rhatsbemelchs
171 2043 1201 2146 durch die eherenuesten ec. s. Damel
180 2097 1204 2172 von Weerdt deßs klainen schats unnd
168 2144 1222 2251 l Großweibel Frütig eid wybs person
165 2193 1169 2287 Verena Lütgenen von Räüffli, in der
160 2251 1155 2330 landtvogty Brachtelwaldt uber ir
165 2305 1177 2417 verübtes argwöniges und mtig.
135 2354 1137 2466 gendes läbwegen, alhie zu warben
180 2404 1163 2492 ensthafftig, theills mit worten und
170 2471 1210 2566 theils ouch mit angewendter wacter
176 2539 1247 2627 caammert worden, Allda dieselbige
163 2582 1209 2679 verzächen, auch an der warter war
201 2628 979 2720 syn erstätiget namlichen
175 2683 1164 2812 Wie das sy voracht tagen zu dene
190 2769 1198 2873 Satlerfeye des jenigen sattler
176 2792 1232 2907 Bantzen, eines botzen suben ehefromw
71 2839 1212 2980 jetzend auch zu v g gefangenschafft
172 2899 1141 3044 ungenerdter wyßkommen, wellihe sy
