1195 3066
64 212 994 363 und ernst exfortiort und über
87 288 984 431 wisen worden, das sy dieselbigen
79 344 1011 467 Christenlich vbungen wie andere
96 406 991 531 gottselige lüth als in diesung
96 454 997 608 ch daerament Flyßis besuchen
90 530 992 661 sollnit. Hat doch sölisches byinen
92 593 1040 711 auch nit erheblich sys mögen, sondr
83 657 1027 768 vrmelden daß wylen der Lann
88 716 989 846 diserer khilschen nit gemacht. sy
78 781 1058 893 auch dieselbige. Als da sich guts vnd
81 840 1061 963 böß versamlet) nit besuchen. sands
99 907 1053 1026 ich gentzlich derselbign absentieren
56 986 348 1101 grellnnt.
25 1071 1031 1215 AAhls aber auch ansanerheit Ruff
65 1165 1011 1271 Bormman, daß böß laben, vnndt
54 1226 1069 1332 wäsen, deß zu Zürsich hingerichteten
31 1288 989 1402 Widerthäfisters Laudi genant
62 1357 1054 1458 und was ime auch sein iitöcus.
74 1414 1037 1526 keit ime zuwagen bebracht, hat
92 1462 1089 1591 er daruf vermeldet er Landi sye.
66 1535 1051 1660 Da Ime wol Ist, vnd mochte wol
83 1609 1020 1707 erwünschen, das er auch mit Ime
95 1671 535 1779 erben khante etc.
88 1781 1072 1890 unnd ob wol sy beid sonnenthaft,
83 1872 1067 1976 durch allerley grued. Zeilig gschrifft
99 1932 1046 2025 sind überwisen unnd gantz ernst¬
84 1988 1046 2107 lasses zum Wahren Glauben, vnd
89 2046 1036 2127 Hutter admontiones vor solicher
92 2101 1035 2213 Irthumben abzustahn, auch irer
60 2156 1019 2277 hochen naturlich oberkeit als
92 2229 1071 2337 ein statthaltern Gottes; schuldige
85 2292 1071 2411 gehorsamen zu leisten vermacht worden.
46 2352 1062 2484 Gothent sy sich doch keins wegs dariß
91 2426 1041 2541 schicken, noch wyßen laßen wellen,
80 2490 961 2609 sonders vermeldsen, sy von irer
977 50 1113 165 157.
