2448 3264
140 106 259 165 102
346 109 1101 345 Sernna von ancl von
379 215 1096 398 llmendingen dez sattler
373 276 944 397 Gantzen Dirneme
2129 61 2244 132 103.
1234 148 2235 426 Ober nachtgelägen, da sannen ermelter satleg reütz,
1280 238 2241 475 villmalen in deit nacht von ihna uffgeshanden.
1273 314 2197 543 und mordengs allwehen deige spyten mit sich
1304 406 2195 596 gebracht, wo er aber dieselbigen genommen
1291 451 2252 680 wüße sy gantz sitt, dann er es ihra niemalen
1290 514 2230 735 geoffenbahret, sonst habe gedachter satler
1277 571 2241 795 Bentz, sy zu Müllenen im wurdes haß gesëndt,
1285 676 2195 848 bettet und den wurden daaumb mit bahrem
1287 739 2202 916 gelt behalt, w�ße aber auch gtt, wohar er
1281 825 2157 983 mit söllichem gelt khomen etc. Diebstal und
1281 882 2191 1042 andere unthanten betreffendt, wüße sy von
1280 969 2201 1095 ime sattler Bentzen gantz nützit zuner
1276 1015 2231 1163 melden, anders weder daß er mithin etwas
1266 1098 2092 1242 Rysten und lynigen guchs mit sich gebracht
1249 1182 2200 1307 welches sy allwegen zu Fieyburg uff dem
1274 1251 2159 1362 marnt vekhauffen etc. Bittet umb sölliches
1285 1312 2190 1422 alles gott und hochgenampt und g  umb
1289 1396 1661 1488 gnad und verzychung
1257 1471 2154 1589 Ist zum ersten lahre, dennach mit dem kleineren
1278 1550 2187 1644 tein uffzogen, wie auch haruff der andern
1262 1613 2190 1710 Stein zra zum schweikeg angebunden worden
1238 1729 2150 1839 Abwelcher ihr der gedachten freüw von
1264 1788 2173 1918 lauel gethanen bekehandttnus, hochgenampt
1262 1861 2172 1965 Bgd nit khomen, weien sonders gethrünket
1265 1924 2189 2030 nach was mehres und boßers darhinder
1253 1975 2128 2110 stäcken möchte, deßwegen bewolchen man
1236 2041 2187 2166 sy abermollen beide mit wortten und noth
1226 2108 2154 2236 wendiger wartter examineren solle
1232 2168 2169 2318 welches dan gesterigen tags durch vor und
1253 2236 2199 2381 Wolermelten Aynen hochehrenden H: Pielaūs
1258 2288 2192 2486 sachsellhoffer deßkleinen raths e sebastion
1267 2361 2166 2517 jahr der Bürgeren und h Großweibell
1247 2412 2031 2581 früttige och albereith geschechet,
1239 2501 2172 2738 Alda sy über daß vorgeschribne bekthendte
1257 2593 1804 2736 noch wylhers versächen
1874 2673 1927 2738 1
