1093 2852
11 40 127 134 46
92 1376 254 1615 u
269 52 919 187 u Longingen ein mans hembt
233 172 1066 304 In Rigisperg ein leib grott und i viertel
238 228 404 326 Käsch
256 303 938 418 zuBosibach ein leib grott
238 409 984 524 zu Greuchen ein alt perr shu,
262 495 1080 621 zu Wattenbach ein halbe ballen anche
247 622 1036 736 Zū Ried. ein hembt, welches ei
258 681 822 808 Homb 3 kl verkhanfft
219 793 1057 935 Gar engefahr jahren mit einem
263 899 1051 999 synem ghponen, Hanß Pfaffhoffer
286 958 1037 1070 zu Goßliwyl nachts einem buren
265 1031 1053 1122 Sß synem Keller 6 so oder vleiben
270 1112 1061 1195 bgott genommen, welches sy gan Bile
281 1161 1054 1257 ren getragen, daselbst innen abge
255 1214 1063 1321 Jagt und dem Buren wider geben
273 1297 520 1391 worden.
243 1384 1069 1484 Vor ungefahr 12 wuchen aber zu Gottli
286 1445 1096 1536 wyl dem under ein pare glißmen
276 1500 1068 1623 Schrümpf saampt einem hutt, welches
259 1591 1065 1686 inen aber auch abgesagt und dem
268 1655 879 1728 uüberwider worden.
230 1739 1074 1849 Demnach habe einer genandt Caller sampt
272 1805 1083 1904 nach zweyen anderen, so uß dem luderner
258 1869 1057 1983 gebiett syende und er mit inen zu
236 1940 1057 2043 Wyinschorff ein gaden, darinen alß
270 1987 1050 2108 eie melter zellen inen vermeldet
260 2058 1070 2189 gutts wyses brott sye uundergrabhe
239 2113 1081 2221 w�llen, habendt aber darin nit khomen
272 2195 1059 2315 mögen, das sy girob versagt worden.
228 2352 1015 2464 Scehruner habe sit auch an einem
248 2388 1002 2526 gereüßen oeth ein barhoßen ent
250 2482 559 2596 rombdet
