1185 3007
959 2 1101 83 171
151 205 1060 359 letstlich mit helff syenes gsponen, dem
185 280 1064 439 J Benggler im syn schuren brocht.
171 356 1122 499 und 5 mäß erbs garuß getragen, er
186 437 1080 552 aber darob ergriffen und gfengklich
172 522 696 631 in zogen worden
164 712 1093 824 Ist domalen den 6. jannuarii vermelten
164 786 1133 890 Nb 13 jahrs zunar durch die gattelvogt
176 839 1097 981 In der keffi mit ruthen wolzer schmeitzt
189 930 1065 1041 vff ein gatte Consur widerumb
171 991 756 1119 heingwißen worden.
183 1397 1076 1524 Lenrnach ist vorgemelter Hanß
187 1486 1059 1569 Jacob auch den 6. feb gesagsten 160s
180 1548 1095 1654 jahrs abermalen alhie gfengktlich ange-
174 1614 1072 1731 namen, in der kefi mit dem Lumysen
178 1678 1054 1779 gferkt uund alda vber daß obstehende
169 1735 1085 1844 durch inne wytters bekhendt worden.
363 1789 875 1886 Wie hernach statt
145 1926 1071 2050 Erstlichen habe er obenthalb selph einen
163 2013 1039 2106 Buren 3 pfanen endtfr�mbdet und
172 2081 891 2185 die einem keßler Etsthonfft
117 2166 1079 2308 Etem jenner gißer statt in einem Jörfli
186 2268 1081 2364 vor eines parern huß in einem sacke 2 mahs
167 2325 1065 2421 denckell entwendt und die im alhof
180 2379 1045 2507 gan uf der Straß einem müller umb ein g
179 2452 852 2556 mit sampt dem sack vershonfft
129 2552 1022 2666 Aber in einem j�rkli einem furen uß
157 2619 1007 2722 dem huß ein pfannen und ein schneff
175 2693 727 2778 fleisch serunthreüwet
