3024 4032
262 557 1354 687 Also daselbsten bey ihrem aitt verblieben, Ellann
261 628 1342 741 ein abend umb 1 biß 8 ahren, da sie miten an
245 696 1309 830 der brttstatt gestandan, das Kindlin von ihren
225 785 1305 920 ausgegangen und auff den boden gefallen, sie
225 857 1351 980 also siehend gewesen, und durch den fall die Nabel
226 936 1328 1078 Schnur von selbsten von einnanderen gerißen. Das
215 995 1324 1131 Kndlig habe sie biß, daß eine diemliche zeit herr
210 1067 1354 1199 nach Sie auch von der Nach Grburt entlediget, ohne
194 1185 1318 1295 zubindung des Häbelins wol elamne sitel stundt
192 1246 1320 1389 (. da dach ihre nicht unbetoust ware, daß die ver
191 1326 1337 1456 kuupfung des Ntäbofind bey einem frisch geborwen kind
187 1396 1320 1538 zu erhaltung seines lrbens nohtwendig) auch ohne
184 1486 1341 1620 angeruffene hilf auff dem boden liegenlaßen,
170 1569 1319 1698 daßelbige nachtorts auff die Schooß geonen, in
169 1642 1313 1775 das angehabte fürtuch eingewunden und uider
160 1715 730 1867 das underbott verborgen
138 1828 1278 1999 5. Ward sie auch nach aelches variatione und
125 1921 1303 2093 Retractionen bekanntlich, daß, weilen das
136 2026 1310 2171 kind einsmahls von ihro geschoßen und mit dem
132 2118 1307 2264 Kopflin voran auff dem boden gefallene, sie von
121 2210 1291 2334 ihme in seiner geburs keine regung gesführt
115 2291 1285 2419 allein solches auf dem boden sich rühren und betar
96 2382 1265 2502 igen gestehen, dennach aber seine stimm von ihme
103 2450 388 2576 gehört habe.
573 2458 1301 2569 Daß sie das Kindlin (alldie
79 2533 1255 2681 Weil es sich nach ein wenigtegte) mit beiden
80 2610 1279 2744 handen vom baden aufgenommen, mit der einter
84 2703 1261 2832 hand am leib gefasßet, mit der anderen dam
81 2774 1271 2937 ihme das Jox Fölin hart angegriffen und getrnkt,
76 2870 1272 3004 und also darmit seines vernuchtens ihme die budt
64 2970 1213 3097 und die mit blut und erloffen an dem heüptlin
1146 3040 1249 3147 Auch
43 3046 1030 3167 sich befund ene mahlzeichen verursachet.
51 3113 1247 3230 daß nachdemt sie das kint todb under das
40 3187 1249 3341 Underbett verstertt hatte, des Pfefr Springs
32 3269 1260 3442 Schmitds Ehefrauw, die Sie Delinquentug auf Ersten
932 3379 1159 3491 Anblick
2453 587 2630 696 123
1538 600 2582 828 Auß eErsten Anblick über eine kindt gebährung
1532 690 2565 863 schar quastioniert, biß zum dritten wlahl
1519 755 2649 966 verlaugnet und biß auff betraubung die sach nicht
1516 845 2666 996 angezegt und bekennt, Diß aller aber in dem
1529 896 2631 1107 bösen abschee vorhaben und zu solchem endzlartt
1520 998 2668 1183 getahen habe, damit sie das kind heymtlich abchiffen
1517 1047 2643 1242 und sich nachwerts vor derd welt als unschuldig daro
1502 1136 2523 1319 gstollen möchte. ohne daß sie jedannach von
1507 1230 2633 1398 Einichem menschen darzu berahten nach angestür et.
1482 1316 2632 1453 worden seye. Bekennte und erkenne sich also
1504 1391 2631 1533 daß sie bey so gestalten sachen hiemit ursach und
1485 1456 2593 1592 schuldig seye an ihres kemnen kinds todt, solchen
1491 1547 2622 1683 großen tehler herzlich bereüten, auch gott umb gnad
1491 1614 2354 1750 und verzeichung deßßen anbätten tühr.
1474 1688 2614 1882 Diß ist hiemit dasjenige, was diese llende weiber,
1474 1819 2580 1965 fersan in deng mit ihrem guttlich und ernstwortin
1483 1904 2608 2055 verführten caamnibus bekennt und verjährt hat
1480 1986 1895 2124 Et d Obstahl
Celctio Medicaw
1471 2273 1664 2312 u Bestean als den 13te is deni s haben wirde under
1435 2312 2610 2481 u Bestean als den 13te is deni s haben wirde under
1446 2407 2571 2560 gschriebene nach erhaltenem hoch oberkeiten. z befelch und
1465 2498 2605 2614 nach schupfer begeben und des Nadle steiners uuß
1459 2581 2572 2707 dem kiechshagff allda in einer trucken begrabener
1437 2647 2602 2786 kind in begseyn daßigen Mleyers und statt haltere
1450 2724 2596 2857 hervorgraben laßen und solches hernach auff das ge
1432 2807 1889 2912 manlorse Visitiert.
2092 2817 2604 2932 diesem kind, so ein Voll¬
1441 2889 2551 3037 kommenes und wol aus getragenes küäblig, ware
1430 2978 2545 3117 erstlich die abel schnud nicht gekmmpfet worden,
1431 3068 2566 3196 zweytend fanden wir an dem vorderen mit obere
1431 3150 2567 3280 teill seines haupts Ohnmittelbard ob der stirmen, wo
1434 3225 2561 3363 die Sulura Coconatio der Kranz kaat ist, daß die
1419 3307 2557 3436 hien schaln eingetruckt ware und also einem dump e
2282 3388 2521 3520 formierte
1678 2161 2252 2312 Celctio Medicaw
