3024 4032
256 1404 299 1526 9.
217 1854 299 1971 e
177 2639 299 2803 5
173 2840 286 2987 1
217 2154 299 2274 30 zu Muri seyind sie auch nachts in einen keller
297 2258 299 2337 gerathen, alls sie auch milch getrunken und
204 2456 299 2572 4. zu Oberhofen in dem einten haus abe er mit dem
292 2788 299 2840 Klein ehrin Häfelin nachts entlornden geholfen.
274 2915 299 2997 zu Bilterfingen habe er einzig aus einem hauß
254 3089 299 3179 Dsegen obigen diebstählen seye er neben seinen beyden
284 3175 299 3272 brideren  so man dazumahl und ruthen gesticht
288 3292 299 3347 die statt hierunder geführt, in das schallen
260 3327 299 3428 berkgethan und kachberts dem wasenmr
261 3467 299 3545 an inverlaben übergeben worden.
299 1398 332 1527 9.
299 1854 320 1973 e
299 2684 306 2737 5
321 512 1460 701 Dnne daß er wegen Verschirdenen began¬
360 638 1454 774 genen diebs und anderen schlimmen stuken
359 740 1443 848 bereits zum drittenmahl alhier, und
369 795 1465 911 Einsmahls zu Interlaken gefangen und
356 870 1439 1009 zum anderen mahl im Schallenlork
369 942 1220 1080 enthalten gewesen. Und zwar
359 1040 1458 1176 Erstenmahls vor 152 jahren befandter
235 1134 457 1211 alber it
326 1120 1475 1271 sichmit Christen und ppter Müller
334 1207 1481 1353 seinen elthero zu Chin hingerichteten
334 1283 1493 1439 bruderen alhier in dern in verhafft weilen.
358 1380 1466 1535 mit gedacht seinen beyden brüderen zu Nider
346 1473 1502 1620 Wichprach nachts aus einer kichi zley ehren
336 1556 1470 1693 hafen benommen, die bruder habuld ihn zu
340 1643 1478 1773 einem loch hinhin gestoßen, denten er nach
324 1714 1186 1858 werts die hafen hinauß gegeben.
336 1821 1494 1990 zu Hunziken habind alle dere sich nachts igenen
307 1919 1490 2049 Keller begeben, darinnen milch getrunden
319 1992 1508 2124 eine pfannen und einen bizen schnauhentbredt.
299 2118 1489 2257 30 zu Muri seyind sie auch nachts in einen keller
299 2200 1487 2355 gerathen, alls sie auch milch getrunken und
318 2276 1478 2433 einen bißen schmiz und unschlitt genommen.
299 2402 1493 2568 4. zu Oberhofen in dem einten haus abe er mit dem
308 2473 1478 2651 Peter seinem bruder 1 ehrenen hafen und
303 2597 1483 2762 Angleichem ort aus einem anderen hauß
299 2694 1486 2872 Klein ehrin Häfelin nachts entlornden geholfen.
299 2792 1499 2990 zu Bilterfingen habe er einzig aus einem hauß
302 2943 892 3088 a. Hafen entragen.
299 2977 1512 3194 Dsegen obigen diebstählen seye er neben seinen beyden
299 3063 1522 3271 brideren  so man dazumahl und ruthen gesticht
299 3165 1492 3346 die statt hierunder geführt, in das schallen
299 3212 1502 3450 berkgethan und kachberts dem wasenmr
299 3320 1307 3543 an inverlaben übergeben worden.
1550 752 1634 857 7.
1557 982 1628 1053 8.
1558 1242 1631 1342 9.
1557 2132 1634 2245 105
1548 2339 1637 2411 14
1553 2681 1646 2794 12
1556 2823 1643 2935 13.
1557 3186 1659 3291 14.
2535 494 2652 586 16
1588 554 2711 701 Woretwan 5 jahren habe er sich zum zloefen
1624 653 2700 790 mahl alhier in verhafft befunden. Weilen er
1634 746 2713 862 auf der Mulden bey signaulo tags aus uine
1648 809 2737 951 Kellertman ruchen wie auch e leib brodt
1656 875 1906 989 weie aūch
1628 954 2730 1089 s allhier in Gery aus einem laden 4 paar
1634 1039 2743 1178 strumpf genommen und zu Münsingen veren
1633 1105 2035 1238 kauff gehabt.
1631 1221 2720 1356 Kurz zuvor habe er zu interlaken olt, dree
1639 1304 2749 1398 von dem kirchprästen verdorbene buh nach
1652 1380 2720 1503 außweisung hochoberkeiten) gebotte mit
2028 1459 2063 1504 a
1635 1447 2753 1562 hat und saat verlochet, selbige aber her
1647 1519 2738 1650 nach widerum hervorgegroben und die
1655 1604 2779 1718 einte haus ganz, von denen anderen
1651 1673 2777 1795 beyden aber einen theil genommen, deßent-
1653 1744 2712 1875 wegen eroldorden in die kefi gesezt worden
1588 1877 1645 1995 C
1664 1844 2800 2014 feendrigen jadro zur zeit des alhier gespihlten
1654 1940 2713 2064 Frugkerf seye er abermahl alhier in
1650 2023 2282 2148 gefangenschafft gerathen.
2291 2026 2633 2144 Daß er
1666 2122 2766 2261 drunden am stalden 2 röllig sabal und
1675 2203 2358 2334 gutdoren mit kir�en boßer.
2475 2225 2717 2340 wie auch
1672 2311 2811 2453 Einer degenschmid 1: degen vor dem fenster
1665 2395 2259 2523 hinweg genommen habe.
1661 2501 2817 2636 Dißmahlen aber seye er erdappet und incarierirt
1674 2583 2445 2705 borde ausanlos, weilen er
1681 2674 2808 2823 an der kram goßen eine Rollen dabar und
1681 2799 2811 2961 in der Dolaten Matt gaßen 2 Rollen Tabal Vor
1684 2906 2466 3029 den fensteren entleendt habe.
1707 3013 2665 3159 Verners wurde er annoch bekantlich.
1712 3135 2798 3290 daß er vor etwelchen wuchen abends zbüschen
1716 3239 2801 3380 tag und sacht in des weibels hans und
2536 3315 2705 3409 und
1701 3316 2429 3454 Schangnan 1 erenen hafen.
2524 3444 2856 3583 zugleicher zeit
