3024 4032
1477 940 1731 966 Bachdene diese Ceitar Arni von 30 bß
2570 504 2662 625 .
1552 593 2613 754 Betarhnuss und Gergichh
1780 707 2480 864 Des Christen Aunis
1780 830 2401 969 zu Sellingen gebügtig.
1477 966 2656 1129 Bachdene diese Ceitar Arni von 30 bß
1529 1059 2644 1189 35 jahren alters seiner handtwercks ein schmidd
1540 1152 2668 1294 wurden seine ausbührung seit etwaß nitd den ver
1515 1236 2653 1355 kacht deß Baltsch, wluntzend auff sich gezogen
1523 1315 2567 1438 ja würctlich er als ein faltsh elünter bey
1507 1382 2654 1516 slugen y den rähten verleydet worden, Volgandro
1524 1469 2681 1607 zu deßen behändigung die soch oberkeitliche anstalt
1540 1541 2649 1690 beschehen. Ist derselbige endtlich zu Rerzert
1525 1619 2680 1767 erfragt, daselbst angehalten, nach vlurten geführt
1530 1718 2625 1863 und den dorten durch hinsige Thurn weybel
1527 1793 2645 1944 abgehalt und allhero in die obere gefangenschafft
1536 1886 2666 2027 in verhaft gebracht, nachterts zu und underd,
1513 1973 2674 2121 gschindlichen mlahlen als den 6ten 7 9 und 18
1515 2066 2678 2213 exugusti N128 von neinem hachgeeheten herren
1506 2139 2680 2307 Heymlicher von Anternauw als hirzu ver
1502 2216 2645 2371 oronetem herren exammnatoren mit zutehn ihro
1511 2307 2677 2460 gnadent dieneren mstohl Groß weybel fina
1498 2386 2657 2526 enel Wurstembergers und wegen deßem ablorsen
1513 2459 2675 2602 anfänglich motohl Amann Müllers und mein
1518 2556 2622 2718 deß krichtschreibers Johann Rudolf Tschisfeli
1508 2637 2666 2816 guntlich und ernstwörtig denach ohne Ankendung
1519 2725 2643 2887 der vlarter eocaminiert und nach beschreiebene
1507 2810 2591 2988 bekantnuß und vergicht von ihme erhalten
1512 2887 1729 2990 worden.
1490 2995 2691 3236 Als klamblichen und Erstlich So stiye sein Vatter
1494 3135 2706 3332 ser hammerschmied zu Wortauskran gewasen, von deme
1494 3232 2698 3447 Er das schmidd handtwerd erlehrnet, selbiges 40
1494 3347 2706 3494 biß n jahrd lang getrieben und sein weib und
2361 3475 2553 3593 Knder
