<?xml version="1.0" encoding="UTF-8" standalone="yes"?>
<PcGts xmlns="http://schema.primaresearch.org/PAGE/gts/pagecontent/2013-07-15" xmlns:xsi="http://www.w3.org/2001/XMLSchema-instance" xsi:schemaLocation="http://schema.primaresearch.org/PAGE/gts/pagecontent/2013-07-15 http://schema.primaresearch.org/PAGE/gts/pagecontent/2013-07-15/pagecontent.xsd">
    <Metadata>
        <Creator>prov=University of Rostock/Institute of Mathematics/CITlab|PLANET AI GmbH/Gundram Leifert/gundram.leifert@planet-ai.de:name=German_Kurrent_XVI-XVIII_M1(htr_id=19584)::::v=2.6.7
prov=University of Rostock/Institute of Mathematics/CITlab|PLANET AI GmbH/Tobias Gruening/tobias.gruening@planet-ai.de:name=de.uros.citlab.module.baseline2polygon.B2PSeamMultiOriented:v=2.6.7
prov=University of Rostock/Institute of Mathematics/CITlab|PLANET AI GmbH/Tobias Gruening/tobias.gruening@planet-ai.de:name=/net_tf/LA73_249_0mod360.pb:de.uros.citlab.segmentation.CITlab_LA_ML:v=2.6.7
Transkribus</Creator>
        <Created>2021-04-27T18:46:24.018+02:00</Created>
        <LastChange>2023-06-19T09:49:43.361+02:00</LastChange>
        <TranskribusMetadata docId="1334845" pageId="52362060" pageNr="8" tsid="127236619" status="IN_PROGRESS" userId="68497" imgUrl="https://files.transkribus.eu/Get?id=NDFICZZZJISIERITTFNFNKDB&amp;fileType=view" xmlUrl="https://files.transkribus.eu/Get?id=TRBCTRKBDBAGDOLWJMONCYLM" imageId="19734351"/>
    </Metadata>
    <Page imageFilename="IMG_5009.JPG" imageWidth="3456" imageHeight="5184">
        <ReadingOrder>
            <OrderedGroup id="ro_1687513655491" caption="Regions reading order">
                <RegionRefIndexed index="0" regionRef="r1"/>
                <RegionRefIndexed index="1" regionRef="r2"/>
            </OrderedGroup>
        </ReadingOrder>
        <TextRegion orientation="0.0" type="paragraph" id="r1" custom="readingOrder {index:0;} structure {type:paragraph;}">
            <Coords points="528,1004 528,4666 1780,4666 1780,1004"/>
            <TextLine id="r1l1" custom="readingOrder {index:0;}">
                <Coords points="584,1095 760,1105 908,1046 1099,1079 1211,1053 1266,1098 1542,1064 1710,1149 1772,1109 1772,1053 1602,978 1303,1002 1207,939 1042,995 914,967 805,1019 583,1001"/>
                <Baseline points="592,1086 650,1081 709,1076 767,1070 826,1065 885,1061 943,1057 1002,1054 1060,1052 1119,1050 1178,1048 1236,1048 1295,1048 1353,1050 1412,1052 1471,1057 1529,1060 1588,1067 1646,1073 1705,1082 1764,1090"/>
                <TextEquiv>
                    <Unicode>Wie auch aber über alle bewoegliche und abendige</Unicode>
                </TextEquiv>
            </TextLine>
            <TextLine id="r1l2" custom="readingOrder {index:1;}">
                <Coords points="601,1215 758,1171 830,1215 1040,1148 1139,1222 1258,1151 1490,1147 1666,1228 1756,1193 1756,1154 1548,1088 1302,1125 1241,1081 1023,1057 893,1109 840,1075 600,1106"/>
                <Baseline points="608,1178 665,1175 722,1170 779,1166 836,1162 893,1158 950,1154 1007,1151 1064,1148 1121,1146 1178,1144 1235,1144 1292,1144 1349,1144 1406,1146 1463,1148 1520,1153 1577,1157 1634,1163 1691,1170 1748,1178"/>
                <TextEquiv>
                    <Unicode>vorstillungen das kleisch mir einer weie kagen</Unicode>
                </TextEquiv>
            </TextLine>
            <TextLine id="r1l3" custom="readingOrder {index:2;} place {offset:7; length:6;}">
                <Coords points="605,1281 887,1252 1020,1294 1082,1248 1218,1241 1346,1284 1548,1243 1752,1305 1751,1227 1589,1230 1451,1163 1232,1217 1079,1177 831,1215 720,1182 604,1247"/>
                <Baseline points="612,1272 668,1268 725,1265 781,1260 838,1258 895,1253 951,1250 1008,1247 1064,1243 1121,1242 1178,1240 1234,1238 1291,1238 1347,1238 1404,1240 1461,1242 1517,1245 1574,1250 1630,1256 1687,1262 1744,1270"/>
                <TextEquiv>
                    <Unicode>an der sannen verharret, als hat hierauf nach</Unicode>
                </TextEquiv>
            </TextLine>
            <TextLine id="r1l4" custom="readingOrder {index:3;}">
                <Coords points="602,1414 1193,1343 1360,1420 1480,1358 1681,1417 1754,1392 1753,1312 1667,1259 1474,1315 1391,1267 1278,1297 1220,1257 1068,1318 786,1288 601,1342"/>
                <Baseline points="610,1368 666,1366 723,1362 780,1359 837,1356 894,1352 950,1350 1007,1347 1064,1344 1121,1342 1178,1340 1234,1338 1291,1338 1348,1338 1405,1338 1462,1340 1518,1342 1575,1346 1632,1349 1689,1354 1746,1362"/>
                <TextEquiv>
                    <Unicode>3 ga frnerem willen zu zeg, und auch</Unicode>
                </TextEquiv>
            </TextLine>
            <TextLine id="r1l5" custom="readingOrder {index:4;}">
                <Coords points="586,1482 703,1457 828,1507 1003,1445 1171,1466 1318,1430 1393,1495 1509,1443 1576,1490 1695,1454 1754,1489 1779,1414 1576,1369 1442,1415 1376,1372 1199,1389 1024,1348 955,1409 585,1415"/>
                <Baseline points="594,1464 652,1462 711,1459 770,1456 829,1452 888,1449 947,1446 1006,1444 1065,1440 1124,1438 1183,1436 1241,1436 1300,1434 1359,1434 1418,1436 1477,1438 1536,1442 1595,1447 1654,1452 1713,1460 1772,1470"/>
                <TextEquiv>
                    <Unicode>würcklicher anwendung der dorgmaliger lären</Unicode>
                </TextEquiv>
            </TextLine>
            <TextLine id="r1l6" custom="readingOrder {index:5;}">
                <Coords points="574,1575 830,1586 962,1542 1123,1601 1242,1546 1360,1607 1498,1539 1760,1588 1759,1510 1568,1501 1500,1452 1325,1518 1135,1439 793,1517 703,1456 574,1501"/>
                <Baseline points="582,1552 640,1550 699,1550 757,1548 816,1546 874,1544 933,1542 991,1540 1050,1540 1108,1538 1167,1536 1225,1536 1284,1536 1342,1536 1401,1538 1459,1538 1518,1540 1576,1544 1635,1547 1693,1552 1752,1558"/>
                <TextEquiv>
                    <Unicode>varer an dieser schuldeggerug gescheitten werden</Unicode>
                </TextEquiv>
            </TextLine>
            <TextLine id="r1l7" custom="readingOrder {index:6;}">
                <Coords points="572,1658 943,1631 1128,1692 1271,1636 1320,1668 1462,1646 1562,1698 1635,1647 1775,1647 1775,1612 1585,1573 1511,1615 1462,1574 1191,1614 884,1555 840,1593 649,1574 572,1615"/>
                <Baseline points="580,1642 639,1642 698,1642 758,1642 817,1640 877,1640 936,1638 995,1636 1055,1636 1114,1634 1174,1633 1233,1632 1292,1632 1352,1632 1411,1632 1471,1634 1530,1636 1589,1640 1649,1643 1708,1648 1768,1654"/>
                <TextEquiv>
                    <Unicode>müßen, da dann nach fruchtlboß abgelaße</Unicode>
                </TextEquiv>
            </TextLine>
            <TextLine id="r1l8" custom="readingOrder {index:7;}">
                <Coords points="560,1746 644,1735 714,1792 955,1731 1102,1802 1290,1746 1344,1780 1631,1736 1693,1787 1768,1762 1768,1681 1620,1654 1536,1706 1456,1650 1254,1709 998,1647 859,1694 790,1649 560,1709"/>
                <Baseline points="568,1736 627,1736 687,1734 746,1734 806,1734 866,1732 925,1732 985,1730 1044,1730 1104,1729 1164,1728 1223,1728 1283,1728 1342,1730 1402,1730 1462,1732 1521,1734 1581,1738 1640,1742 1700,1747 1760,1752"/>
                <TextEquiv>
                    <Unicode>mnamn ersten au zug ich für gut erachtet ihne</Unicode>
                </TextEquiv>
            </TextLine>
            <TextLine id="r1l9" custom="readingOrder {index:8;} person {offset:0; length:12;}">
                <Coords points="554,1857 620,1847 720,1910 903,1827 979,1869 1138,1835 1738,1849 1663,1760 1588,1754 1525,1790 1397,1759 1339,1811 977,1758 847,1798 759,1756 672,1812 621,1766 554,1782"/>
                <Baseline points="562,1846 620,1844 678,1842 737,1839 795,1836 854,1834 912,1834 970,1832 1029,1832 1087,1830 1146,1830 1204,1830 1262,1830 1321,1830 1379,1831 1438,1832 1496,1833 1554,1834 1613,1836 1671,1838 1730,1840"/>
                <TextEquiv>
                    <Unicode>Waldtspurger dieser seiner an der Marter</Unicode>
                </TextEquiv>
            </TextLine>
            <TextLine id="r1l10" custom="readingOrder {index:9;}">
                <Coords points="573,1954 631,1981 911,1925 1040,1980 1357,1915 1429,1972 1680,1931 1756,1980 1756,1881 1686,1845 1532,1897 1335,1882 1249,1832 573,1906"/>
                <Baseline points="580,1932 638,1930 696,1928 755,1927 813,1926 872,1924 930,1924 988,1922 1047,1922 1105,1922 1164,1922 1222,1922 1280,1922 1339,1922 1397,1922 1456,1924 1514,1924 1572,1926 1631,1928 1689,1930 1748,1932"/>
                <TextEquiv>
                    <Unicode>fangenden nit beklagten underd angen zustellen</Unicode>
                </TextEquiv>
            </TextLine>
            <TextLine id="r1l11" custom="readingOrder {index:10;}">
                <Coords points="542,2044 660,2093 835,2037 975,2075 1139,2022 1359,2095 1449,2022 1594,2024 1684,2091 1756,2063 1755,1977 1663,1937 1595,1989 1539,1946 1451,1976 1225,1940 1048,1996 947,1939 825,1993 664,1956 542,2007"/>
                <Baseline points="550,2034 609,2032 669,2030 729,2028 789,2026 849,2024 909,2024 969,2022 1029,2020 1089,2020 1149,2018 1208,2018 1268,2016 1328,2016 1388,2016 1448,2016 1508,2018 1568,2018 1628,2020 1688,2020 1748,2024"/>
                <TextEquiv>
                    <Unicode>umb zusehen, ob er aufs dieses sprectacut bey</Unicode>
                </TextEquiv>
            </TextLine>
            <TextLine id="r1l12" custom="readingOrder {index:11;}">
                <Coords points="551,2138 967,2119 1089,2152 1461,2108 1512,2141 1582,2109 1703,2163 1743,2132 1742,2086 1534,2024 1371,2097 1203,2034 1112,2101 845,2040 663,2092 550,2060"/>
                <Baseline points="558,2126 616,2126 675,2126 734,2126 793,2126 852,2126 910,2124 969,2124 1028,2122 1087,2121 1146,2120 1204,2118 1263,2117 1322,2116 1381,2114 1440,2114 1498,2112 1557,2112 1616,2112 1675,2112 1734,2114"/>
                <TextEquiv>
                    <Unicode>seiner anklag verharren dorcke. So wenng</Unicode>
                </TextEquiv>
            </TextLine>
            <TextLine id="r1l13" custom="readingOrder {index:12;}">
                <Coords points="554,2231 668,2212 998,2283 1085,2216 1173,2252 1515,2211 1720,2235 1742,2187 1563,2194 1471,2123 1314,2177 1155,2133 1060,2164 969,2118 892,2156 725,2130 554,2190"/>
                <Baseline points="562,2220 620,2219 679,2218 737,2218 796,2218 855,2218 913,2217 972,2216 1030,2216 1089,2216 1148,2216 1206,2216 1265,2216 1323,2214 1382,2214 1441,2214 1499,2214 1558,2214 1616,2214 1675,2214 1734,2214"/>
                <TextEquiv>
                    <Unicode>aber das Elß besh durch die marter bekenen</Unicode>
                </TextEquiv>
            </TextLine>
            <TextLine id="r1l14" custom="readingOrder {index:13;} person {offset:20; length:4;}">
                <Coords points="550,2335 653,2350 763,2305 983,2380 1097,2325 1317,2357 1551,2315 1675,2372 1757,2306 1757,2239 1189,2262 1093,2218 998,2284 895,2290 549,2248"/>
                <Baseline points="558,2314 617,2314 677,2312 736,2312 796,2312 856,2312 915,2312 975,2312 1034,2312 1094,2312 1154,2312 1213,2312 1273,2312 1332,2312 1392,2310 1452,2310 1511,2308 1571,2308 1630,2306 1690,2303 1750,2300"/>
                <TextEquiv>
                    <Unicode>eben solring hat er Ulli von ihme dem meydt</Unicode>
                </TextEquiv>
            </TextLine>
            <TextLine id="r1l15" custom="readingOrder {index:14;} person {offset:34; length:7;}">
                <Coords points="556,2423 695,2417 765,2466 876,2407 1002,2438 1223,2411 1346,2469 1430,2416 1535,2468 1757,2394 1544,2321 1456,2378 1184,2318 979,2383 818,2316 556,2349"/>
                <Baseline points="564,2408 623,2406 682,2406 741,2406 801,2406 860,2406 919,2404 979,2404 1038,2404 1097,2404 1157,2404 1216,2403 1275,2402 1334,2402 1394,2402 1453,2401 1512,2400 1572,2400 1631,2399 1690,2398 1750,2398"/>
                <TextEquiv>
                    <Unicode>lin abstehen wollen, sondern ihme Elsbeth</Unicode>
                </TextEquiv>
            </TextLine>
            <TextLine id="r1l16" custom="readingOrder {index:15;} person {offset:35; length:4; continued:true;}">
                <Coords points="536,2515 778,2506 847,2549 894,2509 1017,2549 1196,2514 1256,2559 1501,2522 1625,2584 1711,2551 1712,2459 1535,2486 1434,2418 1339,2487 1058,2484 965,2408 760,2478 536,2437"/>
                <Baseline points="544,2506 602,2504 660,2504 718,2502 776,2502 834,2502 892,2502 950,2502 1008,2502 1066,2504 1124,2504 1182,2506 1240,2506 1298,2508 1356,2508 1414,2510 1472,2510 1530,2512 1588,2512 1646,2514 1704,2514"/>
                <TextEquiv>
                    <Unicode>under dard falterd freg ausgesagt, Elsi</Unicode>
                </TextEquiv>
            </TextLine>
            <TextLine id="r1l17" custom="readingOrder {index:16;} person {offset:0; length:4; continued:true;}">
                <Coords points="524,2668 674,2614 806,2680 945,2626 998,2674 1198,2616 1433,2660 1654,2641 1733,2622 1733,2534 1580,2602 1367,2602 1294,2547 1211,2568 1057,2513 984,2566 690,2517 525,2574"/>
                <Baseline points="532,2614 591,2612 651,2610 710,2610 770,2610 830,2610 889,2610 949,2610 1008,2610 1068,2610 1128,2612 1187,2612 1247,2614 1306,2615 1366,2616 1426,2618 1485,2618 1545,2620 1604,2620 1664,2622 1724,2622"/>
                <TextEquiv>
                    <Unicode>Elsi wach doch nicht also und langne nicht</Unicode>
                </TextEquiv>
            </TextLine>
            <TextLine id="r1l18" custom="readingOrder {index:17;}">
                <Coords points="546,2716 611,2748 659,2706 1012,2716 1121,2784 1248,2734 1344,2776 1416,2730 1725,2740 1726,2686 1605,2707 1358,2633 1175,2650 1113,2700 949,2626 806,2682 547,2670"/>
                <Baseline points="554,2708 612,2706 670,2706 728,2708 786,2708 845,2710 903,2711 961,2712 1019,2714 1077,2716 1136,2718 1194,2720 1252,2722 1310,2724 1368,2724 1427,2726 1485,2726 1543,2726 1601,2726 1659,2726 1718,2724"/>
                <TextEquiv>
                    <Unicode>vlehrd an der marters. Gschaute, da weise im</Unicode>
                </TextEquiv>
            </TextLine>
            <TextLine id="r1l19" custom="readingOrder {index:18;}">
                <Coords points="535,2813 668,2850 745,2799 797,2837 846,2815 931,2879 1098,2807 1145,2851 1206,2814 1262,2866 1322,2815 1562,2854 1726,2827 1728,2746 1625,2731 1444,2800 1249,2737 1121,2784 917,2728 688,2787 536,2717"/>
                <Baseline points="542,2806 600,2805 659,2804 718,2806 777,2806 836,2806 894,2808 953,2808 1012,2810 1071,2812 1130,2814 1188,2815 1247,2816 1306,2818 1365,2820 1424,2820 1482,2822 1541,2822 1600,2822 1659,2822 1718,2820"/>
                <TextEquiv>
                    <Unicode>denn herten, daß du mich darzu verursacht und</Unicode>
                </TextEquiv>
            </TextLine>
            <TextLine id="r1l20" custom="readingOrder {index:19;}">
                <Coords points="530,2950 805,2963 968,2909 1300,2965 1391,2922 1716,2923 1716,2883 1655,2897 1539,2834 1263,2866 1192,2825 1105,2891 864,2838 760,2884 622,2830 531,2854"/>
                <Baseline points="538,2906 596,2906 655,2906 713,2906 772,2906 830,2908 889,2908 947,2910 1006,2910 1064,2912 1123,2914 1181,2914 1240,2916 1298,2916 1357,2918 1415,2918 1474,2918 1532,2918 1591,2918 1649,2918 1708,2916"/>
                <TextEquiv>
                    <Unicode>Geholsen hast, disen nit mlacht auf dem</Unicode>
                </TextEquiv>
            </TextLine>
            <TextLine id="r1l21" custom="readingOrder {index:20;}">
                <Coords points="522,3019 645,3073 798,3008 1163,3026 1253,3091 1314,3046 1503,3087 1628,3031 1755,3045 1757,2964 1689,3005 1458,2933 1139,2973 967,2910 824,2985 732,2946 523,2959"/>
                <Baseline points="530,3006 590,3006 651,3004 712,3004 773,3006 834,3007 895,3008 956,3010 1017,3013 1078,3016 1139,3018 1199,3020 1260,3022 1321,3024 1382,3026 1443,3026 1504,3028 1565,3028 1626,3026 1687,3026 1748,3022"/>
                <TextEquiv>
                    <Unicode>Ofnen gfin und haß mir durchd Ufenhach hinauß</Unicode>
                </TextEquiv>
            </TextLine>
            <TextLine id="r1l22" custom="readingOrder {index:21;}">
                <Coords points="520,3154 693,3112 759,3154 826,3111 930,3172 1002,3109 1558,3204 1720,3111 1722,3058 1448,3107 1316,3047 1222,3106 1109,3023 988,3056 908,3014 680,3076 605,3033 523,3068"/>
                <Baseline points="530,3106 589,3104 648,3102 707,3102 766,3102 825,3104 884,3107 943,3110 1002,3112 1061,3118 1121,3122 1180,3125 1239,3128 1298,3131 1357,3132 1416,3134 1475,3134 1534,3133 1593,3130 1652,3125 1712,3120"/>
                <TextEquiv>
                    <Unicode>gesagt, ich soll jch kömmen, es sege gez gut</Unicode>
                </TextEquiv>
            </TextLine>
            <TextLine id="r1l23" custom="readingOrder {index:22;}">
                <Coords points="519,3235 714,3208 1193,3263 1275,3230 1465,3281 1573,3238 1640,3305 1746,3310 1786,3295 1789,3198 1124,3188 1057,3128 928,3173 842,3122 521,3157"/>
                <Baseline points="528,3206 590,3206 653,3208 715,3210 778,3212 841,3214 903,3217 966,3220 1028,3221 1091,3225 1154,3228 1216,3229 1279,3232 1341,3234 1404,3234 1467,3236 1529,3236 1592,3236 1654,3234 1717,3234 1780,3230"/>
                <TextEquiv>
                    <Unicode>darauf bessn mit wlin in die eebendestaben gansen</Unicode>
                </TextEquiv>
            </TextLine>
            <TextLine id="r1l24" custom="readingOrder {index:23;}">
                <Coords points="524,3332 624,3293 778,3346 1052,3330 1193,3387 1406,3328 1751,3333 1753,3247 1660,3302 1467,3311 1293,3243 1050,3290 818,3232 526,3234"/>
                <Baseline points="532,3304 592,3304 653,3304 713,3304 774,3304 835,3306 895,3308 956,3310 1016,3312 1077,3316 1138,3318 1198,3320 1259,3322 1319,3324 1380,3326 1441,3326 1501,3326 1562,3326 1622,3324 1683,3322 1744,3320"/>
                <TextEquiv>
                    <Unicode>Erst das Schlüßeli auß die hosen gnommen und</Unicode>
                </TextEquiv>
            </TextLine>
            <TextLine id="r1l25" custom="readingOrder {index:24;}">
                <Coords points="522,3442 640,3462 804,3394 1744,3447 1745,3382 1667,3328 1481,3394 1240,3357 1108,3383 1009,3340 956,3367 885,3318 818,3352 750,3317 524,3333"/>
                <Baseline points="530,3392 590,3392 650,3394 710,3394 771,3396 831,3396 891,3398 952,3400 1012,3401 1072,3402 1133,3404 1193,3406 1253,3406 1313,3408 1374,3410 1434,3410 1494,3412 1555,3412 1615,3414 1675,3414 1736,3414"/>
                <TextEquiv>
                    <Unicode>aa mird geben und ich hale auffgelahn,</Unicode>
                </TextEquiv>
            </TextLine>
            <TextLine id="r1l26" custom="readingOrder {index:25;}">
                <Coords points="535,3489 611,3535 691,3502 756,3541 815,3495 1097,3503 1271,3562 1523,3514 1673,3552 1754,3498 1755,3437 1626,3474 1539,3416 1318,3486 919,3481 732,3404 636,3466 536,3405"/>
                <Baseline points="544,3482 604,3486 664,3488 724,3490 784,3494 844,3494 904,3497 964,3498 1024,3500 1084,3501 1145,3502 1205,3502 1265,3502 1325,3502 1385,3502 1445,3502 1505,3502 1565,3500 1625,3498 1685,3497 1746,3494"/>
                <TextEquiv>
                    <Unicode>Da hastn zuerst geomen und ich nach die habe</Unicode>
                </TextEquiv>
            </TextLine>
            <TextLine id="r1l27" custom="readingOrder {index:26;} person {offset:4; length:8;} person {offset:37; length:9;}">
                <Coords points="531,3579 661,3568 823,3625 1015,3590 1074,3636 1131,3598 1416,3606 1477,3649 1586,3598 1751,3615 1753,3548 1529,3528 1240,3577 963,3504 891,3569 689,3502 621,3551 573,3500 533,3517"/>
                <Baseline points="540,3570 600,3572 660,3574 720,3577 780,3580 841,3583 901,3586 961,3588 1021,3590 1081,3593 1142,3596 1202,3597 1262,3598 1322,3600 1382,3601 1443,3602 1503,3602 1563,3602 1623,3600 1683,3599 1744,3596"/>
                <TextEquiv>
                    <Unicode>das Ganterli wiedard beschlaßen, das schlußeli in</Unicode>
                </TextEquiv>
            </TextLine>
            <TextLine id="r1l28" custom="readingOrder {index:27;}">
                <Coords points="541,3678 750,3709 1116,3677 1301,3749 1397,3690 1545,3738 1612,3690 1754,3716 1757,3630 1476,3649 1437,3611 1261,3661 1113,3604 941,3652 861,3606 738,3641 657,3567 543,3586"/>
                <Baseline points="550,3656 609,3658 669,3660 729,3662 789,3666 849,3668 909,3672 969,3674 1029,3677 1089,3680 1149,3681 1208,3684 1268,3685 1328,3686 1388,3687 1448,3688 1508,3687 1568,3686 1628,3685 1688,3682 1748,3680"/>
                <TextEquiv>
                    <Unicode>die hosteg getahren und sind darnach beide schlaffen</Unicode>
                </TextEquiv>
            </TextLine>
            <TextLine id="r1l29" custom="readingOrder {index:28;}">
                <Coords points="549,3777 827,3764 927,3822 1056,3766 1240,3822 1313,3783 1742,3782 1683,3713 1550,3742 1364,3696 1298,3751 1233,3697 1160,3751 981,3679 927,3714 785,3694 734,3736 551,3713"/>
                <Baseline points="558,3748 616,3750 675,3752 734,3754 793,3756 852,3760 910,3762 969,3765 1028,3768 1087,3770 1146,3774 1204,3775 1263,3778 1322,3780 1381,3782 1440,3784 1498,3784 1557,3784 1616,3784 1675,3784 1734,3782"/>
                <TextEquiv>
                    <Unicode>gangen, am sontag darauff hasu Mird bey dem</Unicode>
                </TextEquiv>
            </TextLine>
            <TextLine id="r1l30" custom="readingOrder {index:29;}">
                <Coords points="535,3898 687,3914 774,3854 929,3848 1149,3921 1576,3882 1676,3936 1746,3923 1751,3815 1625,3859 1483,3784 1180,3835 1069,3779 927,3822 860,3778 540,3785"/>
                <Baseline points="546,3840 605,3840 665,3842 725,3844 784,3847 844,3850 904,3853 963,3856 1023,3860 1083,3864 1143,3868 1202,3871 1262,3874 1322,3878 1381,3880 1441,3882 1501,3882 1560,3882 1620,3882 1680,3880 1740,3878"/>
                <TextEquiv>
                    <Unicode>shon er 1 der 8 duten gescpiegelt, besing dich</Unicode>
                </TextEquiv>
            </TextLine>
            <TextLine id="r1l31" custom="readingOrder {index:30;} person {offset:15; length:6;}">
                <Coords points="537,3941 615,3996 733,3932 797,3969 1059,3948 1219,4033 1317,3975 1524,3982 1610,4047 1738,3980 1740,3934 1644,3910 1598,3945 1472,3884 1269,3951 938,3859 538,3909"/>
                <Baseline points="546,3926 605,3929 664,3931 723,3934 782,3938 842,3942 901,3946 960,3949 1019,3952 1078,3956 1138,3961 1197,3964 1256,3968 1315,3971 1374,3972 1434,3974 1493,3976 1552,3978 1611,3978 1670,3978 1730,3976"/>
                <TextEquiv>
                    <Unicode>deren bacht in gottes nhamern und marter dich</Unicode>
                </TextEquiv>
            </TextLine>
            <TextLine id="r1l32" custom="readingOrder {index:31;}">
                <Coords points="553,4053 996,4078 1087,4050 1224,4102 1288,4067 1596,4115 1610,4046 1475,3991 1351,4025 1300,3980 1217,4038 1099,3963 931,3998 737,3933 653,3997 556,3997"/>
                <Baseline points="562,4018 613,4020 665,4022 717,4026 769,4028 821,4032 873,4035 925,4038 977,4041 1029,4044 1081,4048 1132,4051 1184,4055 1236,4058 1288,4062 1340,4064 1392,4067 1444,4070 1496,4074 1548,4076 1600,4078"/>
                <TextEquiv>
                    <Unicode>nicht also selbsten durch dim srahtig laugnen,</Unicode>
                </TextEquiv>
            </TextLine>
            <TextLine id="r1l33" custom="readingOrder {index:32;}">
                <Coords points="537,4138 960,4161 1058,4205 1123,4160 1376,4223 1426,4186 1608,4229 1770,4186 1773,4119 1731,4103 1605,4130 1440,4094 1375,4140 1291,4070 1232,4102 978,4063 864,4108 761,4062 674,4114 540,4096"/>
                <Baseline points="546,4126 606,4128 667,4131 728,4136 789,4139 850,4144 910,4148 971,4152 1032,4156 1093,4162 1154,4164 1214,4170 1275,4173 1336,4176 1397,4178 1458,4180 1518,4182 1579,4182 1640,4182 1701,4180 1762,4178"/>
                <TextEquiv>
                    <Unicode>Da nun dieer aitab nichts verfangen wollen, sonder</Unicode>
                </TextEquiv>
            </TextLine>
            <TextLine id="r1l34" custom="readingOrder {index:33;} person {offset:4; length:10;}">
                <Coords points="543,4235 773,4299 855,4253 1050,4250 1161,4270 1227,4335 1331,4279 1478,4335 1529,4290 1578,4332 1661,4323 1768,4244 1578,4207 1365,4258 970,4234 733,4148 651,4178 548,4148"/>
                <Baseline points="552,4214 612,4217 672,4221 732,4227 793,4231 853,4237 913,4242 974,4248 1034,4253 1094,4258 1155,4263 1215,4268 1275,4272 1335,4276 1396,4278 1456,4280 1516,4282 1577,4284 1637,4282 1697,4282 1758,4280"/>
                <TextEquiv>
                    <Unicode>Sie Sudaggerin nner mit langnen zugefahren.</Unicode>
                </TextEquiv>
            </TextLine>
            <TextLine id="r1l35" custom="readingOrder {index:34;} person {offset:30; length:4;}">
                <Coords points="554,4314 738,4299 873,4383 962,4333 1088,4384 1132,4346 1404,4355 1496,4415 1556,4371 1765,4372 1771,4295 1227,4334 1150,4272 838,4288 759,4239 688,4283 560,4229"/>
                <Baseline points="564,4292 623,4296 683,4299 743,4305 802,4309 862,4315 922,4320 981,4326 1041,4333 1101,4338 1161,4344 1220,4349 1280,4355 1340,4360 1399,4363 1459,4367 1519,4368 1578,4370 1638,4370 1698,4368 1758,4364"/>
                <TextEquiv>
                    <Unicode>sagnnet. Ach meig Hort lieber Ulli Ach habs</Unicode>
                </TextEquiv>
            </TextLine>
            <TextLine id="r1l36" custom="readingOrder {index:35;}">
                <Coords points="573,4378 618,4411 720,4391 776,4437 937,4394 1330,4470 1403,4440 1754,4466 1759,4406 1704,4381 1491,4419 1382,4366 1217,4411 1138,4346 1044,4384 746,4302 578,4324"/>
                <Baseline points="582,4370 640,4373 698,4377 756,4381 814,4386 873,4392 931,4399 989,4404 1047,4410 1105,4416 1164,4423 1222,4428 1280,4434 1338,4439 1396,4444 1455,4449 1513,4452 1571,4456 1629,4458 1687,4460 1746,4460"/>
                <TextEquiv>
                    <Unicode>nicht getahn, dustuht mi unracht h hab slie</Unicode>
                </TextEquiv>
            </TextLine>
            <TextLine id="r1l37" custom="readingOrder {index:36;}">
                <Coords points="571,4446 1028,4480 1133,4551 1255,4512 1336,4553 1436,4520 1749,4543 1753,4496 1694,4465 1578,4490 1213,4431 1101,4465 937,4394 835,4442 669,4389 574,4414"/>
                <Baseline points="580,4438 638,4444 696,4448 754,4453 812,4458 870,4464 928,4470 986,4476 1044,4482 1102,4488 1161,4495 1219,4501 1277,4505 1335,4510 1393,4516 1451,4519 1509,4524 1567,4528 1625,4530 1683,4533 1742,4534"/>
                <TextEquiv>
                    <Unicode>malen keine dublonen gehabt, habe weder das</Unicode>
                </TextEquiv>
            </TextLine>
            <TextLine id="r1l38" custom="readingOrder {index:37;}">
                <Coords points="1463,4661 1478,4663 1532,4623 1553,4623 1596,4634 1657,4671 1708,4666 1718,4588 1653,4569 1621,4537 1543,4591 1508,4561 1477,4557"/>
                <Baseline points="1478,4612 1506,4614 1534,4615 1562,4618 1590,4622 1618,4625 1646,4630 1674,4636 1702,4644"/>
                <TextEquiv>
                    <Unicode>Ganterle</Unicode>
                </TextEquiv>
            </TextLine>
            <TextEquiv>
                <Unicode>Wie auch aber über alle bewoegliche und abendige
vorstillungen das kleisch mir einer weie kagen
an der sannen verharret, als hat hierauf nach
3 ga frnerem willen zu zeg, und auch
würcklicher anwendung der dorgmaliger lären
varer an dieser schuldeggerug gescheitten werden
müßen, da dann nach fruchtlboß abgelaße
mnamn ersten au zug ich für gut erachtet ihne
Waldtspurger dieser seiner an der Marter
fangenden nit beklagten underd angen zustellen
umb zusehen, ob er aufs dieses sprectacut bey
seiner anklag verharren dorcke. So wenng
aber das Elß besh durch die marter bekenen
eben solring hat er Ulli von ihme dem meydt
lin abstehen wollen, sondern ihme Elsbeth
under dard falterd freg ausgesagt, Elsi
Elsi wach doch nicht also und langne nicht
vlehrd an der marters. Gschaute, da weise im
denn herten, daß du mich darzu verursacht und
Geholsen hast, disen nit mlacht auf dem
Ofnen gfin und haß mir durchd Ufenhach hinauß
gesagt, ich soll jch kömmen, es sege gez gut
darauf bessn mit wlin in die eebendestaben gansen
Erst das Schlüßeli auß die hosen gnommen und
aa mird geben und ich hale auffgelahn,
Da hastn zuerst geomen und ich nach die habe
das Ganterli wiedard beschlaßen, das schlußeli in
die hosteg getahren und sind darnach beide schlaffen
gangen, am sontag darauff hasu Mird bey dem
shon er 1 der 8 duten gescpiegelt, besing dich
deren bacht in gottes nhamern und marter dich
nicht also selbsten durch dim srahtig laugnen,
Da nun dieer aitab nichts verfangen wollen, sonder
Sie Sudaggerin nner mit langnen zugefahren.
sagnnet. Ach meig Hort lieber Ulli Ach habs
nicht getahn, dustuht mi unracht h hab slie
malen keine dublonen gehabt, habe weder das
Ganterle</Unicode>
            </TextEquiv>
        </TextRegion>
        <TextRegion orientation="0.0" type="paragraph" id="r2" custom="readingOrder {index:1;} structure {type:paragraph;}">
            <Coords points="2076,880 2076,4517 3374,4517 3374,880"/>
            <TextLine id="r2l1" custom="readingOrder {index:0;}">
                <Coords points="3201,957 3218,960 3232,950 3244,955 3261,950 3269,955 3301,941 3292,865 3276,872 3268,868 3254,872 3247,869 3219,902 3209,898 3194,905"/>
                <Baseline points="3206,934 3234,931 3262,929 3290,922"/>
                <TextEquiv>
                    <Unicode>9.</Unicode>
                </TextEquiv>
            </TextLine>
            <TextLine id="r2l2" custom="readingOrder {index:1;}">
                <Coords points="2071,1155 2161,1120 2252,1165 2473,1171 2623,1107 2690,1144 2788,1093 2895,1132 3009,1091 3075,1138 3143,1088 3293,1100 3291,1054 2860,991 2666,1049 2442,1003 2303,1073 2206,1002 2068,1026"/>
                <Baseline points="2078,1104 2138,1106 2198,1106 2258,1106 2319,1105 2379,1104 2439,1102 2500,1100 2560,1098 2620,1096 2681,1092 2741,1090 2801,1089 2861,1086 2922,1085 2982,1084 3042,1084 3103,1084 3163,1084 3223,1084 3284,1088"/>
                <TextEquiv>
                    <Unicode>Jänterli, nach die hofeg noch das schlußeli nit am</Unicode>
                </TextEquiv>
            </TextLine>
            <TextLine id="r2l3" custom="readingOrder {index:2;}">
                <Coords points="2067,1260 2144,1200 2166,1208 2192,1191 2219,1211 2248,1209 2260,1217 2283,1195 2300,1191 2301,1156 2251,1165 2229,1150 2188,1154 2155,1135 2124,1162 2068,1172"/>
                <Baseline points="2076,1200 2103,1197 2130,1196 2157,1196 2184,1196 2211,1196 2238,1197 2265,1200 2292,1202"/>
                <TextEquiv>
                    <Unicode>gerührt.</Unicode>
                </TextEquiv>
            </TextLine>
            <TextLine id="r2l4" custom="readingOrder {index:3;}">
                <Coords points="2081,1294 2291,1287 2336,1321 2613,1273 2864,1325 2941,1267 3276,1276 3274,1185 3175,1223 2966,1176 2753,1243 2659,1191 2519,1201 2389,1255 2299,1188 2182,1258 2080,1242"/>
                <Baseline points="2088,1288 2147,1285 2206,1282 2265,1280 2324,1278 2383,1278 2442,1276 2501,1276 2560,1274 2619,1274 2678,1274 2737,1274 2796,1272 2855,1272 2914,1272 2973,1272 3032,1272 3091,1270 3150,1270 3209,1269 3268,1268"/>
                <TextEquiv>
                    <Unicode>umb befragen, wo es dann allehzeit so viel gelt</Unicode>
                </TextEquiv>
            </TextLine>
            <TextLine id="r2l5" custom="readingOrder {index:4;}">
                <Coords points="2087,1423 2164,1372 2400,1405 2672,1360 3167,1423 3318,1396 3317,1311 2946,1267 2794,1328 2609,1274 2422,1330 2238,1288 2086,1356"/>
                <Baseline points="2094,1370 2154,1368 2215,1367 2276,1366 2337,1364 2398,1364 2458,1362 2519,1362 2580,1362 2641,1362 2702,1362 2762,1362 2823,1362 2884,1361 2945,1360 3006,1360 3066,1360 3127,1360 3188,1358 3249,1358 3310,1356"/>
                <TextEquiv>
                    <Unicode>im tramlen und lömben in den wihrtshauseren</Unicode>
                </TextEquiv>
            </TextLine>
            <TextLine id="r2l6" custom="readingOrder {index:5;}">
                <Coords points="2089,1488 2160,1455 2291,1490 2338,1456 2801,1448 2990,1487 3061,1455 3187,1504 3291,1439 3291,1398 3038,1423 2794,1381 2706,1428 2640,1369 2551,1413 2454,1369 2327,1433 2225,1393 2088,1426"/>
                <Baseline points="2096,1458 2155,1456 2214,1454 2274,1452 2333,1451 2393,1450 2452,1449 2511,1448 2571,1448 2630,1448 2690,1448 2749,1446 2808,1446 2868,1446 2927,1446 2987,1446 3046,1444 3105,1444 3165,1442 3224,1442 3284,1440"/>
                <TextEquiv>
                    <Unicode>gnommen, Item warumb es dann anfangs</Unicode>
                </TextEquiv>
            </TextLine>
            <TextLine id="r2l7" custom="readingOrder {index:6;} person {offset:9; length:4;} person {offset:18; length:5;}">
                <Coords points="2090,1560 2331,1553 2399,1590 2490,1557 2560,1594 2634,1551 2951,1544 3067,1615 3238,1544 3225,1474 3185,1505 2740,1456 2347,1507 2173,1456 2091,1484"/>
                <Baseline points="2098,1544 2154,1542 2211,1542 2267,1542 2324,1542 2381,1542 2437,1542 2494,1543 2550,1544 2607,1544 2664,1546 2720,1546 2777,1546 2833,1548 2890,1548 2947,1548 3003,1546 3060,1546 3116,1544 3173,1543 3230,1540"/>
                <TextEquiv>
                    <Unicode>bude den Ulli und Hanms beklagt, Sie habind</Unicode>
                </TextEquiv>
            </TextLine>
            <TextLine id="r2l8" custom="readingOrder {index:7;}">
                <Coords points="2088,1674 2777,1636 2920,1706 3022,1643 3293,1639 3293,1569 3116,1625 2859,1556 2722,1612 2501,1567 2089,1574"/>
                <Baseline points="2096,1636 2155,1632 2214,1631 2274,1630 2333,1630 2393,1630 2452,1630 2511,1630 2571,1632 2630,1632 2690,1634 2749,1634 2808,1636 2868,1638 2927,1638 2987,1638 3046,1638 3105,1638 3165,1638 3224,1636 3284,1636"/>
                <TextEquiv>
                    <Unicode>ihme darzu anlaß geben und geholffen und</Unicode>
                </TextEquiv>
            </TextLine>
            <TextLine id="r2l9" custom="readingOrder {index:8;}">
                <Coords points="2091,1746 2516,1727 2677,1784 2858,1733 2933,1788 3030,1745 3199,1775 3307,1742 3308,1699 3057,1648 2919,1706 2859,1663 2618,1642 2547,1676 2403,1639 2257,1700 2092,1674"/>
                <Baseline points="2100,1726 2160,1724 2220,1722 2280,1720 2340,1720 2400,1720 2460,1720 2520,1722 2580,1722 2640,1724 2700,1724 2760,1726 2820,1728 2880,1728 2940,1730 3000,1730 3060,1732 3120,1732 3180,1732 3240,1730 3300,1730"/>
                <TextEquiv>
                    <Unicode>Warumb es bekrunk, es habe das gelt bald hier</Unicode>
                </TextEquiv>
            </TextLine>
            <TextLine id="r2l10" custom="readingOrder {index:9;}">
                <Coords points="2084,1836 2435,1807 2519,1860 2591,1812 2941,1819 2996,1864 3047,1828 3120,1874 3183,1827 3303,1845 3304,1764 3258,1740 2919,1796 2767,1733 2661,1787 2450,1726 2316,1777 2086,1742"/>
                <Baseline points="2092,1814 2152,1812 2212,1810 2272,1810 2332,1810 2393,1810 2453,1810 2513,1810 2573,1810 2633,1810 2694,1812 2754,1812 2814,1814 2874,1814 2934,1816 2995,1818 3055,1818 3115,1820 3175,1822 3235,1824 3296,1824"/>
                <TextEquiv>
                    <Unicode>bald da, bald diesem bald jenem zu ghalten</Unicode>
                </TextEquiv>
            </TextLine>
            <TextLine id="r2l11" custom="readingOrder {index:10;}">
                <Coords points="2101,1921 2144,1919 2154,1911 2189,1924 2245,1880 2268,1876 2279,1865 2296,1867 2297,1827 2276,1820 2233,1855 2210,1862 2174,1833 2139,1855 2102,1862"/>
                <Baseline points="2110,1898 2135,1896 2160,1894 2186,1895 2211,1898 2237,1899 2262,1898 2288,1896"/>
                <TextEquiv>
                    <Unicode>geben</Unicode>
                </TextEquiv>
            </TextLine>
            <TextLine id="r2l12" custom="readingOrder {index:11;}">
                <Coords points="2380,1905 2482,1911 2541,1953 2678,1901 2761,1934 2939,1903 3248,1934 3313,1909 3314,1835 3149,1892 3080,1839 2992,1869 2944,1822 2902,1847 2816,1811 2683,1886 2585,1832 2524,1864 2477,1820 2381,1832"/>
                <Baseline points="2388,1896 2433,1896 2479,1896 2525,1898 2571,1898 2617,1900 2662,1902 2708,1903 2754,1904 2800,1906 2846,1906 2891,1908 2937,1909 2983,1910 3029,1910 3075,1912 3120,1912 3166,1912 3212,1912 3258,1912 3304,1912"/>
                <TextEquiv>
                    <Unicode>ware sein antwort. Wänn es e</Unicode>
                </TextEquiv>
            </TextLine>
            <TextLine id="r2l13" custom="readingOrder {index:12;}">
                <Coords points="2087,2004 2350,1996 2416,2043 2539,2004 2728,2060 2838,2005 2924,2052 3004,2004 3119,2058 3195,2008 3293,2022 3294,1947 3235,1985 3173,1935 3039,1980 2626,1921 2552,1963 2432,1900 2368,1939 2088,1942"/>
                <Baseline points="2096,1988 2155,1988 2215,1988 2274,1988 2334,1988 2393,1988 2453,1988 2512,1990 2572,1990 2631,1992 2691,1992 2750,1994 2810,1994 2869,1996 2929,1996 2988,1998 3048,1999 3107,2000 3167,2000 3226,2002 3286,2002"/>
                <TextEquiv>
                    <Unicode>waß bekemnt habe, so seye es ihme beyd uit</Unicode>
                </TextEquiv>
            </TextLine>
            <TextLine id="r2l14" custom="readingOrder {index:13;}">
                <Coords points="2084,2118 2590,2069 2932,2143 3041,2092 3183,2138 3309,2107 3310,2062 3014,2012 2930,2059 2843,2005 2734,2055 2653,2014 2533,2053 2462,2006 2414,2047 2254,1996 2085,2052"/>
                <Baseline points="2092,2078 2152,2078 2213,2076 2273,2075 2334,2074 2394,2074 2455,2074 2515,2074 2576,2074 2636,2074 2697,2074 2757,2076 2818,2076 2878,2078 2939,2079 2999,2080 3060,2082 3120,2084 3181,2086 3241,2088 3302,2090"/>
                <TextEquiv>
                    <Unicode>bereütee es, daß es wiederd sein glußen ge</Unicode>
                </TextEquiv>
            </TextLine>
            <TextLine id="r2l15" custom="readingOrder {index:14;}">
                <Coords points="2094,2178 2113,2174 2134,2186 2152,2182 2192,2215 2205,2214 2245,2173 2294,2163 2293,2104 2219,2098 2208,2088 2173,2109 2160,2099 2144,2100 2108,2120 2092,2117"/>
                <Baseline points="2102,2166 2128,2164 2154,2164 2180,2164 2207,2164 2233,2164 2259,2161 2286,2158"/>
                <TextEquiv>
                    <Unicode>end habe</Unicode>
                </TextEquiv>
            </TextLine>
            <TextLine id="r2l16" custom="readingOrder {index:15;}">
                <Coords points="2075,2326 2893,2284 2962,2322 3060,2293 3130,2341 3194,2293 3308,2312 3309,2194 3083,2267 2851,2180 2372,2250 2288,2208 2076,2217"/>
                <Baseline points="2084,2290 2144,2288 2205,2284 2266,2282 2327,2282 2388,2280 2448,2280 2509,2280 2570,2280 2631,2282 2692,2282 2752,2284 2813,2284 2874,2285 2935,2286 2996,2288 3056,2288 3117,2290 3178,2290 3239,2290 3300,2290"/>
                <TextEquiv>
                    <Unicode>bey solch verfarrend er verstockung nun hat auch</Unicode>
                </TextEquiv>
            </TextLine>
            <TextLine id="r2l17" custom="readingOrder {index:16;}">
                <Coords points="2109,2393 2631,2373 2688,2414 2849,2376 3068,2419 3305,2367 3218,2310 3172,2351 3087,2308 2971,2343 2888,2284 2787,2347 2672,2296 2616,2342 2570,2317 2440,2357 2346,2283 2239,2363 2109,2326"/>
                <Baseline points="2116,2384 2175,2379 2234,2378 2293,2376 2352,2374 2411,2372 2470,2372 2529,2372 2588,2372 2647,2374 2707,2374 2766,2375 2825,2376 2884,2377 2943,2378 3002,2378 3061,2378 3120,2378 3179,2378 3238,2376 3298,2376"/>
                <TextEquiv>
                    <Unicode>der witte farr ambzug nit ein mehrers bei</Unicode>
                </TextEquiv>
            </TextLine>
            <TextLine id="r2l18" custom="readingOrder {index:17;}">
                <Coords points="2109,2492 2288,2460 2397,2515 2472,2466 2591,2522 2655,2469 2809,2503 3099,2466 3228,2528 3319,2482 3319,2423 3198,2391 3142,2433 3023,2388 2911,2426 2845,2376 2593,2431 2515,2380 2375,2384 2241,2446 2109,2399"/>
                <Baseline points="2118,2470 2177,2468 2237,2466 2296,2464 2356,2462 2416,2462 2475,2462 2535,2462 2594,2462 2654,2462 2714,2464 2773,2464 2833,2464 2892,2466 2952,2466 3012,2466 3071,2468 3131,2468 3190,2468 3250,2468 3310,2466"/>
                <TextEquiv>
                    <Unicode>dieserm näydtling gebürckt, als daß es allhie</Unicode>
                </TextEquiv>
            </TextLine>
            <TextLine id="r2l19" custom="readingOrder {index:18;}">
                <Coords points="2107,2579 2521,2555 2551,2585 2747,2545 2809,2585 2951,2551 3210,2591 3290,2575 3290,2523 3027,2535 2928,2498 2850,2532 2694,2486 2427,2530 2203,2472 2107,2529"/>
                <Baseline points="2116,2560 2174,2558 2232,2557 2290,2556 2349,2554 2407,2554 2465,2552 2524,2552 2582,2552 2640,2550 2699,2550 2757,2550 2815,2550 2873,2550 2932,2550 2990,2552 3048,2552 3107,2554 3165,2554 3223,2556 3282,2558"/>
                <TextEquiv>
                    <Unicode>mit trocknen angen ohne vergießung einhe</Unicode>
                </TextEquiv>
            </TextLine>
            <TextLine id="r2l20" custom="readingOrder {index:19;}">
                <Coords points="2071,2657 2768,2643 2872,2685 3048,2638 3263,2683 3320,2647 3185,2580 2978,2554 2792,2601 2663,2546 2556,2589 2521,2555 2407,2596 2071,2587"/>
                <Baseline points="2080,2650 2141,2650 2203,2650 2264,2650 2326,2650 2388,2648 2449,2648 2511,2646 2572,2646 2634,2644 2696,2644 2757,2644 2819,2642 2880,2642 2942,2642 3004,2642 3065,2642 3127,2643 3188,2644 3250,2646 3312,2648"/>
                <TextEquiv>
                    <Unicode>Stralus das Alte Lind der Nichts Verlandlung.</Unicode>
                </TextEquiv>
            </TextLine>
            <TextLine id="r2l21" custom="readingOrder {index:20;} person {offset:33; length:3;}">
                <Coords points="2102,2755 2374,2732 2530,2799 2628,2744 2684,2780 2735,2733 2973,2713 3111,2796 3177,2748 3224,2781 3309,2746 3309,2660 2834,2659 2746,2709 2648,2665 2517,2715 2467,2672 2400,2711 2322,2661 2101,2679"/>
                <Baseline points="2110,2738 2169,2738 2229,2738 2288,2736 2348,2736 2408,2736 2467,2734 2527,2734 2586,2733 2646,2732 2706,2732 2765,2730 2825,2730 2884,2730 2944,2728 3004,2728 3063,2728 3123,2728 3182,2728 3242,2728 3302,2728"/>
                <TextEquiv>
                    <Unicode>und untoußerheit gefungen und vo Uli gesagt.</Unicode>
                </TextEquiv>
            </TextLine>
            <TextLine id="r2l22" custom="readingOrder {index:21;} person {offset:0; length:10;}">
                <Coords points="2074,2838 2397,2889 2606,2830 2728,2899 2860,2830 3036,2867 3191,2830 3321,2874 3319,2750 3281,2739 3170,2805 3077,2769 3030,2804 2859,2760 2801,2787 2736,2735 2530,2799 2487,2760 2073,2759"/>
                <Baseline points="2082,2836 2143,2836 2205,2838 2266,2838 2328,2838 2389,2838 2451,2836 2512,2834 2574,2833 2635,2832 2697,2830 2758,2829 2820,2828 2881,2826 2943,2824 3004,2824 3066,2822 3127,2822 3189,2822 3250,2822 3312,2824"/>
                <TextEquiv>
                    <Unicode>UAeli Keli de tichst wlird inricht. Nach</Unicode>
                </TextEquiv>
            </TextLine>
            <TextLine id="r2l23" custom="readingOrder {index:22;}">
                <Coords points="2100,2948 2237,2924 2333,2992 2553,2915 2610,2960 2674,2925 2747,2984 2922,2922 3381,2910 3219,2854 3049,2889 2930,2839 2729,2899 2612,2839 2543,2891 2460,2859 2322,2892 2264,2846 2177,2908 2099,2901"/>
                <Baseline points="2108,2924 2171,2924 2234,2924 2297,2926 2360,2924 2424,2924 2487,2924 2550,2922 2613,2921 2676,2920 2740,2918 2803,2916 2866,2914 2929,2912 2992,2910 3056,2910 3119,2908 3182,2906 3245,2906 3308,2904 3372,2904"/>
                <TextEquiv>
                    <Unicode>nit, daß ich über dich raach schreyen müeße am</Unicode>
                </TextEquiv>
            </TextLine>
            <TextLine id="r2l24" custom="readingOrder {index:23;}">
                <Coords points="2104,3070 2178,3078 2260,3017 2459,3057 2550,3009 2837,3031 2993,2985 3095,3040 3275,2997 3274,2933 2930,2927 2869,2978 2747,2986 2665,2921 2567,2996 2373,2961 2307,2993 2246,2941 2143,2990 2101,2967"/>
                <Baseline points="2110,3010 2167,3012 2225,3014 2283,3014 2341,3014 2399,3014 2457,3012 2515,3012 2573,3010 2631,3008 2689,3006 2746,3004 2804,3001 2862,2998 2920,2996 2978,2994 3036,2992 3094,2990 3152,2988 3210,2988 3268,2988"/>
                <TextEquiv>
                    <Unicode>jüngsten gericht. mann mag mir tuhn, wie</Unicode>
                </TextEquiv>
            </TextLine>
            <TextLine id="r2l25" custom="readingOrder {index:24;}">
                <Coords points="2104,3118 2397,3109 2447,3153 2629,3102 2691,3140 2739,3104 2931,3097 2986,3146 3092,3106 3092,3075 3020,3074 2948,3009 2880,3042 2755,3002 2659,3079 2547,3011 2453,3061 2357,3018 2225,3081 2104,3084"/>
                <Baseline points="2112,3108 2160,3106 2209,3105 2257,3104 2306,3103 2355,3102 2403,3102 2452,3100 2500,3100 2549,3100 2598,3100 2646,3098 2695,3098 2743,3098 2792,3098 2841,3098 2889,3096 2938,3096 2986,3096 3035,3096 3084,3096"/>
                <TextEquiv>
                    <Unicode>mann söll, ich lag nicht bekennt seyn</Unicode>
                </TextEquiv>
            </TextLine>
            <TextLine id="r2l26" custom="readingOrder {index:25;} person {offset:4; length:4;}">
                <Coords points="2099,3254 2230,3218 2321,3266 2475,3203 2704,3244 2970,3210 3066,3254 3129,3202 3381,3173 3378,3089 3195,3167 2979,3154 2916,3108 2706,3157 2607,3109 2517,3170 2383,3178 2095,3137"/>
                <Baseline points="2106,3234 2169,3227 2232,3223 2296,3217 2359,3214 2423,3210 2486,3207 2549,3204 2613,3202 2676,3200 2740,3198 2803,3196 2866,3196 2930,3194 2993,3192 3057,3192 3120,3190 3183,3188 3247,3186 3310,3184 3374,3182"/>
                <TextEquiv>
                    <Unicode>Der Ulli aberd mit aen so höfftiger gegen,groto</Unicode>
                </TextEquiv>
            </TextLine>
            <TextLine id="r2l27" custom="readingOrder {index:26;}">
                <Coords points="2091,3332 2211,3313 2363,3376 2568,3294 2681,3333 2780,3286 3074,3325 3236,3261 3338,3305 3374,3179 3223,3244 2925,3245 2869,3204 2784,3263 2730,3227 2088,3261"/>
                <Baseline points="2098,3316 2161,3314 2225,3310 2288,3308 2352,3304 2416,3302 2479,3300 2543,3296 2606,3294 2670,3290 2734,3288 2797,3285 2861,3282 2924,3280 2988,3277 3052,3276 3115,3274 3179,3272 3242,3270 3306,3268 3370,3268"/>
                <TextEquiv>
                    <Unicode>station ihme wie vorhin und er angenn erhalten</Unicode>
                </TextEquiv>
            </TextLine>
            <TextLine id="r2l28" custom="readingOrder {index:27;}">
                <Coords points="2102,3418 2187,3414 2251,3467 2425,3391 2843,3377 2920,3437 3081,3362 3151,3398 3339,3368 3336,3287 3236,3261 3074,3345 2935,3290 2840,3339 2769,3299 2582,3354 2472,3317 2363,3376 2240,3332 2099,3350"/>
                <Baseline points="2110,3402 2171,3402 2232,3400 2293,3398 2354,3396 2415,3392 2476,3390 2537,3388 2598,3384 2659,3382 2720,3378 2781,3376 2842,3374 2903,3370 2964,3368 3025,3364 3086,3362 3147,3358 3208,3356 3269,3354 3330,3352"/>
                <TextEquiv>
                    <Unicode>und vorgeworffen, wie daß es ihme noch viel</Unicode>
                </TextEquiv>
            </TextLine>
            <TextLine id="r2l29" custom="readingOrder {index:28;}">
                <Coords points="2101,3509 2174,3541 2258,3491 2367,3548 2600,3477 2750,3463 2833,3501 2973,3458 3090,3507 3149,3452 3308,3440 3306,3389 3049,3372 2918,3438 2711,3378 2616,3426 2464,3405 2420,3449 2380,3422 2252,3469 2191,3433 2099,3472"/>
                <Baseline points="2108,3494 2167,3491 2227,3488 2286,3486 2346,3482 2406,3480 2465,3477 2525,3474 2584,3472 2644,3469 2704,3466 2763,3464 2823,3461 2882,3459 2942,3456 3002,3454 3061,3451 3121,3448 3180,3446 3240,3444 3300,3442"/>
                <TextEquiv>
                    <Unicode>mehrd moecht tühr, weil es seines anglinks.</Unicode>
                </TextEquiv>
            </TextLine>
            <TextLine id="r2l30" custom="readingOrder {index:29;}">
                <Coords points="2113,3588 2229,3580 2330,3646 2472,3573 2523,3611 2662,3559 2778,3607 3009,3552 3149,3612 3346,3554 3362,3496 3303,3457 3169,3524 2879,3475 2782,3530 2683,3472 2596,3539 2503,3510 2364,3552 2306,3515 2111,3555"/>
                <Baseline points="2120,3586 2181,3582 2243,3580 2305,3576 2367,3573 2429,3568 2490,3566 2552,3563 2614,3559 2676,3556 2738,3554 2799,3550 2861,3548 2923,3546 2985,3544 3047,3542 3108,3540 3170,3540 3232,3538 3294,3538 3356,3538"/>
                <TextEquiv>
                    <Unicode>im Ursächerin seye und er diesen diebstahl ohne</Unicode>
                </TextEquiv>
            </TextLine>
            <TextLine id="r2l31" custom="readingOrder {index:30;}">
                <Coords points="2099,3740 2224,3671 2401,3714 2505,3655 2756,3688 2858,3639 3358,3631 3356,3594 3132,3608 3005,3552 2748,3613 2677,3575 2522,3615 2471,3574 2331,3646 2229,3580 2094,3618"/>
                <Baseline points="2104,3668 2166,3668 2228,3666 2290,3664 2353,3662 2415,3659 2477,3656 2540,3653 2602,3650 2664,3647 2727,3644 2789,3640 2851,3637 2913,3634 2976,3631 3038,3629 3100,3627 3163,3626 3225,3626 3287,3626 3350,3626"/>
                <TextEquiv>
                    <Unicode>ihns nicht hatte vollbringen dorffen und nit</Unicode>
                </TextEquiv>
            </TextLine>
            <TextLine id="r2l32" custom="readingOrder {index:31;}">
                <Coords points="2102,3768 2268,3813 2390,3755 2492,3812 2631,3738 2727,3792 2880,3781 2935,3725 3382,3751 3380,3695 3227,3701 3118,3646 2991,3643 2875,3702 2818,3666 2474,3666 2211,3730 2099,3692"/>
                <Baseline points="2110,3758 2173,3758 2236,3757 2299,3755 2362,3753 2425,3751 2488,3748 2551,3744 2614,3742 2677,3738 2741,3736 2804,3733 2867,3730 2930,3727 2993,3724 3056,3722 3119,3720 3182,3720 3245,3718 3308,3718 3372,3720"/>
                <TextEquiv>
                    <Unicode>daran gedembt hatte und jetz nach durch seinen langnen</Unicode>
                </TextEquiv>
            </TextLine>
            <TextLine id="r2l33" custom="readingOrder {index:32;} person {offset:15; length:7;}">
                <Coords points="2109,3848 2312,3898 2425,3843 2605,3895 2848,3827 3195,3875 3337,3821 3335,3740 3161,3794 2976,3727 2818,3804 2491,3812 2425,3760 2108,3811"/>
                <Baseline points="2116,3846 2176,3842 2237,3840 2297,3837 2358,3834 2419,3832 2479,3830 2540,3830 2600,3828 2661,3828 2722,3826 2782,3825 2843,3824 2903,3822 2964,3822 3025,3820 3085,3818 3146,3816 3206,3814 3267,3812 3328,3808"/>
                <TextEquiv>
                    <Unicode>müeße er deser langerd in der gefangenschafft</Unicode>
                </TextEquiv>
            </TextLine>
            <TextLine id="r2l34" custom="readingOrder {index:33;} person {offset:29; length:4;}">
                <Coords points="2108,3966 2369,3939 2459,3981 2654,3921 2739,3960 2915,3902 3339,3929 3326,3864 3037,3879 2978,3845 2914,3883 2860,3834 2720,3897 2496,3850 2240,3917 2106,3893"/>
                <Baseline points="2116,3944 2176,3939 2237,3934 2298,3931 2358,3928 2419,3925 2480,3922 2540,3920 2601,3918 2662,3916 2723,3914 2783,3912 2844,3910 2905,3910 2965,3908 3026,3906 3087,3905 3147,3902 3208,3900 3269,3898 3330,3896"/>
                <TextEquiv>
                    <Unicode>tegen, es solle doch auch in gott es namen bekennen</Unicode>
                </TextEquiv>
            </TextLine>
            <TextLine id="r2l35" custom="readingOrder {index:34;}">
                <Coords points="2116,4034 3331,3995 3374,3989 3371,3894 3061,3962 2991,3913 2843,3972 2711,3933 2422,3985 2365,3942 2304,3992 2238,3960 2115,4006"/>
                <Baseline points="2124,4024 2186,4020 2248,4016 2310,4013 2372,4010 2434,4007 2496,4004 2558,4002 2620,4001 2682,4000 2745,3998 2807,3996 2869,3996 2931,3994 2993,3992 3055,3991 3117,3990 3179,3988 3241,3985 3303,3982 3366,3978"/>
                <TextEquiv>
                    <Unicode>wie er, danns sie auß diesem banden und marter</Unicode>
                </TextEquiv>
            </TextLine>
            <TextLine id="r2l36" custom="readingOrder {index:35;}">
                <Coords points="2102,4143 2200,4105 2291,4148 2371,4093 2511,4115 2793,4087 2791,4038 2598,4004 2523,4041 2469,4005 2417,4045 2371,4012 2313,4042 2196,4018 2138,4076 2099,4070"/>
                <Baseline points="2108,4104 2141,4103 2175,4101 2209,4100 2243,4098 2277,4096 2310,4094 2344,4093 2378,4092 2412,4090 2446,4088 2479,4087 2513,4084 2547,4083 2581,4082 2614,4081 2648,4080 2682,4080 2716,4079 2750,4078 2784,4080"/>
                <TextEquiv>
                    <Unicode>entlediget werden komnind.</Unicode>
                </TextEquiv>
            </TextLine>
            <TextLine id="r2l37" custom="readingOrder {index:36;}">
                <Coords points="2089,4236 2776,4169 2925,4232 3049,4175 3377,4174 3360,4082 2980,4118 2921,4082 2820,4145 2732,4101 2537,4116 2369,4175 2241,4175 2169,4114 2086,4145"/>
                <Baseline points="2096,4216 2159,4208 2223,4202 2286,4197 2350,4192 2414,4188 2477,4184 2541,4181 2604,4178 2668,4176 2732,4174 2795,4172 2859,4171 2922,4170 2986,4168 3050,4168 3113,4166 3177,4166 3240,4164 3304,4162 3368,4160"/>
                <TextEquiv>
                    <Unicode>Da nun hier auff über vorners zusprechen sie schin</Unicode>
                </TextEquiv>
            </TextLine>
            <TextLine id="r2l38" custom="readingOrder {index:37;}">
                <Coords points="2112,4333 2337,4271 2573,4313 2719,4254 3127,4270 3344,4241 3343,4207 3227,4172 3173,4216 3048,4174 2885,4232 2458,4192 2324,4256 2107,4218"/>
                <Baseline points="2118,4286 2178,4282 2239,4277 2300,4274 2361,4270 2422,4266 2483,4262 2544,4260 2605,4257 2666,4254 2727,4252 2787,4250 2848,4248 2909,4246 2970,4244 3031,4242 3092,4242 3153,4240 3214,4238 3275,4236 3336,4236"/>
                <TextEquiv>
                    <Unicode>Jegger in nichts mehrd geantwortet, sondern denn</Unicode>
                </TextEquiv>
            </TextLine>
            <TextLine id="r2l39" custom="readingOrder {index:38;}">
                <Coords points="2121,4367 2293,4411 2505,4344 2652,4383 2737,4335 2913,4393 3062,4331 3149,4364 3263,4334 3329,4312 3327,4263 3144,4280 3074,4241 3001,4294 2697,4258 2573,4319 2199,4289 2119,4332"/>
                <Baseline points="2128,4358 2187,4356 2247,4354 2306,4351 2366,4348 2426,4346 2485,4343 2545,4340 2604,4338 2664,4336 2724,4333 2783,4331 2843,4328 2902,4326 2962,4324 3022,4321 3081,4319 3141,4316 3200,4314 3260,4312 3320,4308"/>
                <TextEquiv>
                    <Unicode>ansehng nach in einem schlaaff gefinken, so daß</Unicode>
                </TextEquiv>
            </TextLine>
            <TextLine id="r2l40" custom="readingOrder {index:39;}">
                <Coords points="2113,4461 3353,4408 3351,4359 3175,4383 3082,4337 2897,4397 2756,4342 2546,4400 2411,4359 2367,4400 2315,4357 2111,4394"/>
                <Baseline points="2120,4432 2181,4430 2242,4428 2303,4427 2364,4426 2426,4424 2487,4422 2548,4421 2609,4420 2670,4418 2732,4416 2793,4414 2854,4414 2915,4412 2976,4410 3038,4408 3099,4406 3160,4404 3221,4402 3282,4398 3344,4396"/>
                <TextEquiv>
                    <Unicode>es außert der pepiration kein bewrgung</Unicode>
                </TextEquiv>
            </TextLine>
            <TextLine id="r2l41" custom="readingOrder {index:40;}">
                <Coords points="3044,4547 3079,4543 3138,4498 3184,4526 3210,4522 3224,4510 3243,4513 3244,4398 3191,4422 3172,4411 3143,4414 3127,4401 3089,4428 3081,4423 3070,4433 3045,4433"/>
                <Baseline points="3052,4496 3078,4493 3104,4492 3130,4491 3157,4491 3183,4492 3209,4494 3236,4496"/>
                <TextEquiv>
                    <Unicode>guuh</Unicode>
                </TextEquiv>
            </TextLine>
            <TextEquiv>
                <Unicode>9.
Jänterli, nach die hofeg noch das schlußeli nit am
gerührt.
umb befragen, wo es dann allehzeit so viel gelt
im tramlen und lömben in den wihrtshauseren
gnommen, Item warumb es dann anfangs
bude den Ulli und Hanms beklagt, Sie habind
ihme darzu anlaß geben und geholffen und
Warumb es bekrunk, es habe das gelt bald hier
bald da, bald diesem bald jenem zu ghalten
geben
ware sein antwort. Wänn es e
waß bekemnt habe, so seye es ihme beyd uit
bereütee es, daß es wiederd sein glußen ge
end habe
bey solch verfarrend er verstockung nun hat auch
der witte farr ambzug nit ein mehrers bei
dieserm näydtling gebürckt, als daß es allhie
mit trocknen angen ohne vergießung einhe
Stralus das Alte Lind der Nichts Verlandlung.
und untoußerheit gefungen und vo Uli gesagt.
UAeli Keli de tichst wlird inricht. Nach
nit, daß ich über dich raach schreyen müeße am
jüngsten gericht. mann mag mir tuhn, wie
mann söll, ich lag nicht bekennt seyn
Der Ulli aberd mit aen so höfftiger gegen,groto
station ihme wie vorhin und er angenn erhalten
und vorgeworffen, wie daß es ihme noch viel
mehrd moecht tühr, weil es seines anglinks.
im Ursächerin seye und er diesen diebstahl ohne
ihns nicht hatte vollbringen dorffen und nit
daran gedembt hatte und jetz nach durch seinen langnen
müeße er deser langerd in der gefangenschafft
tegen, es solle doch auch in gott es namen bekennen
wie er, danns sie auß diesem banden und marter
entlediget werden komnind.
Da nun hier auff über vorners zusprechen sie schin
Jegger in nichts mehrd geantwortet, sondern denn
ansehng nach in einem schlaaff gefinken, so daß
es außert der pepiration kein bewrgung
guuh</Unicode>
            </TextEquiv>
        </TextRegion>
    </Page>
</PcGts>
