3456 5184
373 974 1624 1216 d. warumb er dann undervogt die 6. jugen
814 1633 939 1675 Ceumen
426 1074 1663 1319 der köhig und nicht gond alsob ald dem herrn
427 1171 1050 1312 landtvogt zugestellt.
409 1275 1634 1454 B. Er habe nichts daran gedacht; zu deme
402 1364 1658 1584 habe ey das andere Gue, so der Waldspunger
398 1453 1636 1640 verstockt zu haben gesagt, auch suchen und zu
380 1546 1084 1693 gleich übergeben wollen.
386 1878 650 1906 befagt. Als Hanns Loutoenbergerd geholte,
751 1675 1069 1783 Ceumen
559 1759 1431 1934 Mlit Ulli Heßß dem vatter
381 1906 1662 2083 befagt. Als Hanns Loutoenbergerd geholte,
370 1982 1527 2170 eret worden, os er nicht darbey gewesen.
364 2077 592 2246 B. J.
373 2182 1624 2416 3. warumb er bey herrn landtvogt 30tt.
374 2311 1599 2504 dube verlohren zu haben durch seinem sohn
348 2391 784 2539 klagen laßen.
354 2501 1665 2716 g. er wuße nach iohz nicht, wie viel er ver
358 2580 1641 2806 lohren, er habe nicht gerechnet, könne es auch
353 2668 1647 2878 nicht rechnen, weil er zu seinem handlen and
352 2766 1111 2936 daranß bald darein stühe.
336 2872 1587 3039 . Als der Löützenbergerd an die marter
351 2970 1648 3167 kommen, ob der wald furger ihne nit schan ent
347 3044 767 3194 schlagen gehabt.
343 3153 1637 3362 et. Er habe ihne erst auff ein frisched angeben.
423 3297 1632 3486 alltst brachte mann auch den ig verhaff
389 3389 1527 3571 sihenden Ulli Wal dsbargard zeord.
334 3494 1613 3680 z. Ob er sich an seine letstmals allhier ge
330 3573 1127 3733 stahne bekantnuß erinnert.
361 3680 1657 3887 H ja gar wol, Welche erd auch dem heß ihn
360 3760 1661 3938 underd angen erhaltene und darbey vest verblieben,
337 3847 1653 4009 außert, daß erd auff die strag warumb er un
365 3934 1659 4110 vorigen eamine gesagt, daß Sammel Hesß theit
345 4007 1640 4218 30. jub verlehren zu haben gemeldet, s sich also
362 4101 1670 4307 erlauteret, der sam. Hesß habe ihme geredt, daß
375 4170 1617 4391 viel lehrd als nur die 9 dube, die er bekrent
365 4254 1670 4484 seinem vatter wegg kommen, darauß er geschiken
351 4320 1678 4563 daß der koutomwerger und Scheideggerin auch müts ind
350 4401 767 4538 gestahlen haben.
348 4504 1678 4711 N. Ob ed nicht in beisehn des samuel heßen dem
1341 4692 1529 4810 herren
3175 779 3265 898 13
1911 890 3255 1164 herrn landvogt vorgeben, daß er wier 6 jube der
1938 1113 2121 1263 seit
1927 1091 3321 1377 . ja auff seinen heßßen und gfagt gegebene anleitung.
1903 1261 3199 1498 D wo fr mit denen abigen 3 jube hinbaumen
1901 1390 3304 1600 e. Er hale selbe beym kronen, wihrt zu huttweil laßen
1915 1590 2163 1719 wühslen.
1911 1612 3030 1811 Ob die dry duben alle gleich gelroßen e.
1913 1712 3207 1917 d hr haußa nit ob tede derselben j s golten.
1914 1838 3087 2017 3. Wo er mit demselben gelt hinkommen.
1911 1929 3349 2132 d er hybe 7 l teills in mantz, teills in selbes
1928 2067 2530 2220 seinem vatter geben.
1923 2130 3079 2325 e. wo er dar üebrige gelt hingetahn.
1928 2282 2616 2443 et. Er habe es vertahn.
1915 2358 3091 2557 2. wer des thl und 30 solo habe.
1933 2486 3333 2677 e. Auch seinem vatter geben samt seinem hals
1919 2591 3311 2759 tuch und vasenlumpen, so er auß dieserem
1931 2700 2331 2815 selt erkaufft.
1951 2791 3357 2973 2. Warumb er auf der shr ideggern beharet
1975 2898 2926 3063 da er sie an der Marter gesehen.
1952 3011 3287 3175 R: Aus unbesonnenheit, darfürd seye Ihme
1975 3112 3327 3275 herzlich leyd, erhabt geneint, er werde deßo
1955 3187 2646 3346 Ringer darauß kommen
2280 3454 2758 3575 3 Laamen
2118 3527 2981 3684 mlit Ulli Waldsburger
1927 3668 3313 3847 I Aebihrender folgleistung ihro gal Be-
1950 3762 3335 3977 solchs vom 8ten martii N7 hat mim hochge
1967 3851 3362 4033 Erres herr heymlicher Marlott als hierzu verordn,
1957 3958 3301 4134 ueter eaaminatos sich den 13ten dito mit zutuhn
1969 4036 3336 4213 des grichtschreibern Fischegs in die obere gefangen
1957 4112 3318 4313 schafft begeben und mit Ulli Waldrbno ged slach-
1966 4205 2814 4352 bescheirbnet examen verrichtet.
1982 4328 3356 4509 betragt, ob er nit bey Ulrich Haß zu raht in derten
1983 4439 2173 4555 gelesen
1966 4504 3356 4684 h ja ein halb jahr lang biß aufs weyhnachten
1964 4599 3194 4740 Lasthin seye er daselbst in diensten gewrofen
2973 4726 3102 4838 B.
2340 3684 2455 3710 mlit Ulli Waldsburger
