3456 5184
421 955 1627 1104 darauß genommen und das schäfftlin aubgetahn,
429 1041 1661 1176 Da habe die magd zu erse, darnach der Hanns und
422 1123 1660 1279 zu Letsterd Hinrin gegriben und wieder beschlaßen
413 1211 1648 1364 das Schlüßrli wieder an ein got getahn und seyend
413 1293 1642 1436 ohne ein wort zu reden mit einnander schlaben
389 1412 574 1533 gangen
393 1492 1571 1661 hr worung das golt im schäfftlin getoofen seye
377 1612 1624 1738 R. die duplonen in einem zwilch faiblin und
387 1700 1613 1836 das silber, gelt in einem schußeli von die sem
387 1776 1639 1931 aber habind sie nichts genomen, sonderin und von
383 1873 746 2005 den duplanm
342 1982 1556 2142 a. wie viel eines der duplenen bekommen habe
347 2097 1594 2243 R. Waß Hanns und Elrbeth brkommen, wüße er
351 2170 1571 2326 nit, habe sie Niemal darumb gefragt, er seines
341 2246 1410 2428 trillt habe und 10 1 tr dur gehabt.
324 2370 1607 2553 z. ob sie ihme dann ihre duben niemal gezeigt oder
353 2492 927 2639 dasan geruhmt habeind.
336 2592 1588 2741 B. Wol Maann un der 3. tag hernach habind sie
336 2681 1633 2814 vor dem roßstall auß dem tatt gezogen, wie ihne
340 2762 1605 2931 gumkt, habe jedes bey 3 derten duben, wie er g
321 2887 472 3031 halt
310 3017 1601 3189 z. ob sie dieße sach nit schan mehr getrieben habind.
317 3123 1614 3293 . Einmal er nicht, aberd die magd werde er
341 3229 1546 3378 wol wlehro gewriebnn haben, sie seye schon wor
326 3291 1614 3471 jahr vor ihme das getesen, habe auch alle gelegen
325 3399 1633 3564 zeit gelonst und ihnen angeben können, sonst ihne
337 3502 1149 3649 das  nicht in stinen komen wäre.
316 3603 1592 3769 h ob er dann gescführt, daß das eleiydtlin schon
325 3697 1615 3856 zuvor gelt gelabt, daß mann waß dergleichen
354 3799 1034 3935 hatte wluchtmaßen könmen.
344 3903 1630 4073 h ja freylich, dann es habe jederzit viel gelt ge-
327 4002 1629 4156 habt und seye mlanchmal 3 nlacht veggangen am
347 4090 1630 4243 trunken und habe ein schlimm loben verführt, so daß
343 4171 1644 4317 der Meyster ihme vor der zeit habe vegschien müeßen.
339 4262 1524 4390 Weil er gemeint, ed habe e w die franzosen,
364 4329 634 4461 krantheit
3061 746 3155 859 9
2057 861 2697 1051 1thi Waldsburger
1893 935 3184 1170 2. Wil er uug seine wide beklagte Mitleleene
1909 1035 3162 1270 entschlagen, so solle er bekennen, ward ihne diese
1916 1182 2590 1341 Anblag an bgetauesen habe.
1909 1251 3155 1442 Niemand, mlann habe ihme gestagt, sie vard
1896 1352 3172 1523 ind bey ihne gelasen sagen, Da habe er ge
1904 1445 3191 1633 gmeint, er werde durch diese acklag linger aus,
1896 1586 2190 1710 gschlauffen
1916 1659 3200 1852 e. ob er sie dem noch allezeit ethlage und für
1936 1776 2314 1929 unschuldig halte.
1918 1871 3191 2026 . jn. sie knnteg aer villicht ein anders
1931 1971 3197 2124 wahl bey einnanderen gelrsen steigen. diß mahl seye
1938 2066 2782 2218 Ei nüt ig ob dem schäftlic gsin
1926 2180 3232 2335 . ob er nit wuße, daß das meydlin bekennt habe.
1955 2281 3229 2435 es habe ihme und Hannßen geholffen zu dem
1943 2367 2252 2506 diebstahl
1952 2464 3181 2614 . Er seihe zward in der staben getoeßt, wuße
1947 2547 3233 2699 aber nit, ob es gelt genommen, weil er finsterd getaßen,
1927 2669 3257 2823 e. warumb erd ject wieder auff dieste red komme, nach
1940 2754 2752 2900 deme erd sie ardde entschlagen.
1927 2857 3272 3025 R. konne nichts anders mehrsagen, als was er zu
1945 2958 3225 3106 Erst gesagt habe, sie habind beide geholffen, wie
1949 3055 2028 3181 E
2855 3116 2956 3219 hasten
1935 3157 3240 3306 a. Wer das schlüßeli dann auß demstack genommen
1956 3257 2107 3373 habe.
1939 3346 3240 3514 Bo. Das Els beth habe es genomen und ihme geben
1948 3438 2933 3619 3. werd das schäfftlig an egetahrn habe
1934 3562 3270 3719 e. Er habe es aufsgetahn und wieder beschloßen und
1928 3651 3224 3776 wie erd im übrigen vormals bekennt, das sage er
1952 3731 3225 3876 nach sie habind ihme geholßen, wie er, darauff
1961 3816 2683 3958 wolle er loben und sterben
1916 3919 3262 4082 Weilen nug ohngracht nochmahlig gehaltene confron
1950 4009 3223 4158 tation und sarfren zusprechent wnder dero einte nach
1950 4098 3214 4223 andere vor seinem word und angeben weichen nach
1964 4178 3155 4314 abstehen wollen. Als ist zu besorgen, daß sie
2932 4268 3146 4402 selbsten
