3456 5184
555 1268 1574 1431 Über Auetstesende Triminal¬
576 1373 1589 1524 Procedus Bider Peter Berber im
550 1464 1610 1607 dem Buchholfer berg habend meghe
551 1536 1619 1712 und oberen r und B nach vielfaltig
540 1602 1601 1752 geführte ratiomibus pro et pontra
526 1695 1577 1831 ihne berber ausmilten betrachtung
540 1773 1597 1908 mit den mehreren stumen seiner obvrege
508 1848 1599 1984 seten diebstählen wegen nit aus leben greißen
533 1937 1585 2073 sondern die gnad der schärste vorziehe
536 2004 1240 2117 sollen und hiemit erkent.
1245 2023 1610 2145 daßer
544 2088 1604 2216 Berber an gebohndten ohrten durch dem
511 2165 1605 2328 Scharft richter mit der rufen außge
507 2259 1594 2394 schmeidet nachwerts ins schallenloerk
512 2345 1612 2470 an Karre mit einer kettenange
519 2424 1603 2564 schmidtt und darimr auf gnad hin
518 2507 1576 2663 in so langenthalten werden solle, als es
501 2606 1583 2743 Mughl mit Oberen k: und B gefallen
504 2690 1048 2831 wirdt. Gedel
492 2788 1613 2928 An Mutzhr GroßWibel Würstein
476 2907 1584 3057 berger und grichtschreiber Gchiffel
489 2984 1628 3141 sie de�en verst�ndigen mit befelch den
471 3079 1513 3212 Barber dem herren schallenhaußel
454 3172 1619 3305 inspectoren zu übergeben der an ihme
489 3253 1632 3395 empfangenem befelch nach die execution
464 3335 1625 3456 M6 und oberen a und B zu veran
464 3373 1076 3548 Balten vnßen Birdr
444 3511 1605 3694 gedel an mühli Bansteren von Diesbar
491 3636 1620 3783 ihne dieser erdantnus zu nöthig haben.
464 3720 1353 3867 dem bericht auch verständigen.
446 3842 1605 4016 Fedel an herrn Schallenhanßts jnoperi
469 3955 1627 4084 Jorl Kauff man ihne obiger Erkantnus
494 4036 1621 4178 auch dahin benachrichten und befelchnen, kan
457 4122 1598 4244 hme von seiten mette Großweibel und
482 4217 1618 4314 Grichtschreiber dieser Peter Gerber widt
492 4254 1616 4408 zugeführt werden, denselben ins schallen
473 4336 1613 4483 berkaufzunemmen an de kaeren mit einer
465 4417 1629 4530 ketten anschmiden und waker zur arkeit an
469 4484 1589 4604 halten zulaßen bir zethun erb��en werde.
2701 1539 2871 1565 daß Ich nicht lrnn Ich verarme, stählen
2777 1093 2900 1190 4
1934 1193 2495 1394 dninae Prouso.
1922 1344 2603 1565 Mines Japuil.
1777 1430 2881 1684 herr armut gib mir nicht auf
1813 1565 2877 1758 daß Ich nicht lrnn Ich verarme, stählen
1824 1605 2900 1851 Sagt Gott der heilige Geist in dem
1930 1565 1949 1571 Mines Japuil.
1644 1757 2371 1937 Pron30 rspenchen Salomons
1802 1785 2915 2009 Dem ist der montsch, wann er in goweit hern
1834 1869 2920 2075 bkant, daß er zuloeng oder nichts für
1821 1951 2934 2171 sich zu seiner nothwendigen underhaltung
1803 2057 2932 2237 hat und die Mittel darzu ihme im
1801 2136 2850 2336 Speiß trauk und kleidung fehlen ahre
1812 2216 2935 2375 von anderer buthen halß und beystand
1832 2283 2920 2446 aben hauß, worzu die gelegenheit gen
1820 2379 2936 2554 geben das eingeführte Eigenthumb Ihme
1824 2476 2956 2603 welches niewand wrm oder raich geyn
1811 2558 2946 2695 wonderen ein bedloeder gung haben
1826 2619 2929 2752 wurde, Weilen aber so wohl gottes als
1812 2714 2961 2841 der Mentschen Gratz das eigenthumbe,
1810 2799 2909 2950 Recht besteiffet, so legt eben dieses
1813 2871 2954 3012 gpatz einem anderen die pflicht auf¬
1821 2974 2959 3099 Ohne nicht in seinem Rechten zu
1827 3046 2939 3165 kränkem noch Ihme laider gem lußen
1837 3131 2955 3242 und lählen das jeinige weg zunemen
1836 3198 2988 3335 und zustählen. Damit aber einer
1828 3288 2920 3439 nicht in diß laster fallen thüe, so hat
1836 3388 2945 3523 der heilige Geist hier zeigen wollen,
1811 3484 2913 3656 daß mann andächtig Gott anrusen
1852 3576 2986 3719 und bätten solle, umb dardurch
1827 3662 3022 3820 die armuht und volglich den diebstahl
1823 3760 3043 3909 zu vermeiden, Wann das gebätt con
1831 3837 2977 4016 den Mentschen und erlaßen lärdt, so
1826 3932 2983 4108 volget algobald, daß auch der hohen
1839 4034 2959 4223 und gerechte Gott den ëndhafften
1828 4116 3054 4323 Menschen vorlaßet, und seinen heiligen
1848 4189 3083 4411 vnd Reichen Seegen nicht mehr ertheilt
1835 4264 3076 4502 darüber dann ein solch von Gott vor¬
1852 4367 3014 4589 laßner Mentsch von einer Sunde
1847 4469 3062 4668 in die andere fallet, und alto durch die
1830 4547 3077 4748 trencht getrieben und genöthiget, sich
