3024 4032
113 503 198 595 38
259 603 1359 728 Kinder s deren nun 2 knäblin und an töchterlin
275 698 965 818 im leben) also durch gebracht.
1069 697 1341 811 hernach habe
255 783 1316 897 er sich von einichem bürgeren dieser statt bern
235 851 1319 991 1. darin der einte ihne nahmhafft eingeführt und
246 927 1292 1058 umb alles das seinige gebracht:) und auch
250 1003 1299 1146 daumken in lentschland zu den mineration
240 1085 1258 1228 und deren laborierung, wie auch droben bey
223 1157 1279 1289 Nüntingen zwar mit einer ihme zugestellten
233 1237 1299 1376 oberbeitlichen Patrnt zu des Schatz genberey.
231 1323 599 1439 gebrauchen laßen
214 1402 1345 1582 Denur So bekante erd, daß er seit einem jahr dan
226 1524 1318 1668 schi mit dem droben in der gefängnuß verstor,
214 1612 1325 1744 obenen Anderas Heyiiger wihrten von Jegenstorff
213 1682 1287 1821 offtmaligen uno gmautzen umbgang gehabt
220 1759 1300 1897 asit demselben anfangs zu erhaltung eines
202 1829 1301 1972 Ofintenschamb, rechts auf seinen güetlin in dero
197 1920 821 2040 kutzeren hoffnung gemacht.
912 1929 1333 2053 hernach ihme einen
208 2003 1313 2139 großen kutzen und gebung von mineratin und
207 2074 1319 2209 Es graben und seines habenden kunst und wüßen,
178 2164 1294 2288 schafft das silber zu verhohen und zu vermehren
205 2248 1256 2387 Vergschwäht und mid es verhißenes ersszung
202 2318 1304 2450 deß dopgelten in so weit ihne angeführt, biß der
175 2406 1267 2547 Wihrt was und nach Ihme zu dem End tag 50 t.
189 2485 721 2627 in gelt vorgescheßen habe.
153 2608 1308 2766 B. Wilea der Wihrt ihme diß gelt nicht sement,
178 2704 1306 2837 hafft sonder nur nach und nach gegeben und er also
171 2773 1299 2907 darmit seine kunst nicht ind werdk richten könnt.
170 2855 1307 3007 ssege tu mit dem wihrten heyniger rähtig wor
154 2941 1215 3096 Dm gute und währshaffte deplonang zunachen,
136 3017 1298 3171 Warzu des wihrt habe gelt schuffeng und die debite
148 3110 1270 3232 aber sich nemen, es arne dann die mater und
145 3180 1297 3341 die arbeit dartohn sollen, In dem Johannes bade
141 3274 1297 3430 eim buchsenschmird vor sanen ihme verdentet
135 3346 1290 3498 zublonen machen zu könen, wann er materi
1042 3445 1208 3585 darzu
2550 524 2646 624 29.
1479 631 2629 782 darzu hatte. Habe also er deni probiert hierzu
1491 716 2615 859 materi auß mineration zemachen, allein solche
1518 786 2635 944 nicht zu wegen bringen können, dann des wihrt
1499 883 2526 1022 auch darzu nicht gnugsammet gelt fournierte
1488 998 2666 1152 4. So ward er auch bekanntlich, daß zuletst er mit
1516 1092 2558 1242 dem wihrten faltsched gelt zunachen abgerldt,
1503 1186 2624 1326 und noch über obige 50 th von dem wihrten
1492 1254 2629 1394 40. biß 18 b zu solchen eus empfangen, habe
1504 1349 2654 1480 also hierauff er arm eine rahmen oder glaschen
1509 1425 2653 1578 vor Holz hirzu verfertigt, Arfangs aine Ashe
1494 1516 2634 1649 brauchen wollen (darvon es nit gerahten) hero
1494 1597 2660 1720 nach aber beim genomen und selbe zerstoßen.
1484 1675 2670 1812 1. Wie mann er zu dem Kapellen zutuhr pfart
1505 1762 2634 1893 darmit ein Jegglin angemacht und solches in die
1490 1841 2684 1971 rahmen getahnn, nachworts ein studl gelt trente
1481 1921 2659 2051 solo und Doppeltes  iecetlin darein gelegt und die
1497 2003 2674 2134 rahmen zusamen geprefft, biß das ofrag herauß,
1488 2084 2642 2221 kommen. Auff solche weise habe er einzig und
1497 2160 2665 2303 ohne jemandt Brizulk auß Englischem zimg und
1489 2238 2694 2389 hat Armoniat so offt und viel gegoßen und probiert
2320 2332 2668 2442 seines behalts
1494 2342 2126 2477 biß Selbige Endtlich gerahten
1486 2395 2671 2548 habe er 50 biß 70 drentessolo gegoßen, dennach
1492 2501 2677 2638 seyne und atlane 35 stmk völlig außgemacht
1497 2580 2114 2720 und raht hrauß kommen.
2217 2584 2689 2701 Am doppelter Riecetle
1503 2663 2662 2819 dann habe er von zum mlecht nicht als eann 20
1480 2762 2672 2902 Stucklin und etwelche von bley zum prrobiereren verd
1477 2840 2661 2987 fertiget, dann es vol schwährer ein precetlin
1487 2915 2315 3058 herauß zubringen als einen 30 solo
2432 2945 2699 3066 Da er aber
1503 3019 2670 3168 vernommen, daß eine hohe oberkeit ihme krng sein
1493 3082 2688 3247 hauß erstuhnen laßen und auff dem schulmeyster
1496 3175 2670 3340 vo erstingen offentlich wegen faltsch vlunt enrd
1489 3267 2674 3415 außgeschriehen, habe er das Ulidel samt denen nach
1475 3337 2706 3513 gehabten faltschen stücklin in die worblen geworffen
2341 3485 2687 3611 und verstnkt
