3024 4032
210 486 312 586 138
233 550 311 652 3
258 851 321 923 9.
181 1689 265 1770 10.
179 1908 268 2005 d1
159 2280 242 2395 N
166 2401 241 2528 13.
146 2768 249 2894 A4.
139 3212 227 3291 15
364 537 1457 695 2:. daß Er allhier in Bern 4 paar Strump etc.
376 638 1439 776 auß einem ladan genommen und zu Wünstingen
367 718 1099 844 umb 63bz verkaufft gehabt.
362 792 1474 956 Kurt zuvor habe er zu Interlaiben 100 3 verdor
337 903 1448 1026 beue kühr nach auß weisung hach oberkeiten) gebottes
353 970 1446 1099 mit haut und haar verscharret, selbige aber hernach
340 1055 1433 1188 wiederumb hervor gegreben und die einte haus
337 1116 1471 1244 gantz von denen anderen briden aber einen villge
328 1200 1477 1331 genamen. Deßtwegen er alldortn in die kefin gesezt
340 1280 542 1389 worden.
341 1390 1482 1536 verurigen jahrs zur zeit das allsier gespilten seite
328 1473 1467 1595 wercks seye er auch in gefangenschafft gerachten, daß
320 1580 431 1686 5
328 1648 1471 1771 1. Drunten am Stalden 2 Rollen tabar und eine
321 1742 1306 1875 gutteren mit kirsenwaßßer, Wie auch
332 1856 1472 2011 2. Ubsr Stampflin dem degen schmind und degen dor
311 1960 1476 2096 dem fenster zintag genomen habe, ward alles vetituiert.
284 2068 1484 2223 Dißmahlen aber seye erd erdapprt und incarieriert wordn,
290 2186 753 2310 den weilen er
293 2252 1444 2418 N. Dem Jacob Wirdmer eine rollen tabas und
296 2347 1464 2520 2. An der Golatt entlott gaßen 2 Rollen tabar Ent-
280 2471 572 2611 wendt habe.
253 2591 1099 2750 Vateres wurde er annach bekanntlich
300 2720 1465 2902 daß erd vor etwolchen wuchen abends zwischen tag und
272 2800 1488 2957 nacht in des weybels hauß im tschangnaut durch das vem
299 2873 1452 3058 in die kuchi geschlichen und darinnen einen ehrenen hafen
295 3020 620 3149 entragen habe.
298 3074 1486 3308 in gleicher zeit habe er einer witfrauben daselbst im
296 3160 1467 3403 Hhangnaut nachts auß der kuchen In welche er über
263 3234 1462 3441 die lauben zur unbeschloßenen führd hinein gangen
263 3294 1507 3587 3 ehrene hafen dn Capferin Gätzi und dn halen entfrendt
1201 3438 1402 3542 Obige 1.
1523 1549 1612 1664 16.
1541 1893 1625 2034 17.
1555 2491 1650 2642 N8.
1553 2929 1634 3020 19.
1571 3252 1630 3360 20
2563 530 2683 631 139.
1648 551 2719 699 obige 44 häfee habe er nachworts in stuck zerschla
1638 652 2724 766 igen und vor etwann 4 wochen zwey darvon, so
1654 719 2723 821 26 lb gewogen, die übrigen zwen aberd diß mahl
1661 818 1699 857 E
1648 797 2713 936 juth dem zur ferschmild uberbracht, und selbige
1622 870 2750 989 D 6 4 das pfund verkaufft und er vorgeben, daß
1641 940 2752 1063 Er mit alter Reßlerd, waard zu hactlen fürgmannen
1657 1002 2765 1140 und zu hauß nach ein ziemliche quantitet küpfer habe
1639 1085 2737 1224 das gutzi und die heli dann befinde sich zu hauß
1655 1179 2290 1290 in einem scheürlin verborgen.
1622 1247 2770 1399 NB. herren itth hat din hafen ulentohl n Großweybel zu
1639 1321 2782 1454 gestellt und für die lezferen beide das gelt von
1653 1408 2366 1527 ihme slüller wieder bekommen.
1659 1538 2797 1693 An das s dignecillet Bontigin habe er den Luden
1659 1641 2758 1754 hinnter gelaßen umb etwaß darauß zenrmen und
1659 1711 2813 1842 breits ein stuck tuch hervor gezogen gehabt, seye aber
1655 1780 2582 1904 von Benachbarten darob vertiben worden
1656 1909 2803 2078 An einem anderer orth herren faßnacht und hybnerd
1659 2003 2794 2112 habe erd auch den laden hinab gelaßen und darauß
1651 2077 2809 2199 4. Stuk gestrichtetes tuden s sapeline und de stuck
1660 2155 2805 2294 Braums gut tuch entwandt, solches hernach in einem
1643 2234 2817 2367 satt nach Langnaut getragen und beides allda dem
1645 2321 2771 2461 Hanns Brandk des Kräners bruders beym unteron
1639 2390 2463 2518 wihrtshauß umb 25 l verkaufft.
1658 2508 2805 2685 zu einer anderen zeit habe er amb obige weis an gleichem
1671 2599 2787 2770 ort noch 2 stur gut tuch entkendt, hernach das einte
1671 2694 2806 2841 von 116. ell a 15 b das andere von 40 ellen sid
1656 2758 2810 2916 13 b am märit zu Schupfer im Kuzeren, gebirt
1673 2839 2608 2979 einem ihme umb ekannten mann verkaufft.
1681 2918 2809 3079 Amb gleiche weise habe er an einem anderen ort
1686 3020 2788 3181 herr genoits kaden 1a stutt Schwarzer gut, tuch
1672 3108 2830 3263 genomen, solches befinde sich nach dreben bey seinem
1685 3192 1805 3293 zang.
1687 3269 2830 3424 auß einem anderen laden s des s Silimannshabe
1666 3362 2842 3494 Er amb obige weise 3 studt Ryband erbeüthen Lonnen
1665 3455 2380 3580 so auch annoch bey seinem zeug
2604 3514 2699 3595 24.
