3024 4032
367 518 1374 679 Cantuus und Verricht
462 655 1250 799 Johannes Rechiners
269 741 1344 941 Eines Roht Berßer Knechts von Sig
291 839 1342 1002 nauld gebürtig von etlian 28 jahren
689 951 903 1037 alters.
98 418 251 602 126.
198 1161 1306 1334 ah deme bey mughl den rächten die
201 1256 1345 1439 Nachricht von seiten lobed magistrats zu
195 1369 1322 1515 Neubenburg eingtloßen, daß dieser
204 1438 1312 1610 Johannes Rychiner wegen darthin ge
206 1528 1313 1713 brachten antwandten pferdten daselbsten
184 1635 1333 1801 angehalten worden habend hochgedacht
161 1717 1300 1857 Iur ges krafft vertragen denselbe
182 1809 1328 1977 reclamirt und allher in oberkeiten
163 1899 1297 2082 verhafft bringen laßen. Worüberhin
164 1992 1310 2150 dieser kerl beydes durch meine hoch
161 2086 1306 2236 geeheten herren zeng herren sturker
163 2173 1288 2321 als ans meghe ehern mittlen hierzu
127 2258 1289 2416 verordneten herren examinatore, bie
145 2345 1319 2501 auch meldth herren großweibel frauw
127 2440 1286 2610 Wurstembergers herren raht Hanß Amman
103 2537 1334 2703 von erbach und den grichtschreiberin
119 2640 1308 2783 Johlim Rudolff Spiftel den 1 4 b und
125 2725 1263 2886 18. augusti und 6 septembris ao 1729
94 2832 1283 2978 hemit zu verschiedenen mahlen gütlich
111 2915 1289 3069 und ernste börtig mit betreubung der
99 3003 1279 3166 Marter setung auf den holterstuhl
99 3095 1269 3258 und anscheürung der fänden, jedoch
81 3187 1267 3346 ohne tahtliche aufziehung über sein ver
87 3281 1255 3430 brechen faaminiet und zu Red gestoßen,
78 3352 1237 3530 und also nachfolgende bekantnus und
32 3437 1241 3615 vergicht von ihme erhalten worden ist.
2464 567 2578 628 127
1500 540 2643 731 Namliiden und für das Erste, s zeigte
1527 649 2633 824 frau, daß sein vatters hievor die Geli
1519 746 2618 885 in der zeweren bey Belp behizend uit
1516 822 2615 981 aber auf dera zu Kehingernn The
1486 900 2678 1079 sich befinde) ihme eine ehrliche auff
1503 987 2629 1153 zirchung mitgetheilt und im kirchen
1519 1064 2600 1253 thal das gerber-handlerk lehrnen
1524 1163 1774 1291 laßen.
1947 1161 2609 1322 So habe er sich vor etwan
1521 1243 2613 1396 7 jahren mit Urhula leyser von
1504 1343 2631 1478 Aißbel, dißmahl im Mööslin nechst
1493 1423 2634 1595 dem kirchenhauß wohnhafft verehelichet
2095 1513 2168 1588 d
1507 1493 2617 1661 und by ihre 2 kinder ein söhnlin
1487 1591 2631 1764 von 6 mid ein töchterlin von 3 jahren
1505 1684 1816 1820 erzenget.
1483 1818 2625 1999 Beit etban 4 jahren, daher habe er sich
1484 1917 2635 2064 in der garnison zu Genst under herrr
1491 1998 2641 2170 Halpt Man Rigarias Compli aufgehalten
1479 2085 2603 2261 lind ehrlich und ohne klag aufgeführt.
1456 2242 2624 2392 9 So bekente er, daß alldiebeil erin
1452 2323 2592 2498 seinen lehr jahren baren er seinem
1456 2429 2615 2584 meister eine mittelmaßige schßenhaut
1480 2518 2600 2670 entbendt, darfür aber sein Vatter den
1455 2597 2588 2750 meister zu außbringung der ledigspren
1457 2691 2570 2837 chung theür geug befridigen müßen.
1423 2814 2582 2992 1. Vor etwan 4 jahren habe er abende
1456 2951 2569 3088 zbuschen tag und nacht dem wihrten
1436 3026 2571 3186 zu Coßen aus einer daselbstigen Weÿd
1450 3123 2532 3278 eine buhe fnflenden nach kilchberg
1419 3202 2538 3336 geführt und dem küher allda um
1430 3287 2046 3446 16. thalr verkaufft.
