3024 4032
357 529 1320 648 er kein haller gelt mehr hatte) haben
357 608 1354 744 er den haben und das ofütschafft ab
359 685 1343 804 der sake ehe getkönnt und dem
340 769 1325 897 Spetschwr, stein lebig machen sollen
361 835 1313 992 der aber inetliche stuk vrsfrung
347 911 1321 1038 das gold darvon ambt dem
334 1000 1312 1139 Uhrline haken habe er zu gedeuten
277 1090 1311 1237 Contarlies einem Goldschmied Kauhd¬
304 1171 1301 1305 lich angetragen, belcher ohne so gleich
307 1257 1292 1390 anhalten und in verhafft jetzen
292 1338 1281 1469 laßen: allwo er auh übrige obe
269 1410 1272 1549 Sspecisiciarte Sachan allesambt
282 1501 1305 1656 dasigen Herren Commandanten
260 1583 890 1724 zustellen mußen
187 1728 1292 1903 Wie nen engers allerseits guör
234 1857 1287 2003 wige herren und Oberen Räztund
220 1938 1287 2118 Burgere als allhiesige sohe Lands Ober¬
225 2031 1271 2206 eit einer seits diesers velinquent
223 2110 1257 2279 Sinclo angehörte bekantmiß und
214 2203 1260 2355 Vergicht mit allen ihren umbständen
210 2289 1281 2445 in reihte betrachtung gezogen und
202 2367 1260 2518 daraurso viel ergehen; daß durch
203 2462 1274 2610 dergleichen präfelhaffte und diebische
175 2529 1294 2676 verbrechen die allgemeine inberseit
183 2629 1299 2770 und Ruhe ihres angehörigen kürgeren
185 2703 1236 2868 und unverthauon gehammet und
165 2786 1268 2931 verstöhnet worden. An der mits dann
144 2883 1248 3027 aich suldigster maßen erinneret
139 2974 1265 3123 Dorohn abstrafung folges mißeren
118 3061 1271 3221 von von Bott dem allerhöchston
103 3159 1265 3281 wegenten ihnen anvortraulen johe
100 3263 1265 3420 codrkeitlichen richter kuots und
104 3366 1184 3495 daran jangen der pflichten
97 3469 1242 3625 habend darauf in hoh gedachtundere
2586 521 2707 616 4
1614 569 2581 721 gnädige herren und obero bey ihren
1614 669 2631 790 ydten zu Recht Erkent und gesprochenn
1582 775 2610 933 daß dieser Malesicantz
1576 868 2651 1049 Cotienne Jurjnet nechst empfehlung
1570 985 2674 1105 seiner armen Seelen in die Handgrues
1551 1058 2609 1202 Erloiers etc. Dem EScharß Richter
1576 1145 2640 1270 übergeben, von demselben gebundenn
1573 1221 2658 1380 unden auß auf die gebohnliche Richt¬
1538 1313 2567 1453 staft geführet, daselbsten zum
1553 1392 2615 1532 Eocempel und Schreken anderer
1537 1498 2572 1657 derglaichen Elbelthäteron nach Lobl
1524 1567 2672 1730 Statt ern habendem hochoberkeitlichem
1527 1656 2668 1814 gebalt mit dem Strangen vom
1515 1733 2610 1895 leben zum todt zingerichtet werden,
1525 1844 2662 1998 und der Aa Körpes biß zu gantze
1504 1944 2657 2116 licher Conoumtion an dem hochgricht
1496 2002 2670 2205 hangen bleiben sohle. Actu coram
1532 2108 1561 2153 6
1497 2109 2677 2306 200 den 2a und exequiert des 22 teng gris
1490 2214 1698 2339 1127
