3024 4032
249 547 1369 693 verstorben, seine muter aber befinde sich
311 648 1329 782 mit Michel schech einem den m�rkten
292 728 1338 858 nach hiestnden Krämer aus Osterrych
298 812 1329 934 in zloeeter ehe umnaßen ergar schlecht
289 870 1332 1021 und zwar meisters bey den baurten un
264 956 1335 1068 hirben auferzogen worden und beder
267 1034 1320 1179 schreiben nach lesen könne, auch kein handen
267 1116 1339 1246 Berk verstehe, als strahlen zumachen
257 1195 1322 1347 oder vielmehr außzubeßeren, so er von
241 1278 1320 1414 selbsten vorgenommen. Seit erwan
248 1363 1311 1516 zloey jahren, daher aber habe er sich bey
256 1453 1320 1595 einem bruder Andeross. so mit floe
249 1537 1296 1678 strumpfen und dergleichen handle und
243 1624 1283 1751 mit einem gebüßen savogard, der
226 1699 1292 1850 Weltsche hantsgenant, arociet und
240 1787 1315 1932 in schlabenland Zürich und anderberte
220 1879 1299 2038 wohl bekant: als knecht aufgehalten
214 1964 1287 2110 bisetlaag lebst verstrichene osteren
205 2029 1296 2203 sonsten seye er der Rönich Catholischen
189 2131 740 2278 Religion zugethan.
182 2252 1303 2447 Aenne so bekente Er daß er um Osterln
175 2394 1307 2500 hernm mit Maria Verena Biermanin
189 2490 1320 2606 in bekantschafft gerathen, selbige geschlänn
174 2560 1290 2712 geret auch zu heürathen begehrt, solches
173 2634 875 2784 aber nicht vollzogen habe.
609 2776 694 2882 b
403 2747 611 2863 1726 sey
94 2795 1314 2961 B zmr Herbstyn Zürich in verhafft geratfen
169 2903 1308 3022 Seilerman silber auf ihme gefunden
160 2980 1272 3110 so da gestohlen worden, er aber von zlores
151 3078 1325 3207 imbekant kerlen gekaufft gehabt, deßert
142 3166 1310 3302 wegen er als der vermeinte dißohrtige dieb
145 3241 1302 3381 an die Marter kommen, diesen diebstahl
118 3326 1282 3470 verubt zu haben aber nit bekennen können.
121 3418 1276 3569 dennach seye er mit ruthen gestrichen worden.
1461 576 1545 708 19
1451 1376 1496 1490 5
2532 535 2645 637 83.
1588 551 2662 762 Als er dislich mit dem so genante Schlach
1555 665 2617 824 bekund deßen weib von schafthausen auf
1552 747 2661 884 Baden gegangen, habe der sek und erbegen
1551 833 2627 988 bey nacht eine keller thur aufgebrochen
1552 915 2613 1043 daraus sie ein paar bekinnnt wein
1540 1006 2631 1126 genommen und getrunken, auch einen
1516 1060 2658 1208 Hofen voll schmalz mit sich nach Badengen
1530 1141 2634 1310 tragen und daselbsten under einanderen
1553 1237 1865 1370 verbraucht.
1524 1374 2674 1536 ferners, ward er bekantlich, daß er lelß
1545 1483 2655 1608 mahlen etwelche tag vor dem Rtügischen
1540 1565 2658 1698 Einbruch auf ansuchen gedacht seines mei
1518 1628 2644 1786 schendvon schafhausen nach Baden kammen,
1527 1721 2652 1855 auch sich daselbst in des wrähers haus ben
1534 1814 2648 1941 funden, dennoch dem rachtenschlag an
1535 1883 2650 2025 funglich nit beygebohnt. Auch habe er
1530 1979 2650 2122 mit dem müps samstags vor dem
1515 2064 2638 2207 diebstahl sich nach stuge begeben mnde
1512 2146 2643 2282 vermöglichkeit des pfarrers in erfahrung
1510 2232 2644 2391 zubringen, allwo sie sich bey dem Schmid
1514 2328 2620 2491 angemeldet, bey deme der Philip 6 h s
1509 2402 2668 2578 seine schuhe beschlagen laßen und mit list
1524 2499 2660 2673 vernommen, daß der pfarrer ein reicher
1494 2579 2640 2749 Man seye, welches sie denen anderen also
1485 2673 2200 2809 nach baden hinderbracht.
2379 2725 2640 2816 das
1504 2768 2644 2936 daraufhin er Freitags den 30. Julii ersthin
1510 2849 2658 3016 mit dem Berbersfrauz, Gaptmn bridel
1510 2942 2657 3101 Schwarz bek dem Bagerl und Kiliss
1484 3029 2644 3182 stich sie auch denen beyden mitverhafftete
1478 3094 2652 3266 Friderich Linder und Johannes Rrichtna
1486 3194 2656 3367 von Baden nach stugen gegangen und alle
1485 3278 2626 3434 dortigen nächtlichen einbruch und namen
1466 3365 2661 3522 hafften raub in dem pfarrhaus vorbeschri
1489 3450 2336 3617 sener m��en verüden geholffen.
2380 3484 2663 3615 Bey dieser
2394 3584 2602 3706 thate
