3456 5184
601 1212 1868 1412 worden den herren von Erlech zu bestehlen, ville
617 1321 1834 1496 anß Großem mangel, wills aber weilen frd
595 1401 1844 1615 vermeinte, ob hatte sine vormaliger herr p
598 1488 1833 1692 unschuldiger weise umbill getahnen, in deme er
583 1574 1834 1764 vorerzehlter maßen mit ihme umbgegangen
587 1660 1758 1830 und ihne hin und wieder verkleineret etc.
561 1777 1816 1968 Er seye als am sonntag de 23en ecmbris jingst
566 1877 1823 2065 Im abends etwann umb 7 2 uhren nach
559 1968 1786 2151 Jegenstorff ankommen, zu Welchero zeit mann
557 2085 1795 2238 in dem schloß an dem nachteßen begricken
563 2181 1795 2345 ware, begabe sich durch den baumgarten außf
560 2268 1770 2416 die Fervares, Stiege allda zu einem alen
546 2357 1785 2510 geworhtunen fenster in in deotibale hinein
530 2460 1810 2621 giange die Stegen hinau und in der frauw
527 2556 1821 2710 von Erladen stuben hinei ( welche murd in der
510 2635 1203 2809 zalin zugemacht ware.
1452 2663 1797 2797 Alldaselbste
526 2753 1761 2913 habe erd eine Guldene satl uhr ( die an
506 2835 1790 3009 getorhaten ort neben dem bett an einer schrau,
482 2946 1774 3110 über gehanget und eine caspettes (so aufh
494 3041 1799 3212 einem rischlin oder hommoden zuhude, entnt
483 3135 1773 3330 sich darmit fort und biß in eine ohnbeit dem
467 3237 1775 3414 dorff gelegne vernuchtlich dem herren von Erladen
478 3350 1737 3525 zuständige vlatten begeben, alltoo er das
466 3451 1787 3618 Caspetlin aufgeschlagen und das ringen- list,
466 3560 1774 3725 lin darauß genommen, übrige darinnen getor,
454 3652 1766 3831 senr sachen ryband und andrs habe er dan
446 3768 1770 3926 ereinen bleiben und dat Casoltlin allda liegen
453 3843 662 3964 laßen
471 3987 1744 4171 vermag der von ermelltem herren von Erladen
449 4074 1769 4286 auß gegebenen sperification bestuhnde obeger
436 4153 1442 4384 dabstaht in nach beschriebnng sachen
448 4264 570 4356 Al
417 4347 1718 4623 Ein zutral oder Ringen Kistlin von Genener
441 4457 1754 4699 Sammet mit guldman schwerlin besezt und mit
434 4566 1759 4795 schworten sammet gefürttert, darinnen sich be-
427 4650 678 4779 funden.
1499 4788 1593 4925 3
3263 1184 3348 1291 33
2112 1260 3361 1504 Ein lant vo seche diamant brittanto Stimen
2120 1392 3069 1550 deren der oberste ziemlich Groß
2104 1489 3340 1677 lin paar ohren-bezend, jeder mit zweg
2088 1615 2857 1745 Dd iamant, brianto, Seinen
2090 1702 3380 1891 sechs kner e zu einem brust, tuch oder so ge-
2092 1815 3334 1970 enannten Cpeve da jeder knop s mit einem
2115 1901 3360 2064 zimlich großen und zu Rinat, herumb mit
2102 2001 3359 2167 sacht kleinen oramant, britt antr besagzt sind.
2122 2125 3331 2286 lin sring von zweyen diamant, beittants
2113 2232 2956 2401 glich einem Herzlin gestaltet
2102 2358 3391 2542 Ein Goldener Crintare, Ringgen mit sachs
2077 2482 2716 2630 Da Corte steinen.
2110 2562 3373 2736 obiget sampliche steinwerck ware in silber
2102 2656 2442 2811 eingefaßet.
2075 2763 3418 2936 Ein Erglische Renctitz sacb, Uhro mit doppl
2087 2882 3386 3051 tem Guldenen gueterlin, daran ein Guldenes
2071 2975 3302 3138 Uhelim Kottelin und hafften, samt einem
2088 3058 3429 3234 bfuttschafft auf einem carnol, seein gegraben
2094 3161 2301 3286 hangele
2029 3249 3449 3500 wlit obigensamtlichen koßt berren sachen sey ei
2086 3414 3420 3569 überd Biel durch dät St. immer tahl zuren ins
2070 3505 3449 3668 Burgund biß auff Pontartier kommen, ohn,
2064 3578 3438 3762 weit sontartier (weilen er kein heller gelt
2063 3681 3414 3857 lehr hatte habe er den hacken und das
2066 3766 3451 3951 Ruttschaff ab der sait Uber getrönnt, den pütchen
2063 3882 3354 4031 Stein ledig machen wollen . Welcher aberd in
3005 3976 3435 4109 Dat Gold dar
2075 3970 3004 4141 etliche Stut zesprungen.
2053 4072 3411 4239 von dann samt dm Ufelin, harben habe er zu
2059 4159 3418 4338 gedeutem Contartier einem Gold Schmid kauft,
2048 4257 3409 4425 lich angetragen, welcher ihne so gluch anhalten
2074 4349 3459 4512 und in verhafft seten laßen, alltoo er auch übrigt
2047 4431 3442 4612 ob specipicierte sachen allesamt daßigen herren
2071 4530 2892 4687 omendante zugestellet habe.
2053 4664 3462 4805 Im übrigen seie er über diese schwähre taht
3040 4760 3291 4892 alsobald
