3024 4032
198 478 326 589 1
209 564 299 648 33
208 856 305 929 34
201 1188 273 1261 35
339 525 1460 702 Dem gleichen seinem eleyster habe er einach lbat
318 621 1435 762 an aischlit entfrändet und selbiges dem srndren
311 698 1445 850 sieder zu Sherhligen a 70 biß 75 b verkaufft
356 800 1453 945 in Stimblin Blaube judienne (. so noch bey seinem
351 894 1444 1012 zeug seye) habe er auß einem raden allhier
326 964 1468 1105 shattenhalb an der kram Gaßen nlechst dem schal
322 1047 769 1183 brunnen erwitscht.
338 1135 1444 1304 Lehtlichea, So habe er auch dem Wlarthi lüller
290 1228 1453 1375 Wasenret im Eritz seinem vettern nachts auß der
302 1311 1469 1445 Ruchi (welche nir in der Falle zugemacht ware,
308 1384 1458 1526 Ein alten kupfr lafen, das alten kupfer zuber
312 1460 1453 1606 und d Gäzi entbandt Diesere sachen, so erzu
306 1535 1460 1670 hauß in einn heuto-scheürlin versteckt gehabt, seynn
303 1621 1449 1746 ihme nicht wüßend von wan auch allda wegge
285 1711 692 1809 enommen worden.
262 1827 1473 1983 Diß ist also das jenige, was dieser Eiclandrlih
279 1925 1489 2060 aber in denen mit ihme vorgegangenen examinibus
297 2001 1161 2134 an tag gegeben und bekennt hat
261 2082 764 2244 Ot ctum Obstat.
1628 820 1729 854 Ein abermahliges klägliches beyspihl eines
2540 533 2675 613 143.
1839 532 2435 681 Sriminal Process
1854 628 2423 761 Aiclans Müllers
1682 700 2748 854 Des wasenmeisters sohns ab der schbarhen s
1626 854 2727 1002 Ein abermahliges klägliches beyspihl eines
1642 943 2731 1083 zu der schlaaren sund des diebstahls schon in
1615 1023 2735 1157 seinen jungen jahren durch böse anwrsung
2711 854 2736 866 Des wasenmeisters sohns ab der schbarhen s
1624 1095 2734 1237 verleiteten und ohngeachtet von seiten der
1612 1180 2692 1317 hohen oberkeitwelche die verbrechen der
1630 1263 2748 1385 Menschen zustraffen von gott dem höchsten
1629 1345 2739 1473 ruchter gesezt istan ihme angebendte
1630 1399 2786 1561 verschiedenen guchtigungen in dieses lost
1636 1502 2807 1646 that Verharrtete und dardurch in das Auße s
1643 1575 2782 1717 ungemach gerathenen menschen wird uns
1633 1655 2798 1794 manniglich vorgestelt durch gegenlardig
1632 1732 2814 1870 vor müser aller angen allsier in oberkeite
1620 1817 2806 1963 bandenstehende elende mannspersohn
1648 1896 2808 2027 namens Niclauis Müller des wosten
1637 1980 2822 2106 mstes sohn ab der schbarzeneog von ohngefehr
1656 2044 2761 2181 30 jahren alters, welcher wegen enichten zu
1651 2118 2822 2266 dieser zeit allier in der stald serk biderum
1648 2204 2816 2351 verubten zwar geringen diebstahlen auf der
1653 2277 2829 2428 that erbitscht und in verhafft gesezt, nlahn
1649 2368 2837 2502 werts als ein sut langem berüchteter dieb
1643 2442 2865 2576 erkant und mehrer dieben stuken beschuldiget,
1653 2523 2862 2687 folgends darüber zu vier underschiedlichen
1660 2603 2853 2760 mahlen beides gütlich und erestwortig mit
1653 2686 2864 2838 oederubon und bürflicher ansehung der
1670 2767 2885 2913 haroen einfachen marter formlich examinirt
1661 2841 2883 2971 worden und nach beschriebene bekantnuß
1667 2909 2895 3075 und vergiht ertheilt und fan sich gegeben hat.
1643 3006 2892 3184 Als Namlichen und erstlich zeigte er an
1664 3131 2862 3296 daß er annoch uns eenrathet seyen auch
1654 3210 2908 3366 seine beydseitige elteren und siben geschlün
1666 3287 2880 3430 sterte namentlich vier bruder und deer
1658 3375 2887 3535 Schbeßteren noch zur zeit zwar in zimbicher
1678 3456 2595 3607 grnncht lebend sich befindend.
