3024 4032
178 485 294 597 116
253 566 1359 728 formierte: Writtend an dem Linderen veill
280 684 1336 812 des haupts bey der sutura Lamdaudes ddar der
262 746 1325 873 erichten naat fanden wird wenigstens zwey
272 830 1318 954 dder drey solches Tumpfen in dard hirn Schalen,
255 905 1325 1010 Da wird dam umb die sach besßer anzusehen
250 993 1307 1101 die integumenta und das Cranium selbsten
247 1059 1274 1153 geglenet und viertent an beiden orten.
232 1141 1331 1281 dieser tumpfen under der hienschalem gestart,
224 1216 1327 1344 ler blut gefunden. Funfftent haben wid die
205 1300 1345 1419 Rungen gnommen und in einem zuber voll waßen
220 1383 1264 1511 getahn, diese gienge nicht zu Boden, sondern
200 1463 831 1594 schwünte ob dem waßer.
173 1548 1329 1722 wird vluchtmaßen, daß dieser tumpf von dem
185 1655 1301 1798 ghens einer handsegen in die hirnshaln einge-
166 1729 1309 1861 erickt worden und zwar habe der daum den
175 1816 1265 1955 Vorderen tumpff, die übrige finger aber die
160 1902 857 2046 andrre tumpff verursachet
144 2012 1277 2182 Hierauß schließen wird, daß erstlich dieser
147 2122 1297 2256 kind lebendig seye an das welb liecht gebohren
120 2202 1285 2330 worden, hernach aberd otalttähtiger weise umb
127 2288 1159 2433 das leben gekommen Actu 19. junii 1129.
152 2396 1236 2573 Ciqniert Wiftenbach M. 1 Weinr
1017 2502 1252 2607 Chgrurti
85 2653 831 2819 adub  1laghe  die kaht
95 2754 1255 2941 Welng die wegen verdächtigen Linder ordt in
66 2845 1266 3006 Oberirh banden sitz und e Walena Steines nit
69 2934 1280 3108 und andere Nahmhafte Ambstand dem erhalten
67 3018 1268 3184 bericht nach dermahlen zuruck ziehet lued vbsl
47 3101 1259 3261 und Oberen rr und 6, so zu auß feltung der eindls,
29 3134 1280 3373 teill haub bey lyßer, erstaulet weren, deselbe in
37 3230 1254 3453 zu suseadiven gutfunden und ein nochmahliche
39 3300 1243 3499 eenst wort iner colamerd auh dieses weigs persten
26 3349 1262 3602 zuverichten erkannt, mit frr endtlisen gestung mn
2475 591 2597 702 117.
1558 621 2625 811 Sie meg nach anlaßenden dingen nachterets
1566 709 2620 877 darubr das gutfeindende zu verordnen. Wie
1574 783 2608 934 zutihe sie bestens wüßen werden. Atte
1557 868 2333 1037 Coram 200 den 5ten septembris m29.
1565 1007 2636 1196 3ul an 1ahle haumbb ihren wüller mit
1555 1099 2620 1280 zutuhg herrrn Großwagbel Wurstembergert
1560 1190 2278 1328 und Grichtschreibern Spiffelis.
1522 1279 2619 1431 Hr habend merhl und ob s u b der heut
1539 1385 2658 1530 vorgehabte End urteill wberd die drobeng in verhaft
1523 1470 2622 1611 sich ande verdächtige Lnd Worderin Madlena
1515 1539 2597 1678 Steirs wegen deßßelben vetrartierten muchen
1516 1628 2671 1773 Bedanck lichen umbstand in einmahl) er nit geschoben
1516 1697 2655 1858 und fürh ulnhutahen. hiermit außzutragen gut,
1512 1791 2583 1937 befunden ein nachmahliget erast wörtiges
1509 1872 2659 2007 laamen mit ihre vorzunommen und nach anlaßenden
1509 1946 2571 2072 dingen und selbst angehörten raconementen
1496 2002 2586 2147 erforderunded maßen verwos zu proudieren.
1489 2105 2540 2257 wie secshsehen werde elagten  wol verschenstund.
1480 2159 1838 2283 Ac. obstat.
