3456 5184
263 2532 349 2658 1
304 1418 389 1539 3
456 901 1578 1260 den e at ligt a
468 1059 1582 1385 lasten entbendt, so daß nach und neth
441 1178 1624 1500 sich von geringen zu Mehreren dabstählen
437 1268 981 1435 leyten laßen,
978 1341 1239 1457 und also
463 1412 1602 1724 Vor Ltst vostrahenem hrbst bey cahte
424 1543 1604 1834 etwang umb 10 ühren dem Christen belsige
424 1653 1597 1895 zu Nieder bottinen s hr eine stuten abm
420 1760 1611 1995 Waheren wegdt slechst inem holzlin geste
406 1854 1598 2084 ley, und selbige nach Erlenbach enttuhe
394 1960 1587 2160 und auff daselbstigem ahr mlarikt dem
372 2053 1575 2284 Samnel Loubenlorger, deß eelchnauter
385 2150 1561 2359 Ullis sohn umb 15 th verkaufft
377 2242 1608 2489 daran er alsobald 1 jht empfangen, den
358 2342 1522 2574 Über, wrt dem annach zu forderen habe
396 2502 1592 2771 Bey 14 Jag hernach habe er den Hens
358 2637 1580 2890 Gypr Kucher in Plothl 3 Seckelschriben
357 2772 1582 2994 Freübidmeychs vatter (bey deme fr in
355 2905 1605 3120 heütet jung sthin zuvor gearbetet, slae
356 3017 1555 3219 auch ohngefehr umb 10 uhren s h ein
346 3139 1568 3330 nuhr auß dem stalls an welchem die tuhr
359 3242 1591 3431 nur in der Fallen zugemacht ware ent
334 3317 1571 3557 ewendt und solche an last gehaltenem
330 3434 1599 3647 jahr klait zu Tzun dem 1lste anthen
349 3527 1598 3780 Marthi umb 16 l 16 bz verkaufft und
365 3629 1319 3838 Diß gelt bard von ihme berommen.
342 3756 1358 3970 Auß diesem gelt habe er gekaufft.
346 3846 1573 4081 für sich zu einem ratt 10 ll halb Lein
343 3952 651 4079 R 6 2. x.
1211 4053 1589 4156 h 2 1.
344 4066 1609 4282 7. El Furteri darzu pe 512 f gu
346 4150 1208 4341 ein wannisch von Hanß Euch von
355 4243 968 4420 E. E p 62 b.
1215 4310 1590 4420 1611.
2937 1014 3019 1140 29.
1795 1104 3039 1314 zirtein und shaterlohn be 15
2902 1265 3036 1353 21
1801 1222 2468 1406 in panr Schuhe umb
1802 1304 2713 1468 Dem weib mit 2 kalderen jeden
1790 1391 3054 1589 1. paar chuhe zusamen umb  1 21
1815 1483 3064 1650 seinem tneben anoch 1 hüt um 7 2
1796 1571 3072 1759 dem weib überschickte erd in galt22
1801 1675 2649 1873 fur sich habe Er mrch zebauft
2750 1752 3077 1865 518
1806 1832 2145 1961 Eig Ap umb
1811 1850 3090 2044 eine wanneg und 1 freschn flegel um15
1798 1979 2811 2168 den Cheisten Heimi zu daß bach
1812 2077 3093 2293 bezahlt Er eine Schuld mit2
1801 2186 2811 2378 deme habe erd eine specico dubl.
1808 2282 3099 2468 wüße nicht am welchem ort verlahren, d
2521 2392 3120 2564 1 u
1793 2526 3096 2711 Das übe ine aber habe er hin und wird er
1799 2644 2557 2790 verzehrt und außgeben.
1705 2794 3063 2958 5. Letstlichen vor etwann 114 tagen auch
1820 2904 3110 3074 le nacht habe er zu Frnß im Murken ge
1816 3003 3082 3161 birt  allda im jahr zuvor hirt getreffen.
1808 3097 3104 3253 rov: 1 pferdt Ab der Wegd entführet und
1822 3185 3129 3356 daßelbe allharr in die statt in den schlüßel
1819 3295 3087 3462 stalt gebracht, Die buudoren von Hense
1837 3402 3100 3581 aber seyen ihme sachkommen, donen habe
1816 3497 3107 3642 er spriß und trande vorgestellen und
1822 3592 3101 3750 genzwischen sich darvon gemacht und dar
1831 3678 2586 3799 oterdt dero stehen laßin.
1824 3762 3122 3955 NB. Diß pfferdt ist auß vbrkhen zGroß wegen
1815 3877 3042 4053 bolt bewilligung sladtarrts von dener
1815 3952 3090 4138 bautoren wiederum zu ihrem handen genommen
1817 4051 2086 4169 worden.
1807 4168 2383 4358 Adt. Obstaht.
