3024 4032
1902 543 2221 695 Register.
1631 705 2728 862 Arm, Christen zu Volligen, soegen Falschmunsen, 5J. 61.
1646 955 2694 1108 Berber, Iter v. Duchholterberg begen diebstähln. 36. 10.
1648 1159 2584 1295 Heß. Uli u. Sammel, Verhör als Ankliger. 111. 16.
1652 1323 2743 1475 Kinder, Frind. Aug, Bothand und Honnoter, wegen Einbruchu¬
1866 1420 2499 1562 mörderischer Mißhandlung. N1. 89.
1643 1576 2754 1695 Müller, Stiklund, der Stastermeisters Sohn, ab der Schwachen,
1879 1674 2532 1783 egg, wegen diebstählen. 136 143.
1660 1822 2793 1965 Dumel, ttienne, und dem Burgund, foegen Tielstählen, 31 45.
1637 2039 2810 2178 Reichmann, Johnnnet genant Brindtkopf und Mcklenburg begen
1863 2139 2731 2266 Iinbuuch und morderisch mißhandlung d d9 95
1659 2204 1853 2353 Bychmer
1879 2238 2723 2361 Johannes, u. Signan, ein Rothgerber, wegen
1868 2324 2285 2454 Pferddinbstahl. 127.
1653 2540 2751 2691 Scheidegger, Eldbeth, v. Zuttbyl, wegen diestählen: 2 3.
1653 2665 2769 2793 Steiner Mudben, v. Follekofen, begen Kindtmord. MN.
1924 2756 2128 2862 N9. 132.
1997 2868 2836 3004 delebemiß v dann in scballarert a di
2436 2944 2789 2999 kant sobtetriendet
1672 2935 2763 3095 Spaldspürger, illi, begen Diebstählen. 1. 10. 17. 21.
2404 3033 2623 3082 salrcter Ansu
1672 3041 2775 3197 Selt, Johannes, gennnt Bÿgenhant, vo höchstatten bei
1929 3162 2804 3288 Sonanberth, begen Einbruch u. tod mörderisch.
1924 3247 2526 3392 Mißhandlung. 79 89. 9J.
