3024 4032
329 536 1349 698 ilber gelt, wie auch floey grose und
338 655 1334 780 hin kleinen klernen lostel ein
340 740 1355 883 Bablen und yben moßer von Silber
316 825 1335 954 bekommen, auch zleey Guldene arm
310 908 1324 1052 Band von den übrigen außgekaufft
279 997 1319 1161 die golde stuk samt den arnen sanden
292 1110 1307 1241 abe er seinem Mensch alsobald zu
274 1182 1330 1342 logeren zugestelt, welche solche allen
286 1263 1332 1424 dort verstelb zu haben ihme nachberts
279 1360 1326 1506 vorgeben, Bey 100 Thaler in Silber
271 1460 1329 1600 gelt habe er selbsten in einem wald
256 1554 1328 1670 verborgen und anders bo ein
267 1629 1313 1786 Joagurtlin mit gelt, so dem Reich¬
255 1714 1321 1882 man underloegs entfallen verlegt
171 1879 1312 2054 Denno so bekante Er, daß trumOsteren
200 1981 1314 2108 horum mit Marioverens Bietmännin
212 2086 1315 2211 die ohnlangst außgerißten in bekant
207 2155 1301 2305 schafft gerathen und selbige geschlänn
204 2254 1331 2405 gered habe, ohne daß sie sopuliet worden
172 2327 1309 2490 auch daß er vor etlan zboden jahren
208 2437 1327 2587 mit einem anderen weibs bild micher
180 2533 631 2672 gezogen seye.
122 2698 1276 2879 Writtens Im herbst ad 1726 seye
195 2833 1286 3000 er in Zürich in verhafft gerathen, beilen
188 2916 1295 3081 dan selbern jeng auf ihme gefunden
152 3011 1266 3191 so dagestohlen worden, er aber von zbery
153 3109 1295 3281 imbtkanten Keols erkauff gehabt, deß
121 3191 1268 3367 wegen er als der vermeinte dißohetian
126 3273 1310 3464 dieb an die marter kommen, diesen diebstahl
79 3369 1286 3548 verübt zu haben jedoch nit bekrnnen können,
123 3479 1228 3662 da dan er mit ruthen gestrichen worden.
2484 556 2598 655 99.
1495 569 2623 758 Viertens, Auch vor dem Stengischen
1612 700 2622 819 Einbruch seye er mit dem sogenanten
1621 757 2627 912 Schlachzen bek von Schafhausen nach
1604 839 2646 1003 Baden gereiset, da habe der gek under
1593 934 2635 1115 begs phachts eine keller dhür aufge
1597 1017 2621 1190 Brochen aus welchem sie ein paar
1597 1102 2659 1270 Gekin mit wei genomen und getrnken
1579 1183 2649 1355 kon, auch einen hafen völlschwalkmit
1555 1278 2655 1431 sich nach gaden getragen und daselbst
1573 1350 2416 1529 und esich verbraucht habind.
2083 1531 2132 1584 2
1548 1510 2659 1690 Ihie nun allerseits länseee Gnedige
1573 1625 2661 1796 Herre und oberg räht und Burgere
1545 1709 2642 1889 so thane Veraichten und bekantnußen
1566 1800 2655 1973 angehört und verstanden, auch darans
1557 1886 2636 2042 so viel ersehen, daß durch dergleichen
1555 1996 2635 2129 schandliche und grausamen Rauben
1554 2061 2616 2234 reyen und Greüeln thaten die allgen
1569 2157 2625 2310 meine sicherheit und ruht ihrer ge
1564 2237 2620 2412 freuer angehöriger und underthanen
1562 2327 2624 2500 in dero landen und gebieten gehemmtt
1550 2414 2641 2603 und zerstöhret werde. Anderseibe dan
1534 2502 2636 2669 sich erinigret, dero zu abstraffung der
1536 2596 2629 2772 gleichen gro�en und morderischen verbreche
1550 2674 2609 2863 von gott dem allerhöchsten regenten
1528 2774 2599 2926 ihnen anvertranten hoch oberkeitliche
1536 2852 2609 3040 ambs und daran hangender pflichten
1490 2937 2593 3127 Habend daraufhin hochgedacht Unsere
1524 3055 2613 3225 Gnädige herren und oberen rächt und
1518 3145 2640 3339 Burgere bey eyden versamlet gesterigen
1526 3232 2602 3437 tags zu Recht hettnt und gesprochen.
1440 3384 2593 3573 Daß diesere dere Äbelthutert nechst
2182 3570 2592 3707 empfhelung etc.
