3024 4032
2528 535 2645 655 29
1832 586 2514 787 sinninal Process.
1604 730 2613 912 Friderids August Gotthardt
1579 852 2681 985 Linders, genant Kupferschmid fei¬
1634 929 2690 1050 dels von Gltingen in dem Hannofen
1614 1002 2675 1150 Land, von etwan 22 Jahren Alters.
1642 1154 2652 1296 Josannes Reidmans genant
1637 1275 2653 1407 Grinds Kopf von Gustraulo aus
1624 1357 2703 1512 dem Meklenbürgischen gebürtig von
1629 1441 2633 1587 etwan 26 jahren alters Und
1577 1562 2672 1746 Johannes Welten, anfangs Jo¬
1571 1708 2696 1849 Hannes Schach sich nemmend von Bochn
1583 1777 2659 1925 stelten ohnleib donan wert von
1588 1879 2345 2027 etwan 27 jahren alters.
1576 2062 2687 2268 Der selige aostel Jacob sagt
1564 2195 2307 2319 in der Cpist. Jacobs 1: 115.
1548 2278 2681 2475 Wan die lust empfangen hat gebührt
1539 2402 2692 2584 zur sund die bund aber, dan sie sol
1560 2486 2455 2663 lendet ist gebihrt sie den tod
1530 2564 2690 2795 Woraus wird sindhafft Menschen abnommen
1563 2690 2649 2873 und erkennen sollen, daß der heil
1556 2757 2657 2927 Apostel hierdurch des allerhöchsten
1540 2855 2680 3072 gottes strragt gerechtigkeit und deßen
1538 2939 2610 3102 Gotts Horn wider die sunden
1536 3037 2640 3234 kr�ffigst vorstellen wollen. Daher
1535 3127 2643 3319 gott der Herr auch den bösy zur
1528 3218 2634 3414 forcht ein oberkeit verordigt, welche
1531 3333 2654 3500 dan die Loster und übelthatten umb
1525 3433 2662 3653 den landtstraffen godtes vorzukommen,
