3024 4032
139 485 256 583 1l.
309 675 1298 767 Weit demme Er aus herren von Erlacht
345 754 1313 857 diensten veroßen, seye Ermithrrib
339 819 1286 931 und kind widerumb in dein heinate
345 894 1322 984 nach Chalono gekehret  etstlich
324 955 1339 1104 aus Gcheiß eeines Weibs zu begun
303 1038 1317 1169 ahung deraf steren gegen vocll
314 1122 1268 1247 gereißt, snderloags weye Er durch
310 1203 1292 1338 eingeystung böter gedanken den
307 1277 1302 1425 Herren von Erlach zubestehlen ver¬
289 1362 1308 1489 reitet worden Theils and Armichte
277 1447 1332 1603 theils aus Raach und weil ervoren
276 1531 1307 1704 mnant, Ob ware Ihme von demselben
277 1639 1321 1767 unbill loiderfahren, Indemne Er Ihnen
272 1713 1271 1855 aus seinem drnst verschiket und
237 1784 1258 1928 bin und bider verklenieret haben
253 1872 1293 2027 Also seye er expresoe in die senn
242 1966 1273 2125 bogen vorgatz den Sontag den 28t
222 2061 1295 2216 Septembrio jung sthin abendts etwann
217 2162 1303 2290 vumb 72 Uhren nach Gegenstorff
223 2218 1249 2378 ankommen, (zu welcher seit mann
214 2313 1281 2456 in Schloß an dem Nachteßen be¬
207 2384 1292 2543 vri sem loore begabe ich durch dem
186 2474 1286 2618 Baumgarten über die ear ind
178 2559 1301 2712 Stiege allda zu einem offen gefunen
189 2638 1283 2789 danen fonstos in ein estibul oder
593 2739 637 2803 4
188 2729 1301 2883 vorgaben gnam welche gelegenseit
154 2811 1302 2950 Ahme als einem vormahls gebegenen
133 2915 1310 3060 haußgenosden gar loohl bekant wore
136 3000 1333 3155 Auß dieger Stuben habe so eine au
171 3099 1172 3237 der wand gehargete zuedene
124 3191 1297 3306 Sakuhr und eine auf dem zi
142 3265 1279 3407 gelegene Casselle entwendet, und
103 3374 1300 3537 lich darmit bort und biß in ein
113 3458 1320 3630 ohnheit dem dors gergene Matten
882 3547 1310 3666 asoete
102 3560 880 3720 begeben, allwoo er die
96 3615 1294 3810 gienge die stägen hinauff und in der frauld von erlach
164 3762 549 3861 stuben hinein etc.
2504 518 2656 594 45
1589 616 2661 736 aufgeschlagen und ein rängen schächtlin
1580 691 2650 784 daraufgenommen übeige dorinenn gebegen
1558 747 2645 856 Soesen, Ryband und derglichen im
1576 832 2648 966 derselben bliben mnd die Cavoctt
1573 891 2646 1044 alldaligenlaßen, Dieser großen
1554 990 2521 1126 Diebstahl bestuhnde in volgenden
1532 1056 1781 1192 Suchen
1551 1160 2696 1310 Ein Putral oder Singen Kistlin, von grunnen
1542 1250 2670 1381 Sammet, mit guldenen Schnlrlin
1567 1331 2676 1469 bgezt und mit schwartzem Sammet
1546 1400 2678 1556 gefuteret darinnen ich befundenn
1549 1499 2621 1625 ein Krautz von Seths Diamanton
1528 1594 2656 1749 Brillanto, Steinen, deren der obersten
1535 1684 2078 1768 zimlich groß bare.
1528 1776 2667 1934 ten paar Ohrenbehenk, jedes mit zloer
1519 1859 2427 1980 Diamunto, brillantze Steinen
1486 1946 2681 2138 Sahd Knopf zu einen brußtuch oder
1520 2080 2660 2238 so genantes reve, Da Bedor knopf
1522 2173 2673 2321 mit einem zimlich großen, und zu
1533 2260 2688 2422 rings horumb mit 6 Grillantzesteien
1501 2341 1835 2475 besezt ist.
1506 2417 2691 2598 Bntlling von Sußs Tramants billantz,
1501 2518 2454 2684 gleich einem herklein gestaltet
1489 2601 2650 2802 kin guldener Crinourer Ringgen mit
1504 2722 2658 2903 Seiho la soll steinen, obiges samtliche
1510 2790 2663 2981 Stembeck bare in Silber eingefaßet.
1509 2868 2663 3106 kinfeglische Prepetit, Sahh lihr
1512 2973 2691 3196 mit doppeltann guldtnein vnterlein
1502 3078 2692 3306 daran eine guldener Ehr Kettelin
1513 3147 2683 3400 und hafften und ein Sputshafft auf
1511 3275 2487 3469 einem Cariol gegraben, hängete
1498 3351 2717 3607 mitobigen santlichen kostbahren Pfecten
1503 3418 2700 3694 seye er über siee durch das st. ammer
1512 3532 2694 3787 zahl ins zurgundt biß auf Contartien
1499 3610 2658 3851 kommen, ohnweit Contarlier sbeider
