3024 4032
347 503 1398 690 zu Nach etlaan 3 Wuchen darauf haben
328 608 1353 750 Er nachts zwuschen Groß und
315 680 1369 846 Ulein Waberen auch eine kuche
314 741 1316 930 ab der weyd genommen, selbige
310 853 1377 1048 nacher bypfach geführt und dortigen
306 945 1361 1104 Amman verkauffen bollen. Weile
284 1012 1365 1211 er aber vermerkt, daß solche gestohlen
291 1097 1366 1303 worden, ward er angehalten, nach zurg
267 1188 1368 1393 dorf in Gefantznns geführt, und zur
255 1278 1323 1452 Straf für ein jahr lang aus dem
216 1393 1325 1558 land bannihiet, da dan er sich in die
218 1450 1070 1643 besahung zu Genkt begeben.
1072 1541 1325 1627 der
192 1534 1288 1710 Verlurst und Schaden dieser beyden
199 1633 1294 1806 Kuhen seye von seinem Vatter auch
212 1734 720 1868 ersezt worden.
173 1879 1313 2094 6. Ward er bekantlich, daß er bereits
148 2017 1326 2173 verschinnenen winfer mit dem kila
183 2111 1314 2260 Boper von Biglen zu Grnst in bekant,
178 2201 1313 2348 schafft gerathen und den 22. juni mit
172 2292 1305 2440 permission seines hauptmand, willen
160 2385 1279 2530 seine elteren weib und kinder zube
164 2482 1263 2632 suchen, mit demselben von druß hin-
159 2567 1284 2711 Begg und nach Leüzingen gereißt, allda
149 2651 1262 2802 sie sich bey 2 tag aufgehalten, ohne daß
141 2720 1265 2862 ihme sein handel und wandel annach
142 2817 1226 2979 bebußt ware. Von dannen habe er sich
123 2906 1268 3071 bereden laßen auch zu sein Hofers elteren
135 2982 1244 3138 nach der schbängles gngehen, underlegs
124 3072 1223 3234 aber sagte der Hofer bey dem Boll, es
110 3156 1226 3302 seyt einer von seinen gefrundten dort
106 3232 1241 3398 so allzeit mit guten pferdten versehen
101 3329 1258 3478 deme bolle er eines gehen neumen, selbige
112 3409 1210 3531 als sein nacher verbaudter werde nichts
100 3468 1220 3641 daraus machen. Er kychiner habe zwar
186 429 305 561 128.
2445 551 2564 653 129.
1566 590 2603 727 mit allerhand guten vorstellungen
1539 669 2605 812 ihne dasvon abhalten bollen, ließe
1543 746 2621 901 sich aber endtlich übeorden mitzugehen
1568 835 2601 978 also begaben sie sich beyde zu dem Haus
1562 900 2598 1039 ohnbeit dem stoll nachts etwan um 40
1570 978 2626 1139 uhr, der Hofer machte ein kircht, schau
1566 1053 2614 1195 Bete in den Stall und sagte, es seyten ibrr
1531 1128 2638 1275 pferdt bey der stell und gwar das einte
1558 1233 2610 1371 eine gute stuten, selbige bolte Pr
1564 1306 2606 1458 neüng samt dem auch verhandenen
1545 1380 2597 1518 gann und reitkuß, brachte hierauf
1557 1458 2639 1604 alsobald solche serals und stelte sie ihme
1542 1546 2617 1689 Rychiner s so inzlüchen außenhar in
1537 1635 2629 1775 der ga�en gewartet an die sand, darmit
1543 1703 2634 1853 ritten sie fort auf Btüren und leyben
1531 1796 2631 1949 zu, der Hofer aber habe nags nit keiten
1540 1877 2630 2019 bollen. zu Reyben brachte der Hoffr
1537 1964 2634 2099 einen vnd daher (dan es juot zu Beure
1525 2033 2566 2195 ein jahr Markt) deme suchte er es
1540 2130 2606 2279 zuverfaußen und weil dieser dor
1534 2225 2639 2367 sach nit getraulet trachteten sie s und
1502 2311 2649 2455 Bauren gegeg emem anderen pfardt
1531 2399 2638 2540 und etwas nachgelte zu vertauschen.
1513 2480 2641 2640 allein heilen auch diese nichts sontes muhr
1524 2563 2614 2718 maßeten und der herren grichtschreber
1503 2645 2637 2820 von Pieterlen sie für verdächtig angeschen
1511 2759 2601 2890 seye auch der Tansch nit richtig vor sich
1509 2827 2631 2985 gangen, sondern im degentheil er Ryn
1520 2906 2618 3059 Kinder und Hofer von dem herren grichten
1507 2999 2573 3144 schreiber angehalten und gefangkllich
1516 3078 2612 3231 nach vilterle verschikt und wegen dieser
1510 3158 2595 3318 bekanten debstahlen nach etloan 4 tagen
1500 3254 2593 3395 beyde oentlich außgeschnrzt, gebrandt
1503 3327 2580 3467 mahlet, und aus dasigen gebiet ver
1493 3410 2592 3565 dießen und durch ungleiche wegen fortgen
1472 3475 1950 3616 führt worden.
