3024 4032
356 534 1372 692 Und nach solchen und anderen verüble
354 637 1358 782 grausamkeiten und grenlichen fracta
349 725 1321 876 mentz und einem gefaßten große
332 815 1327 972 Raub, so von etlichen tanßend gulden
314 893 1312 1046 von Gold und silbergelt guldene
314 982 1311 1119 arm banden, silbernen haffe und
328 1084 1335 1204 Felssanten, wie auch anderem sil
328 1157 1345 1325 ber zng und kostbarkiken bestanden
317 1236 1317 1379 sich wider zum Hans Hinaus und
301 1322 1266 1476 Eiligs fort und darvon gemacht.
281 1418 1334 1607 zu Klingnau in dem fügel wihrte
286 1498 1275 1649 hauseinen theil des golts und
282 1595 1342 1770 zu logeren den übrigen laubunde
301 1670 652 1803 sich getheilt.
258 1770 1286 1958 bey dieser Greüeln that habe er
261 1918 1314 2074 Linder sein angesicht geschlächt
257 1995 1307 2163 nachloerts hinund her mit einem
244 2087 1275 2233 wachs lcht gezundet etwelche
245 2175 1287 2298 Gelt sekel vor das Hans Hinaus
235 2266 1298 2411 getragen und zu Ertstmit dem
238 2346 1292 2525 Brinde kopf den herren pfarrerin
220 2445 1295 2616 den Keller hinab gefergget, auch diese
196 2543 1283 2704 beut nach vogelsang tragen geholßen,
226 2642 1277 2807 und r seinen antheil bey 900
196 2729 976 2909 gulden ungelt bekaumen.
2064 758 2085 762 zum Anderen; Ist Johannes Reich¬
2513 565 2619 683 95.
1730 573 2526 762 Johannes Reihman
1543 762 2633 936 zum Anderen; Ist Johannes Reich¬
1760 762 1855 765 Johannes Reihman
1573 857 2639 1048 man genant Drinds kopff ohne auß-
1579 936 2611 1114 geführte folter bekantlich worden
1578 1013 2619 1177 Es habe mit dem so genantzn Werber
1524 1115 2659 1257 franz dem Bagerli und Branderbur
1581 1209 2633 1379 ger sridel in dord Wiggenthal bey
1555 1275 2641 1475 Ratenburg aus einer kirchen alles
1562 1371 2596 1547 gelt und slbern gschiren, das sie
1571 1483 2649 1647 darum angetroffen samt deß meß
1564 1559 2247 1708 ners rot entragen.
1519 1650 2657 1826 Dannethin seie er Rendmanmit dem
1543 1780 2586 1926 Berber franz und Bäyerli von
1542 1864 2663 2028 schafthansen nach saden gereiset, weil
1533 1961 2663 2127 der festere angezeige, sie werdind
1550 2046 2643 2220 in Baden kerls antreffen, die von bas
1536 2161 2649 2323 werden zusagen wüßen. daselbsten
1528 2242 2651 2434 in des wohers hans seye er also mit deren
1539 2331 2646 2500 hevor vernamseten gesamten diebs, son¬-
1519 2418 2653 2602 sorten öffers zusamen getretten und oben
1519 2513 2653 2705 gogenem Bösen anschlag beygebehrt.
1488 2606 2667 2770 Wie nicht woringer, so habe er mit denen
1511 2711 2665 2920 selbigen den hiesor beschriebener gestalten
1517 2787 2673 2996 in dem pfarrhaus zu Stengen vorgegan
1496 2908 2573 3071 genen einbrich raub und große
1492 2993 2599 3176 anthat verbringen gehalffen. Bey
1473 3085 2674 3297 belch beschehenem pacto er angänglich
1481 3166 2644 3348 vor und in der magd sammer und
1481 3251 2674 3478 sonsten in dem haus nur schiltenwacht
1484 3356 2671 3549 gestanden. Nachbertt habe er auch die
1513 3438 2653 3626 her pfarrern an dem stritmit
2232 3635 2589 3793 belchenet
