<?xml version="1.0" encoding="UTF-8" standalone="yes"?>
<PcGts xmlns="http://schema.primaresearch.org/PAGE/gts/pagecontent/2013-07-15" xmlns:xsi="http://www.w3.org/2001/XMLSchema-instance" xsi:schemaLocation="http://schema.primaresearch.org/PAGE/gts/pagecontent/2013-07-15 http://schema.primaresearch.org/PAGE/gts/pagecontent/2013-07-15/pagecontent.xsd">
    <Metadata>
        <Creator>prov=University of Rostock/Institute of Mathematics/CITlab|PLANET AI GmbH/Gundram Leifert/gundram.leifert@planet-ai.de:name=German_Kurrent_XVI-XVIII_M1(htr_id=19584)::::v=2.6.7
prov=University of Rostock/Institute of Mathematics/CITlab|PLANET AI GmbH/Tobias Gruening/tobias.gruening@planet-ai.de:name=de.uros.citlab.module.baseline2polygon.B2PSeamMultiOriented:v=2.6.7
prov=University of Rostock/Institute of Mathematics/CITlab|PLANET AI GmbH/Tobias Gruening/tobias.gruening@planet-ai.de:name=/net_tf/LA73_249_0mod360.pb:de.uros.citlab.segmentation.CITlab_LA_ML:v=2.6.7
Transkribus</Creator>
        <Created>2021-04-27T18:46:28.293+02:00</Created>
        <LastChange>2023-06-19T10:42:27.785+02:00</LastChange>
        <TranskribusMetadata docId="1334845" pageId="52362265" pageNr="42" tsid="127238080" status="IN_PROGRESS" userId="68497" imgUrl="https://files.transkribus.eu/Get?id=OMZBCXSJYSYACOWHZKUVIVSW&amp;fileType=view" xmlUrl="https://files.transkribus.eu/Get?id=LTYAPLBHLPFJQEWVCVXQWIXE" imageId="19734385"/>
    </Metadata>
    <Page imageFilename="IMG_5256.JPG" imageWidth="3024" imageHeight="4032">
        <ReadingOrder>
            <OrderedGroup id="ro_1687513657946" caption="Regions reading order">
                <RegionRefIndexed index="0" regionRef="r2"/>
                <RegionRefIndexed index="1" regionRef="TextRegion_1687164130001_1488"/>
                <RegionRefIndexed index="2" regionRef="TextRegion_1687164130001_1487"/>
            </OrderedGroup>
        </ReadingOrder>
        <TextRegion orientation="0.0" type="paragraph" id="r2" custom="readingOrder {index:0;} structure {type:paragraph;}">
            <Coords points="155,595 155,2803 1344,2803 1344,595"/>
            <TextLine id="r2l1" custom="readingOrder {index:0;}">
                <Coords points="322,664 372,642 439,696 605,643 766,696 805,665 929,684 990,641 1344,658 1344,593 1262,611 1139,545 1002,611 896,558 722,542 632,582 437,544 321,584"/>
                <Baseline points="329,641 379,642 429,642 480,642 530,642 581,642 631,641 681,641 732,639 782,639 833,639 883,638 933,638 984,638 1034,636 1085,636 1135,638 1185,638 1236,638 1286,639 1337,641"/>
                <TextEquiv>
                    <Unicode>Welchem Sie an handen gebunden</Unicode>
                </TextEquiv>
            </TextLine>
            <TextLine id="r2l2" custom="readingOrder {index:1;}">
                <Coords points="335,758 418,728 483,761 893,723 1055,749 1109,713 1192,764 1349,764 1349,658 1302,646 1154,692 977,653 829,705 604,644 440,696 380,648 335,663"/>
                <Baseline points="342,722 394,723 447,726 499,728 552,728 604,728 657,728 710,726 762,725 815,724 867,723 920,722 972,721 1025,720 1078,721 1130,722 1183,725 1235,728 1288,731 1341,737"/>
                <TextEquiv>
                    <Unicode>gewesen in dem oberen gemachge</Unicode>
                </TextEquiv>
            </TextLine>
            <TextLine id="r2l3" custom="readingOrder {index:2;}">
                <Coords points="314,828 424,850 625,816 689,848 966,812 1078,842 1152,804 1317,844 1337,780 1273,754 1126,788 1026,734 536,782 398,736 314,768"/>
                <Baseline points="321,803 371,806 421,809 472,812 522,813 573,813 623,813 673,813 724,812 774,812 825,810 875,809 925,809 976,809 1026,807 1077,809 1127,809 1177,811 1228,813 1278,816 1329,821"/>
                <TextEquiv>
                    <Unicode>halten, alldiebeil die Anderen ui de</Unicode>
                </TextEquiv>
            </TextLine>
            <TextLine id="r2l4" custom="readingOrder {index:3;}">
                <Coords points="322,944 381,910 441,948 713,900 832,972 933,905 1052,909 1099,947 1351,925 1351,886 1154,818 878,822 818,872 742,826 416,851 323,824"/>
                <Baseline points="330,888 380,891 431,894 482,896 532,896 583,896 634,896 684,894 735,894 786,893 837,891 887,890 938,890 989,890 1039,890 1090,892 1141,895 1191,898 1242,903 1293,909 1344,917"/>
                <TextEquiv>
                    <Unicode>Schlüßel zu der Kißen zusuchen hinnn</Unicode>
                </TextEquiv>
            </TextLine>
            <TextLine id="r2l5" custom="readingOrder {index:4;}">
                <Coords points="322,1006 360,1018 386,1007 411,1022 430,1012 466,1040 535,1004 572,1023 596,1006 651,998 652,907 528,953 456,941 434,953 381,911 323,942"/>
                <Baseline points="330,971 356,973 382,974 408,975 434,976 460,977 487,977 513,977 539,977 565,977 591,977 617,977 644,978"/>
                <TextEquiv>
                    <Unicode>der gangen,</Unicode>
                </TextEquiv>
            </TextLine>
            <TextLine id="r2l6" custom="readingOrder {index:5;}">
                <Coords points="830,998 885,1008 917,990 1021,1011 1059,997 1129,1036 1217,1011 1333,1036 1335,958 1294,930 1244,943 1192,921 1099,948 1067,925 1010,938 983,922 945,952 881,944 831,967"/>
                <Baseline points="837,984 862,984 888,984 914,984 939,984 965,984 991,983 1017,983 1042,983 1068,983 1094,983 1120,984 1145,984 1171,986 1197,988 1223,990 1248,993 1274,996 1300,1000 1326,1005"/>
                <TextEquiv>
                    <Unicode>und endlich hale</Unicode>
                </TextEquiv>
            </TextLine>
            <TextLine id="r2l7" custom="readingOrder {index:6;}">
                <Coords points="325,1075 635,1104 696,1059 1014,1122 1096,1082 1309,1113 1310,1072 1152,1056 1058,997 901,1028 784,949 679,1026 553,1004 494,1048 403,1013 325,1040"/>
                <Baseline points="332,1064 380,1064 429,1064 477,1064 526,1064 574,1064 623,1062 671,1062 720,1062 768,1062 817,1062 865,1064 914,1064 962,1065 1011,1068 1059,1071 1108,1075 1156,1080 1205,1086 1253,1092 1302,1100"/>
                <TextEquiv>
                    <Unicode>er mit dem linder des Herren</Unicode>
                </TextEquiv>
            </TextLine>
            <TextLine id="r2l8" custom="readingOrder {index:7;}">
                <Coords points="303,1189 470,1147 630,1186 790,1150 868,1203 1048,1157 1335,1231 1337,1156 1227,1102 1174,1127 1090,1092 1023,1132 770,1082 306,1092"/>
                <Baseline points="312,1145 362,1146 413,1146 464,1148 515,1148 566,1148 617,1148 667,1148 718,1148 769,1148 820,1148 871,1149 922,1151 973,1152 1023,1155 1074,1159 1125,1163 1176,1170 1227,1177 1278,1185 1329,1194"/>
                <TextEquiv>
                    <Unicode>pfarrer in den Keller hinab getragen.</Unicode>
                </TextEquiv>
            </TextLine>
            <TextLine id="r2l9" custom="readingOrder {index:8;}">
                <Coords points="322,1234 431,1232 600,1293 648,1258 726,1291 814,1234 1115,1280 1263,1276 1295,1239 1121,1177 1080,1203 1025,1161 920,1204 779,1166 683,1205 578,1160 497,1200 402,1157 323,1193"/>
                <Baseline points="330,1223 377,1223 425,1226 473,1227 521,1227 569,1229 617,1230 664,1230 712,1232 760,1233 808,1233 856,1235 904,1237 952,1239 999,1241 1047,1245 1095,1248 1143,1252 1191,1256 1239,1261 1287,1268"/>
                <TextEquiv>
                    <Unicode>Er denselben bey dem Kopf, der</Unicode>
                </TextEquiv>
            </TextLine>
            <TextLine id="r2l10" custom="readingOrder {index:9;}">
                <Coords points="304,1328 745,1319 830,1359 958,1333 1067,1389 1118,1357 1231,1406 1275,1372 1344,1393 1349,1277 1316,1258 1145,1308 1017,1251 718,1293 649,1258 548,1293 407,1227 308,1239"/>
                <Baseline points="312,1302 363,1307 414,1309 465,1313 517,1316 568,1317 619,1320 671,1322 722,1323 773,1325 825,1326 876,1328 927,1329 978,1331 1030,1334 1081,1336 1132,1339 1184,1343 1235,1346 1286,1351 1338,1356"/>
                <TextEquiv>
                    <Unicode>Andere aber bey den k��en gefahret.</Unicode>
                </TextEquiv>
            </TextLine>
            <TextLine id="r2l11" custom="readingOrder {index:10;}">
                <Coords points="302,1396 567,1402 628,1448 783,1425 890,1453 980,1417 1069,1479 1130,1444 1155,1471 1342,1448 1344,1406 1172,1395 1117,1357 1074,1391 1019,1353 937,1382 869,1342 774,1395 555,1316 460,1351 304,1326"/>
                <Baseline points="309,1391 360,1393 411,1396 462,1398 514,1400 565,1403 616,1405 668,1406 719,1409 770,1410 822,1413 873,1415 924,1416 975,1418 1027,1420 1078,1422 1129,1425 1181,1427 1232,1428 1283,1431 1335,1434"/>
                <TextEquiv>
                    <Unicode>und drunden aufech bloch gesezt.</Unicode>
                </TextEquiv>
            </TextLine>
            <TextLine id="r2l12" custom="readingOrder {index:11;}">
                <Coords points="268,1499 694,1528 772,1489 953,1570 1123,1505 1242,1574 1314,1545 1316,1481 1262,1495 1196,1451 1068,1480 795,1425 529,1469 385,1404 270,1438"/>
                <Baseline points="276,1488 327,1490 379,1491 430,1491 482,1493 534,1494 585,1496 637,1497 688,1499 740,1500 792,1502 843,1503 895,1505 946,1506 998,1508 1050,1509 1101,1512 1153,1514 1204,1517 1256,1518 1308,1521"/>
                <TextEquiv>
                    <Unicode>Die geraubten hliten habe er auch</Unicode>
                </TextEquiv>
            </TextLine>
            <TextLine id="r2l13" custom="readingOrder {index:12;}">
                <Coords points="273,1649 468,1632 554,1585 783,1595 914,1649 1001,1603 1152,1610 1197,1649 1332,1626 1333,1573 1241,1576 1143,1511 952,1570 768,1504 553,1567 490,1515 276,1543"/>
                <Baseline points="282,1587 334,1589 386,1590 438,1590 490,1590 542,1590 594,1590 647,1592 699,1592 751,1592 803,1592 855,1593 907,1593 959,1595 1012,1597 1064,1600 1116,1603 1168,1607 1220,1611 1272,1617 1325,1623"/>
                <TextEquiv>
                    <Unicode>gealßen fort tragen und bey der</Unicode>
                </TextEquiv>
            </TextLine>
            <TextLine id="r2l14" custom="readingOrder {index:13;} place {offset:12; length:8;}">
                <Coords points="264,1728 335,1686 553,1730 660,1688 862,1720 957,1686 1203,1770 1340,1719 1342,1649 1086,1604 898,1664 759,1593 669,1635 539,1600 469,1661 430,1629 266,1649"/>
                <Baseline points="273,1682 328,1683 384,1683 440,1685 495,1683 551,1683 607,1683 663,1682 718,1682 774,1682 830,1682 886,1683 941,1685 997,1687 1053,1691 1109,1695 1164,1700 1220,1708 1276,1716 1332,1725"/>
                <TextEquiv>
                    <Unicode>Tstilung zu Klingnau und Loger</Unicode>
                </TextEquiv>
            </TextLine>
            <TextLine id="r2l15" custom="readingOrder {index:14;}">
                <Coords points="262,1780 430,1765 529,1836 679,1782 1125,1791 1322,1844 1352,1720 1197,1772 1027,1699 859,1725 746,1682 585,1748 395,1684 264,1735"/>
                <Baseline points="270,1766 323,1769 377,1772 430,1773 484,1775 537,1775 591,1776 644,1776 698,1778 751,1778 805,1778 859,1779 912,1781 966,1782 1019,1786 1073,1789 1126,1793 1180,1799 1233,1805 1287,1812 1341,1823"/>
                <TextEquiv>
                    <Unicode>für seinen antheil seines trachtens</Unicode>
                </TextEquiv>
            </TextLine>
            <TextLine id="r2l16" custom="readingOrder {index:15;}">
                <Coords points="256,1862 330,1907 445,1859 550,1945 641,1874 758,1944 975,1881 1318,1923 1320,1847 1186,1803 1127,1837 1025,1788 775,1811 732,1783 608,1844 374,1776 257,1805"/>
                <Baseline points="264,1859 316,1865 368,1869 421,1874 473,1876 525,1878 578,1880 630,1880 682,1881 735,1881 787,1881 839,1881 892,1881 944,1881 996,1881 1049,1883 1101,1885 1153,1888 1206,1892 1258,1897 1311,1902"/>
                <TextEquiv>
                    <Unicode>bet 1700 gl in gold- und silber</Unicode>
                </TextEquiv>
            </TextLine>
            <TextLine id="r2l17" custom="readingOrder {index:16;}">
                <Coords points="244,1995 301,1986 365,2026 467,1967 547,1991 583,1971 652,2033 790,2036 816,2024 818,1881 761,1905 642,1873 549,1946 441,1931 381,1896 245,1901"/>
                <Baseline points="252,1968 279,1968 307,1967 335,1967 363,1967 391,1967 419,1967 447,1967 475,1967 503,1967 531,1967 558,1967 586,1968 614,1968 642,1968 670,1970 698,1970 726,1971 754,1972 782,1973 810,1974"/>
                <TextEquiv>
                    <Unicode>horten empfedigen.</Unicode>
                </TextEquiv>
            </TextLine>
            <TextLine id="r2l18" custom="readingOrder {index:17;} person {offset:34; length:1; continued:true;}">
                <Coords points="259,2153 968,2123 1079,2163 1151,2138 1268,2202 1304,2180 1305,2076 1234,2040 1096,2105 916,2040 768,2084 694,2045 490,2060 409,2014 259,2061"/>
                <Baseline points="267,2120 318,2123 370,2124 421,2125 473,2126 524,2126 576,2126 627,2124 679,2124 730,2124 782,2123 834,2123 885,2123 937,2123 988,2123 1040,2124 1091,2126 1143,2127 1194,2130 1246,2134 1298,2139"/>
                <TextEquiv>
                    <Unicode>fudtlich habe er mit einem geliußen</Unicode>
                </TextEquiv>
            </TextLine>
            <TextLine id="r2l19" custom="readingOrder {index:18;} person {offset:0; length:20; continued:true;}">
                <Coords points="248,2232 461,2273 518,2227 785,2257 1056,2229 1176,2286 1319,2245 1148,2140 1039,2143 957,2196 803,2132 470,2164 298,2132 249,2161"/>
                <Baseline points="255,2225 307,2225 360,2225 413,2225 466,2225 519,2225 571,2225 624,2225 677,2225 730,2225 783,2225 835,2225 888,2225 941,2226 994,2226 1047,2228 1099,2229 1152,2231 1205,2234 1258,2235 1311,2240"/>
                <TextEquiv>
                    <Unicode>Miliso p aus Grißgoulo drußein</Unicode>
                </TextEquiv>
            </TextLine>
            <TextLine id="r2l20" custom="readingOrder {index:19;} place {offset:7; length:13;}">
                <Coords points="224,2336 344,2386 504,2321 670,2349 927,2321 996,2377 1058,2331 1146,2378 1216,2324 1328,2319 1328,2283 1049,2290 983,2247 898,2279 826,2233 698,2269 387,2261 342,2294 296,2250 224,2272"/>
                <Baseline points="231,2319 285,2319 339,2319 394,2319 448,2319 503,2321 557,2321 612,2321 666,2322 721,2322 775,2322 829,2324 884,2324 938,2324 993,2324 1047,2325 1102,2325 1156,2325 1211,2324 1265,2324 1320,2322"/>
                <TextEquiv>
                    <Unicode>krich zu Oberrotenburg wegen</Unicode>
                </TextEquiv>
            </TextLine>
            <TextLine id="r2l21" custom="readingOrder {index:20;}">
                <Coords points="239,2413 398,2421 454,2470 579,2417 643,2443 858,2411 1195,2419 1316,2462 1316,2380 1211,2350 1136,2378 1099,2342 996,2377 927,2320 765,2373 715,2343 653,2385 558,2327 344,2386 240,2365"/>
                <Baseline points="246,2406 299,2408 352,2409 405,2411 458,2411 511,2412 564,2412 617,2412 670,2412 723,2412 777,2412 830,2412 883,2412 936,2412 989,2412 1042,2412 1095,2411 1148,2411 1201,2411 1254,2411 1308,2411"/>
                <TextEquiv>
                    <Unicode>eines Spihl, stands eine Unfung</Unicode>
                </TextEquiv>
            </TextLine>
            <TextLine id="r2l22" custom="readingOrder {index:21;}">
                <Coords points="211,2500 322,2509 394,2572 489,2510 643,2500 1064,2540 1238,2511 1324,2551 1324,2490 1194,2419 1115,2456 899,2422 822,2459 600,2433 464,2472 314,2411 212,2477"/>
                <Baseline points="219,2498 273,2500 328,2501 383,2502 438,2502 493,2502 548,2502 603,2502 658,2502 713,2502 768,2502 822,2501 877,2501 932,2502 987,2502 1042,2504 1097,2505 1152,2507 1207,2509 1262,2513 1317,2516"/>
                <TextEquiv>
                    <Unicode>keit gehabt, allda sie mit den mäßern</Unicode>
                </TextEquiv>
            </TextLine>
            <TextLine id="r2l23" custom="readingOrder {index:22;}">
                <Coords points="230,2625 537,2599 597,2638 707,2587 789,2647 844,2603 1091,2582 1315,2623 1314,2565 1206,2516 1141,2551 898,2501 769,2559 698,2535 399,2575 317,2513 228,2512"/>
                <Baseline points="236,2594 289,2595 343,2595 396,2595 450,2594 503,2594 557,2594 610,2592 664,2592 717,2591 771,2589 825,2589 878,2588 932,2586 985,2586 1039,2585 1092,2585 1146,2585 1199,2585 1253,2585 1307,2586"/>
                <TextEquiv>
                    <Unicode>hand gemein worden und einanderen</Unicode>
                </TextEquiv>
            </TextLine>
            <TextLine id="r2l24" custom="readingOrder {index:23;}">
                <Coords points="148,2725 272,2696 434,2726 470,2693 555,2722 602,2689 728,2697 807,2751 1025,2688 1217,2733 1324,2688 1323,2632 1206,2608 1111,2645 1021,2589 788,2647 707,2587 604,2639 327,2599 146,2650"/>
                <Baseline points="155,2700 213,2699 271,2696 329,2694 387,2691 445,2690 503,2687 561,2685 619,2684 677,2682 735,2681 793,2679 851,2679 909,2678 967,2676 1025,2676 1083,2675 1141,2675 1199,2675 1257,2675 1316,2675"/>
                <TextEquiv>
                    <Unicode>verbundt habind, dahero er nit mehr</Unicode>
                </TextEquiv>
            </TextLine>
            <TextLine id="r2l25" custom="readingOrder {index:24;}">
                <Coords points="196,2783 299,2784 358,2842 463,2805 514,2848 551,2847 600,2811 732,2815 732,2724 670,2699 569,2727 513,2698 439,2746 366,2703 334,2723 261,2697 196,2726"/>
                <Baseline points="203,2783 229,2783 255,2781 281,2781 307,2781 333,2781 359,2781 385,2781 411,2781 437,2781 464,2781 490,2781 516,2781 542,2781 568,2781 594,2781 620,2781 646,2781 672,2781 698,2781 725,2781"/>
                <TextEquiv>
                    <Unicode>Dorthin dorffse.</Unicode>
                </TextEquiv>
            </TextLine>
            <TextEquiv>
                <Unicode>Welchem Sie an handen gebunden
gewesen in dem oberen gemachge
halten, alldiebeil die Anderen ui de
Schlüßel zu der Kißen zusuchen hinnn
der gangen,
und endlich hale
er mit dem linder des Herren
pfarrer in den Keller hinab getragen.
Er denselben bey dem Kopf, der
Andere aber bey den k��en gefahret.
und drunden aufech bloch gesezt.
Die geraubten hliten habe er auch
gealßen fort tragen und bey der
Tstilung zu Klingnau und Loger
für seinen antheil seines trachtens
bet 1700 gl in gold- und silber
horten empfedigen.
fudtlich habe er mit einem geliußen
Miliso p aus Grißgoulo drußein
krich zu Oberrotenburg wegen
eines Spihl, stands eine Unfung
keit gehabt, allda sie mit den mäßern
hand gemein worden und einanderen
verbundt habind, dahero er nit mehr
Dorthin dorffse.</Unicode>
            </TextEquiv>
        </TextRegion>
        <TextRegion orientation="0.0" type="heading" id="TextRegion_1687164130001_1488" custom="readingOrder {index:1;} structure {type:heading;}">
            <Coords points="1503,523 2652,523 2652,826 1503,826"/>
            <TextLine id="line_1687164130042_1491" custom="readingOrder {index:0;} place {offset:0; length:5; continued:true;} person {offset:15; length:13;}">
                <Coords points="1615,826 1679,790 1751,826"/>
                <TextEquiv>
                    <Unicode>Gildens. So ward Jodannes Welz,</Unicode>
                </TextEquiv>
            </TextLine>
            <TextLine id="r3l1" custom="readingOrder {index:1;} person {offset:2; length:1; continued:true;}">
                <Coords points="2520,658 2550,661 2564,653 2570,657 2585,655 2598,637 2613,635 2603,562 2587,559 2569,571 2549,566 2538,580 2532,575 2510,577"/>
                <Baseline points="2526,639 2552,635 2578,630 2604,630"/>
                <TextEquiv>
                    <Unicode>97.</Unicode>
                </TextEquiv>
            </TextLine>
            <TextLine id="r3l2" custom="readingOrder {index:2;} person {offset:0; length:6; continued:true;}">
                <Coords points="1676,781 1919,722 2010,744 2066,719 2275,793 2393,730 2590,742 2568,673 2420,693 2162,612 1890,679 1848,649 1679,677"/>
                <Baseline points="1686,714 1730,716 1775,716 1820,717 1865,718 1910,719 1955,720 1999,722 2044,723 2089,725 2134,726 2179,728 2224,729 2269,731 2313,732 2358,732 2403,734 2448,734 2493,735 2538,735 2583,735"/>
                <TextEquiv>
                    <Unicode>Josannes Welzgenant</Unicode>
                </TextEquiv>
            </TextLine>
            <TextLine id="r3l3" custom="readingOrder {index:3;} place {offset:5; length:1; continued:true;}">
                <Coords points="1900,818 1955,839 2005,820 2028,837 2057,818 2083,829 2100,818 2127,818 2139,813 2138,752 2080,761 2066,751 2057,758 2028,738 1989,755 1946,746 1915,770 1899,767"/>
                <Baseline points="1907,815 1932,813 1957,810 1982,810 2007,810 2032,809 2057,809 2082,809 2107,809 2132,810"/>
                <TextEquiv>
                    <Unicode>Rheid.</Unicode>
                </TextEquiv>
            </TextLine>
            <TextEquiv>
                <Unicode>Gildens. So ward Jodannes Welz,&#13;
97.&#13;
Josannes Welzgenant&#13;
Rheid.</Unicode>
            </TextEquiv>
        </TextRegion>
        <TextRegion orientation="0.0" type="paragraph" id="TextRegion_1687164130001_1487" custom="readingOrder {index:2;} structure {type:paragraph;}">
            <Coords points="1503,826 2652,826 2652,3687 1503,3687"/>
            <TextLine id="line_1687164130041_1490" custom="readingOrder {index:0;} place {offset:0; length:5; continued:true;} person {offset:15; length:13;}">
                <Coords points="1557,859 1615,826 1751,826 1869,885 2050,830 2157,868 2216,839 2345,900 2528,847 2631,889 2600,969 2517,935 2357,976 2016,920 1864,964 1555,945"/>
                <Baseline points="1563,914 1618,915 1674,917 1730,918 1785,920 1841,921 1897,921 1953,923 2008,924 2064,925 2120,926 2176,927 2231,929 2287,930 2343,932 2399,935 2454,936 2510,939 2566,942 2622,945"/>
                <TextEquiv>
                    <Unicode>Gildens. So ward Jodannes Welz,</Unicode>
                </TextEquiv>
            </TextLine>
            <TextLine id="r3l5" custom="readingOrder {index:1;}">
                <Coords points="1560,1052 1732,1004 1981,1012 2037,1046 2163,1015 2258,1075 2632,1036 2633,985 2519,935 2458,982 2281,989 2142,936 2034,989 1976,949 1889,987 1563,949"/>
                <Baseline points="1569,999 1621,999 1674,1000 1727,1001 1780,1002 1833,1002 1885,1004 1938,1005 1991,1007 2044,1008 2097,1010 2149,1011 2202,1013 2255,1016 2308,1018 2361,1020 2413,1023 2466,1026 2519,1029 2572,1032 2625,1035"/>
                <TextEquiv>
                    <Unicode>khlich genant, auch durch angelendte</Unicode>
                </TextEquiv>
            </TextLine>
            <TextLine id="r3l6" custom="readingOrder {index:2;}">
                <Coords points="1562,1102 1911,1100 2022,1174 2098,1131 2191,1173 2398,1119 2592,1188 2646,1173 2651,1071 2211,1050 2164,1083 1980,1012 1564,1047"/>
                <Baseline points="1569,1088 1622,1088 1676,1089 1729,1090 1783,1091 1836,1092 1890,1094 1943,1095 1997,1097 2050,1099 2104,1101 2158,1103 2211,1106 2265,1109 2318,1112 2372,1116 2425,1120 2479,1123 2532,1127 2586,1132 2640,1137"/>
                <TextEquiv>
                    <Unicode>Marter bekantlich, daß er mit dilig</Unicode>
                </TextEquiv>
            </TextLine>
            <TextLine id="r3l7" custom="readingOrder {index:3;}">
                <Coords points="1557,1210 1902,1243 2010,1201 2168,1207 2409,1274 2498,1211 2638,1232 2640,1191 2431,1145 2287,1185 2100,1131 2036,1176 1781,1111 1561,1133"/>
                <Baseline points="1566,1169 1619,1172 1672,1176 1725,1179 1779,1182 1832,1185 1885,1188 1938,1191 1992,1194 2045,1196 2098,1199 2151,1200 2205,1203 2258,1205 2311,1207 2364,1209 2418,1211 2471,1213 2524,1215 2577,1217 2631,1218"/>
                <TextEquiv>
                    <Unicode>stich samstags vor dem beschehenen</Unicode>
                </TextEquiv>
            </TextLine>
            <TextLine id="r3l8" custom="readingOrder {index:4;}">
                <Coords points="1563,1285 1645,1332 1803,1340 1975,1282 2045,1340 2146,1302 2291,1354 2387,1306 2612,1321 2645,1250 2502,1225 2406,1275 2077,1256 2034,1218 1567,1218"/>
                <Baseline points="1572,1262 1625,1262 1678,1263 1731,1265 1784,1266 1837,1270 1890,1272 1943,1275 1996,1278 2049,1281 2103,1285 2156,1288 2209,1291 2262,1294 2315,1297 2368,1300 2421,1304 2474,1307 2527,1308 2580,1310 2634,1311"/>
                <TextEquiv>
                    <Unicode>Strngischen einbruch Capelsae von Bade</Unicode>
                </TextEquiv>
            </TextLine>
            <TextLine id="r3l9" custom="readingOrder {index:5;} place {offset:11; length:6;}">
                <Coords points="1575,1375 1801,1437 1983,1366 2095,1423 2220,1380 2297,1419 2362,1384 2584,1417 2641,1395 2644,1297 2499,1364 2418,1308 2263,1355 2057,1348 1945,1300 1818,1348 1725,1309 1649,1336 1577,1295"/>
                <Baseline points="1583,1362 1635,1364 1688,1365 1740,1367 1793,1368 1845,1368 1898,1370 1950,1371 2003,1371 2055,1373 2108,1374 2161,1375 2213,1377 2266,1377 2318,1380 2371,1382 2423,1385 2476,1387 2528,1389 2581,1393 2634,1397"/>
                <TextEquiv>
                    <Unicode>dorthin nach sengen gangen und mit</Unicode>
                </TextEquiv>
            </TextLine>
            <TextLine id="r3l10" custom="readingOrder {index:6;} person {offset:26; length:8;}">
                <Coords points="1575,1511 1685,1453 1845,1522 1958,1459 2223,1466 2361,1512 2498,1472 2617,1502 2619,1409 2523,1443 2463,1390 2320,1421 2133,1389 2095,1421 1980,1367 1805,1438 1752,1400 1578,1400"/>
                <Baseline points="1584,1449 1635,1451 1686,1452 1737,1454 1789,1457 1840,1458 1891,1458 1943,1460 1994,1461 2045,1463 2097,1464 2148,1466 2199,1467 2250,1467 2302,1470 2353,1471 2404,1473 2456,1475 2507,1477 2558,1479 2610,1481"/>
                <TextEquiv>
                    <Unicode>lißt der beschaffenheit des Pfarrhau,</Unicode>
                </TextEquiv>
            </TextLine>
            <TextLine id="r3l11" custom="readingOrder {index:7;}">
                <Coords points="1570,1554 1674,1531 2033,1600 2114,1548 2320,1621 2641,1568 2642,1536 2499,1474 2420,1525 2164,1473 2061,1531 1927,1461 1853,1521 1636,1474 1571,1514"/>
                <Baseline points="1578,1536 1630,1538 1683,1541 1736,1542 1789,1544 1842,1545 1894,1547 1947,1548 2000,1549 2053,1551 2106,1551 2158,1553 2211,1554 2264,1555 2317,1556 2370,1557 2422,1557 2475,1559 2528,1559 2581,1560 2634,1562"/>
                <TextEquiv>
                    <Unicode>ses sich erkundiget und solche ihren</Unicode>
                </TextEquiv>
            </TextLine>
            <TextLine id="r3l12" custom="readingOrder {index:8;}">
                <Coords points="1566,1668 1714,1636 1888,1697 1932,1666 2001,1706 2172,1676 2358,1720 2449,1652 2625,1679 2597,1581 2503,1637 2446,1593 2209,1627 2113,1549 2025,1604 1974,1564 1789,1600 1635,1539 1569,1555"/>
                <Baseline points="1575,1635 1627,1635 1679,1635 1731,1637 1783,1638 1836,1638 1888,1640 1940,1641 1992,1643 2044,1645 2097,1647 2149,1649 2201,1650 2253,1652 2305,1653 2358,1655 2410,1655 2462,1656 2514,1656 2566,1656 2619,1656"/>
                <TextEquiv>
                    <Unicode>Bieben gespahnen hinderbracht unnd</Unicode>
                </TextEquiv>
            </TextLine>
            <TextLine id="r3l13" custom="readingOrder {index:9;}">
                <Coords points="1567,1738 1685,1782 1828,1740 1941,1775 2223,1745 2266,1782 2338,1744 2417,1796 2633,1760 2634,1690 2556,1672 2359,1720 2193,1677 2122,1716 1999,1705 1933,1666 1851,1712 1753,1710 1704,1668 1568,1694"/>
                <Baseline points="1574,1727 1626,1727 1679,1728 1731,1729 1784,1730 1836,1731 1889,1731 1941,1733 1994,1733 2046,1734 2099,1736 2152,1737 2204,1737 2257,1739 2309,1740 2362,1742 2414,1743 2467,1745 2519,1747 2572,1749 2625,1751"/>
                <TextEquiv>
                    <Unicode>also gumkheid in des spastrs Haus</Unicode>
                </TextEquiv>
            </TextLine>
            <TextLine id="r3l14" custom="readingOrder {index:10;}">
                <Coords points="1564,1837 1699,1817 1895,1879 2089,1853 2179,1895 2418,1828 2519,1884 2618,1843 2595,1776 2489,1763 2417,1808 2343,1745 2266,1782 2223,1746 2150,1792 2050,1762 1840,1802 1768,1761 1663,1798 1566,1759"/>
                <Baseline points="1572,1814 1623,1815 1675,1817 1727,1818 1779,1819 1831,1820 1883,1821 1935,1823 1987,1824 2039,1825 2091,1826 2142,1827 2194,1829 2246,1830 2298,1831 2350,1833 2402,1833 2454,1836 2506,1837 2558,1839 2610,1841"/>
                <TextEquiv>
                    <Unicode>dem anschlag beygefaßen, Daß</Unicode>
                </TextEquiv>
            </TextLine>
            <TextLine id="r3l15" custom="readingOrder {index:11;}">
                <Coords points="1564,1926 2067,1920 2141,1989 2329,1919 2572,1947 2658,2006 2663,1892 2599,1918 2394,1854 2184,1896 1991,1856 1901,1895 1831,1850 1719,1886 1642,1833 1567,1842"/>
                <Baseline points="1572,1899 1626,1902 1680,1906 1734,1908 1788,1910 1842,1911 1896,1913 1950,1914 2004,1914 2058,1916 2112,1917 2166,1919 2220,1920 2274,1922 2328,1925 2382,1928 2436,1933 2490,1938 2544,1943 2598,1950 2652,1958"/>
                <TextEquiv>
                    <Unicode>Er auch dem hiever beschriebenen maßen</Unicode>
                </TextEquiv>
            </TextLine>
            <TextLine id="r3l16" custom="readingOrder {index:12;}">
                <Coords points="1566,2026 1710,2005 1830,2053 1923,2010 2067,2079 2335,2024 2611,2029 2613,1970 2575,1951 2322,1960 2275,1924 2139,1990 2000,1918 1814,1958 1707,1950 1662,1903 1570,1929"/>
                <Baseline points="1575,1995 1626,1997 1677,1998 1729,2000 1780,2001 1832,2003 1883,2004 1935,2006 1986,2007 2038,2008 2089,2010 2140,2012 2192,2013 2243,2015 2295,2018 2346,2019 2398,2022 2449,2024 2501,2027 2552,2030 2604,2033"/>
                <TextEquiv>
                    <Unicode>beschehenen nächtlichen laub und</Unicode>
                </TextEquiv>
            </TextLine>
            <TextLine id="r3l17" custom="readingOrder {index:13;}">
                <Coords points="1551,2120 1879,2108 2008,2148 2165,2110 2204,2152 2307,2120 2438,2160 2553,2124 2657,2160 2660,2091 2545,2036 2368,2091 2305,2040 2068,2080 1922,2009 1778,2060 1707,2006 1555,2028"/>
                <Baseline points="1560,2085 1614,2087 1669,2090 1723,2092 1778,2093 1833,2096 1887,2099 1942,2100 1996,2103 2051,2106 2106,2109 2160,2111 2215,2113 2269,2116 2324,2118 2379,2120 2433,2123 2488,2125 2542,2127 2597,2129 2652,2130"/>
                <TextEquiv>
                    <Unicode>reüeln thatin gedachtem pfrund</Unicode>
                </TextEquiv>
            </TextLine>
            <TextLine id="r3l18" custom="readingOrder {index:14;} place {offset:6; length:7;}">
                <Coords points="1552,2187 1732,2221 1858,2184 2013,2250 2080,2196 2320,2212 2463,2266 2582,2216 2585,2162 2387,2130 2223,2175 2164,2111 2052,2169 2017,2142 1959,2170 1879,2107 1732,2141 1683,2099 1555,2126"/>
                <Baseline points="1560,2171 1610,2172 1661,2175 1712,2177 1762,2179 1813,2183 1864,2185 1914,2187 1965,2191 2016,2193 2067,2197 2117,2199 2168,2202 2219,2205 2269,2208 2320,2211 2371,2214 2421,2216 2472,2218 2523,2220 2574,2222"/>
                <TextEquiv>
                    <Unicode>haus zu Serihen beygelorhnt seye.</Unicode>
                </TextEquiv>
            </TextLine>
            <TextLine id="r3l19" custom="readingOrder {index:15;}">
                <Coords points="1563,2269 1751,2272 1864,2327 1953,2282 2057,2294 2113,2352 2273,2294 2438,2313 2488,2358 2632,2313 2635,2256 2593,2233 2514,2283 2435,2252 2394,2277 2323,2213 2243,2242 2060,2215 2013,2250 1854,2185 1767,2225 1661,2189 1566,2226"/>
                <Baseline points="1572,2255 1624,2259 1677,2262 1729,2266 1782,2270 1835,2273 1887,2276 1940,2279 1992,2282 2045,2285 2098,2288 2150,2291 2203,2294 2255,2296 2308,2299 2361,2303 2413,2306 2466,2309 2518,2313 2571,2318 2624,2322"/>
                <TextEquiv>
                    <Unicode>allleo Er bey dieser That nach aufge-</Unicode>
                </TextEquiv>
            </TextLine>
            <TextLine id="r3l20" custom="readingOrder {index:16;}">
                <Coords points="1552,2365 2136,2379 2196,2440 2267,2387 2594,2406 2617,2335 2405,2356 2293,2297 2095,2356 1976,2296 1866,2340 1751,2272 1555,2317"/>
                <Baseline points="1560,2345 1612,2348 1664,2351 1717,2355 1769,2357 1821,2361 1874,2364 1926,2367 1978,2370 2031,2373 2083,2375 2135,2378 2188,2381 2240,2385 2292,2387 2345,2390 2397,2392 2449,2394 2502,2396 2554,2399 2607,2400"/>
                <TextEquiv>
                    <Unicode>brochtrei Keller loch de erste</Unicode>
                </TextEquiv>
            </TextLine>
            <TextLine id="r3l21" custom="readingOrder {index:17;}">
                <Coords points="1493,2482 1624,2442 1684,2505 1796,2478 1932,2518 2016,2468 2191,2460 2273,2519 2448,2473 2571,2551 2627,2525 2630,2459 2492,2392 2344,2428 2252,2400 2195,2440 2142,2383 2085,2421 1975,2376 1498,2383"/>
                <Baseline points="1503,2432 1561,2433 1620,2435 1679,2438 1738,2441 1797,2443 1856,2446 1915,2448 1974,2452 2033,2455 2091,2459 2150,2462 2209,2466 2268,2468 2327,2472 2386,2475 2445,2478 2504,2481 2563,2484 2622,2487"/>
                <TextEquiv>
                    <Unicode>hinfin geschloffen, inlorndig die thuren</Unicode>
                </TextEquiv>
            </TextLine>
            <TextLine id="r3l22" custom="readingOrder {index:18;}">
                <Coords points="1551,2547 1702,2599 1885,2550 2012,2591 2137,2554 2225,2607 2328,2567 2414,2623 2509,2581 2629,2594 2632,2544 2498,2540 2444,2489 2310,2531 2193,2462 2105,2520 2042,2476 1853,2518 1819,2483 1554,2493"/>
                <Baseline points="1560,2520 1613,2525 1666,2528 1719,2531 1772,2535 1825,2538 1878,2540 1931,2543 1984,2546 2037,2549 2091,2552 2144,2555 2197,2556 2250,2559 2303,2562 2356,2565 2409,2569 2462,2571 2515,2574 2568,2577 2622,2582"/>
                <TextEquiv>
                    <Unicode>aufmachen geholffen, droben anfangs it</Unicode>
                </TextEquiv>
            </TextLine>
            <TextLine id="r3l23" custom="readingOrder {index:19;}">
                <Coords points="1539,2657 1770,2626 2185,2648 2231,2683 2482,2645 2610,2697 2614,2632 2485,2586 2431,2628 2290,2564 2228,2607 2095,2562 2038,2601 1889,2551 1743,2601 1544,2567"/>
                <Baseline points="1548,2613 1600,2616 1653,2619 1706,2622 1759,2624 1812,2628 1864,2631 1917,2633 1970,2636 2023,2639 2076,2642 2128,2644 2181,2647 2234,2651 2287,2652 2340,2655 2392,2660 2445,2662 2498,2664 2551,2667 2604,2670"/>
                <TextEquiv>
                    <Unicode>einem wachsnliecht gezundet her</Unicode>
                </TextEquiv>
            </TextLine>
            <TextLine id="r3l24" custom="readingOrder {index:20;}">
                <Coords points="1551,2714 2181,2743 2228,2783 2323,2754 2637,2782 2641,2714 2540,2666 2412,2724 2144,2654 1881,2637 1785,2690 1721,2647 1589,2682 1554,2655"/>
                <Baseline points="1560,2700 1613,2705 1667,2708 1720,2712 1774,2715 1827,2720 1881,2723 1934,2725 1988,2729 2041,2731 2095,2734 2149,2737 2202,2739 2256,2742 2309,2745 2363,2747 2416,2750 2470,2753 2523,2754 2577,2757 2631,2760"/>
                <TextEquiv>
                    <Unicode>nach die fr Predikantin mit gebunden</Unicode>
                </TextEquiv>
            </TextLine>
            <TextLine id="r3l25" custom="readingOrder {index:21;}">
                <Coords points="1542,2801 1612,2801 1669,2855 1888,2809 2097,2851 2159,2823 2579,2844 2533,2781 2416,2764 2258,2800 2185,2744 1990,2766 1853,2725 1772,2781 1624,2707 1546,2730"/>
                <Baseline points="1550,2790 1601,2795 1652,2797 1703,2801 1754,2804 1805,2806 1856,2809 1907,2811 1958,2814 2009,2816 2060,2819 2111,2821 2162,2823 2213,2826 2264,2828 2315,2829 2366,2831 2417,2832 2468,2834 2519,2835 2571,2837"/>
                <TextEquiv>
                    <Unicode>andtn an dem Strik im kaus hin</Unicode>
                </TextEquiv>
            </TextLine>
            <TextLine id="r3l26" custom="readingOrder {index:22;}">
                <Coords points="1538,2930 1665,2880 1847,2913 1942,2889 2096,2938 2152,2912 2232,2976 2281,2931 2589,2935 2632,2892 2582,2856 2487,2895 2273,2823 1981,2872 1882,2813 1669,2854 1544,2804"/>
                <Baseline points="1548,2879 1601,2880 1655,2883 1709,2885 1762,2886 1816,2888 1870,2891 1923,2893 1977,2897 2031,2898 2085,2902 2138,2904 2192,2907 2246,2910 2299,2913 2353,2916 2407,2919 2460,2921 2514,2924 2568,2927 2622,2930"/>
                <TextEquiv>
                    <Unicode>und ser und endlich in den Keller lin</Unicode>
                </TextEquiv>
            </TextLine>
            <TextLine id="r3l27" custom="readingOrder {index:23;}">
                <Coords points="1515,2983 2345,2998 2486,3054 2548,3009 2602,3055 2642,3045 2646,2962 2412,2978 2326,2926 2234,2976 2152,2912 2101,2953 2053,2911 1875,2895 1821,2944 1704,2944 1665,2906 1517,2934"/>
                <Baseline points="1524,2957 1579,2962 1635,2966 1690,2970 1746,2973 1802,2976 1857,2979 1913,2981 1968,2984 2024,2985 2080,2988 2135,2990 2191,2992 2246,2993 2302,2996 2358,2998 2413,3001 2469,3004 2524,3008 2580,3011 2636,3015"/>
                <TextEquiv>
                    <Unicode>hunder geführt, drunden sie auf ein bloch</Unicode>
                </TextEquiv>
            </TextLine>
            <TextLine id="r3l28" custom="readingOrder {index:24;}">
                <Coords points="1531,3084 1577,3114 1675,3074 1990,3068 2379,3131 2451,3096 2548,3164 2649,3112 2652,3054 2546,3009 2488,3053 2454,3022 2357,3048 2269,2999 1837,2980 1534,3014"/>
                <Baseline points="1539,3051 1594,3054 1649,3059 1704,3060 1759,3063 1814,3066 1869,3068 1925,3071 1980,3073 2035,3075 2090,3077 2145,3079 2200,3081 2255,3084 2311,3087 2366,3090 2421,3093 2476,3096 2531,3101 2586,3105 2642,3111"/>
                <TextEquiv>
                    <Unicode>gesezt, und Ehra die Hand undtsis zusa-</Unicode>
                </TextEquiv>
            </TextLine>
            <TextLine id="r3l29" custom="readingOrder {index:25;}">
                <Coords points="1537,3150 1767,3222 1891,3164 1983,3203 2047,3170 2286,3177 2361,3246 2451,3179 2614,3205 2628,3164 2578,3138 2539,3165 2459,3097 2386,3144 2343,3104 2270,3140 2235,3102 2168,3142 2099,3089 1933,3101 1854,3061 1705,3123 1538,3108"/>
                <Baseline points="1545,3137 1598,3143 1652,3147 1706,3151 1759,3153 1813,3156 1867,3159 1920,3161 1974,3164 2028,3165 2082,3167 2135,3168 2189,3170 2243,3171 2296,3173 2350,3176 2404,3178 2457,3181 2511,3185 2565,3189 2619,3194"/>
                <TextEquiv>
                    <Unicode>nen gefeßlet, folgends einen theil</Unicode>
                </TextEquiv>
            </TextLine>
            <TextLine id="r3l30" custom="readingOrder {index:26;}">
                <Coords points="1527,3241 1837,3247 1927,3308 2078,3311 2181,3264 2232,3316 2327,3314 2438,3274 2506,3331 2562,3283 2624,3296 2628,3211 2501,3217 2450,3180 2363,3247 2221,3172 2083,3167 1919,3230 1843,3182 1742,3224 1647,3159 1530,3179"/>
                <Baseline points="1536,3228 1590,3233 1644,3238 1698,3241 1752,3245 1806,3248 1860,3251 1914,3252 1968,3254 2022,3257 2077,3258 2131,3260 2185,3261 2239,3263 2293,3265 2347,3267 2401,3269 2455,3272 2509,3275 2563,3278 2618,3282"/>
                <TextEquiv>
                    <Unicode>des kaubs auch fortgetragen, der Chei-</Unicode>
                </TextEquiv>
            </TextLine>
            <TextLine id="r3l31" custom="readingOrder {index:27;} place {offset:15; length:8;}">
                <Coords points="1503,3378 1691,3399 1780,3341 1902,3396 2030,3350 2225,3393 2306,3358 2614,3370 2559,3307 2389,3337 2239,3323 2172,3272 1927,3308 1834,3246 1674,3301 1584,3255 1506,3302"/>
                <Baseline points="1512,3318 1566,3323 1621,3327 1676,3330 1731,3334 1785,3336 1840,3339 1895,3342 1950,3344 2004,3345 2059,3347 2114,3348 2169,3350 2223,3351 2278,3353 2333,3353 2388,3354 2442,3356 2497,3357 2552,3358 2607,3359"/>
                <TextEquiv>
                    <Unicode>lung deßelben zu Klingnau und</Unicode>
                </TextEquiv>
            </TextLine>
            <TextLine id="r3l32" custom="readingOrder {index:28;}">
                <Coords points="1510,3428 1785,3417 1988,3496 2104,3435 2598,3468 2640,3401 2479,3367 2394,3404 2307,3359 2231,3407 2157,3359 1995,3353 1906,3396 1807,3358 1711,3399 1633,3334 1512,3338"/>
                <Baseline points="1518,3408 1573,3412 1629,3415 1684,3419 1740,3422 1796,3423 1851,3426 1907,3428 1963,3429 2018,3431 2074,3432 2130,3434 2185,3435 2241,3437 2297,3438 2352,3440 2408,3441 2464,3443 2519,3445 2575,3447 2631,3450"/>
                <TextEquiv>
                    <Unicode>logeren sich einbefunden und für seine</Unicode>
                </TextEquiv>
            </TextLine>
            <TextLine id="r3l33" custom="readingOrder {index:29;}">
                <Coords points="1507,3507 1609,3499 1743,3581 2238,3583 2369,3540 2614,3560 2617,3486 2341,3449 2282,3496 2122,3445 1986,3496 1758,3416 1510,3428"/>
                <Baseline points="1515,3491 1569,3497 1624,3503 1678,3509 1733,3512 1788,3516 1842,3519 1897,3522 1951,3525 2006,3526 2061,3528 2115,3530 2170,3531 2224,3533 2279,3534 2334,3536 2388,3537 2443,3540 2497,3542 2552,3546 2607,3549"/>
                <TextEquiv>
                    <Unicode>Doction by 990 gulden in Gold- und</Unicode>
                </TextEquiv>
            </TextLine>
            <TextLine id="r3l34" custom="readingOrder {index:30;}">
                <Coords points="2277,3661 2380,3670 2433,3710 2515,3660 2572,3698 2619,3668 2624,3606 2585,3590 2548,3606 2520,3591 2489,3608 2420,3556 2303,3586 2284,3574"/>
                <Baseline points="2286,3642 2311,3642 2336,3642 2361,3642 2386,3643 2411,3644 2436,3645 2461,3647 2486,3648 2511,3652 2536,3655 2561,3657 2586,3662 2612,3666"/>
                <TextEquiv>
                    <Unicode>silbergelten</Unicode>
                </TextEquiv>
            </TextLine>
            <TextEquiv>
                <Unicode>Gildens. So ward Jodannes Welz,&#13;
khlich genant, auch durch angelendte&#13;
Marter bekantlich, daß er mit dilig&#13;
stich samstags vor dem beschehenen&#13;
Strngischen einbruch Capelsae von Bade&#13;
dorthin nach sengen gangen und mit&#13;
lißt der beschaffenheit des Pfarrhau,&#13;
ses sich erkundiget und solche ihren&#13;
Bieben gespahnen hinderbracht unnd&#13;
also gumkheid in des spastrs Haus&#13;
dem anschlag beygefaßen, Daß&#13;
Er auch dem hiever beschriebenen maßen&#13;
beschehenen nächtlichen laub und&#13;
reüeln thatin gedachtem pfrund&#13;
haus zu Serihen beygelorhnt seye.&#13;
allleo Er bey dieser That nach aufge-&#13;
brochtrei Keller loch de erste&#13;
hinfin geschloffen, inlorndig die thuren&#13;
aufmachen geholffen, droben anfangs it&#13;
einem wachsnliecht gezundet her&#13;
nach die fr Predikantin mit gebunden&#13;
andtn an dem Strik im kaus hin&#13;
und ser und endlich in den Keller lin&#13;
hunder geführt, drunden sie auf ein bloch&#13;
gesezt, und Ehra die Hand undtsis zusa-&#13;
nen gefeßlet, folgends einen theil&#13;
des kaubs auch fortgetragen, der Chei-&#13;
lung deßelben zu Klingnau und&#13;
logeren sich einbefunden und für seine&#13;
Doction by 990 gulden in Gold- und&#13;
silbergelten</Unicode>
            </TextEquiv>
        </TextRegion>
    </Page>
</PcGts>
