3024 4032
253 606 340 700 A
172 2051 261 2164 2
109 3078 176 3196 3.
365 582 1371 715 Wie bereits mehrmahlen geandet worden, daß
340 672 1350 787 in underschiedenlichen fahlen der stimi-
336 725 1338 871 nals zufragenheiten zum theil beringer
322 822 1357 959 oder gar keine vorschrifften in hiesigen statt
307 896 1339 1030 sazungen und ordnungen anzutreffen
305 981 1328 1126 die diß ohrts zu procedieren seyn wolle
304 1067 1349 1173 zu dem End berets eine hoch Oberkeite
304 1142 1337 1273 Commistion verordnet seye. Worüber
299 1219 1316 1370 hochgemelt ihro ans sich erinnen laßen
307 1293 1327 1448 da� ihr mehli über fint und andere
314 1376 1309 1521 Saouo eüleer gutachten abgefaßet, auch
284 1459 1334 1592 selbiges zur abhandlung in bereitschafft
285 1540 1353 1675 haben hiemit fuch melbr fründlich ansch
298 1607 1320 1784 Bollen rubter in schrifft verfaßte gedanken
259 1711 1327 1832 Mugli den räthen vorzubringen, damit
268 1792 1319 1947 selbige Mughi und Oberen Rrund z auch
239 1868 962 2008 vorgetragen werden könnt.
261 2020 1346 2190 Sorst auch Nachs und Ob: R u. B. angebracht
266 2128 1318 2248 worden ob mid gut ware voguug an ein
242 2212 1309 2348 Mardat an alle C und W. Amntz krüht
241 2306 1321 2433 f. Argbuldische statt Frey weibel und amman
254 2385 1312 2526 abgehen zelaßen, daß künfftighin alle die
238 2472 1323 2606 jenigen, so das Eester des fältschen Munzens
245 2549 1316 2689 benig oder viel sich armaßgen wurden, ohne
233 2627 1294 2764 iche gnad am leben gestrafft werden solten
226 2700 1336 2849 welchen anzug hochgedaut idr gein solang
218 2779 1321 2928 verschoben biß da� ihr mehhe en obanzoge
233 2858 1324 3012 über gutachten vor denenselben bordet vor
239 2951 598 3084 tragen könne.
204 3053 1329 3196 Und deme nach ist auch geandet worden, ob nicht au
220 3149 1339 3276 und beßer bäre, daß in das künfftige die vergisten
211 3228 1332 3353 der triminalon persohnen anstat wie sie bißhär
184 3289 1309 3415 verkurzet und nrrtoricl den mißethaken nach
209 3372 1320 3492 frag und antworts beise, wie die scamiha
192 3423 1322 3563 verhandlet worden, Mugt kr und B abgelesen
200 3525 612 3652 werden sollind.
1511 619 1610 744 4.
2547 529 2647 602 63
1633 614 2639 752 und lebstlichen. ob nicht für dergleichen
1618 700 2650 826 mit dem leben begnadete hriminale Per-
1591 764 2623 920 sohnen ein solch ohrt außzusuchen oder sie
1623 853 2643 972 im schallenwerk oder anderwärtig vom
1609 923 2622 1053 anderen und minderen mißethuteren
1619 992 2638 1128 abgesonderet zu halten nöthig seyn wolle
1612 1068 2630 1198 damit ein jeglicher zu einer seinen
1600 1148 2659 1278 krüfften wüßen und begangenschafft ange
1608 1228 2637 1363 mäßenen arbeit angehalten werden.
1604 1315 1831 1437 möchte.
1590 1390 2628 1558 Welche beyd Leußere anzug hochgedacht
1587 1502 2665 1642 meghen und oberen k und B euch mehli
1587 1577 2652 1719 zur überlegung zusenden wollen mit
1599 1655 2673 1796 frundlichem gesinnen darüber eüber
1600 1736 2683 1874 gedanken samt grund und gegen grunde
1582 1817 2672 1954 zu papter bringen ze laßen und mugsin
1571 1889 2668 2034 den r�chten, wolglich auch mügss und obren
1580 1989 2642 2121 R n B neben hievorgesagt wlderen
1581 2077 2648 2215 gutachten vorzutragen, wie ze thun ihr
1554 2146 2360 2286 mehli bestens bu�en berdet.
1565 2257 2664 2413 Actum Corum 200. d. 13. eptbris 1723
