3456 5184
517 959 1706 1129 H. siewude noch mahlen zur Wahrheit und aus
527 1060 1689 1212 nrichtigen bekantnuß bestens angemahnt, erit
526 1148 1676 1286 bechuegen es seye gnugsamm bekannt, daß sie viel
499 1232 1287 1373 mehr von dem gelt genomen habe
502 1317 1630 1532 No. Sie habe  th und nicht d trentessoto
500 1443 1689 1600 empfargen. Als aberd der weybel sie wieder
502 1531 1660 1709 in die gefangenschafft geführt, bekennte sie ihme
495 1628 1680 1794 und hernach muchhen e landtvogt selbsten, daß sa
483 1727 1696 1924 2 th vo dem Hanms Läütenberger empfangen
486 1817 1633 1996 habe. Darauff sie wiedermahler nach der ge
466 1896 1657 2070 fangenschaft geführt worden, da sie dem weien
462 1989 1667 2189 bel und rachwors mluchen rn landtvogt sellsten
451 2084 1620 2281 bekemt. So habe dan dem lnecht hann
442 2177 1638 2397 Kontenberger d 30 solb 2 th und dt dup
439 2285 1655 2453 bekemmen, die dube aber ihme kautenberger
415 2389 1634 2555 Weilen sieselbige nicht begehrt, wiederumb zu
416 2462 710 2612 ruck geben.
395 2560 1631 2811 Diß ist alles war mann von dieser diebin nach
416 2687 1518 2853 vielfaltigem zusprechen vernemmen können.
408 2770 767 2917 nite vorstahl.
678 2916 1067 3072 underschrieben.
975 3025 1673 3199 Landscheiber danpbeld.
367 3120 1623 3293 Dert factum hat die Criminatin bekalnt, da
376 3225 1662 3441 deben nicht dem Hanns Lontomnberger sonder
369 3343 1662 3543 seinem bruder Ulli Sheidegger gegeben zu haben,
479 3449 859 3593 Underschrieben
1010 3506 1492 3684 Ost. Rombech
379 3571 1633 3796 Nach der Confrontation ist es Elrbeth darvon
380 3698 1587 3883 abgestanden und lan nicht wurden, wo es mit
390 3782 1537 3987 der duben hinbammen. Ate 15 danmer 1127
512 3934 899 4078 uderschrieber
1100 3968 1590 4177 M. Lbe
3091 920 3166 1030 1.
2166 981 2838 1125 schreiben von Brendiß
1976 1074 3118 1241 Dn 1leghen schultheyiß und racht abgegangen.
1970 1205 2483 1381 hochgeachte etc.
1962 1371 3206 1564 henach zu vVolg ga sub 25 agno 16ge
1989 1494 3163 1643 daß mamn orfelch schreiben  daß im fahl die
1984 1590 3205 1736 El brth Schuidegger in ihrer bekännt und nach alle
1998 1686 3222 1826 zeit varieren und daß ihrem getorsenem megstes
1999 1767 3191 1919 Ulli lisß beschehenn nächtlichen gelt, diebstahl
1991 1831 3214 2047 halbb sine wuß enschafft nach anteill gehabt habe,
1986 1946 3170 2109 wollte, ich dieses elensch beorders, durch den
1986 2031 3227 2223 erdikanten bestuchen und das hertz durch kräft.
1997 2141 3229 2304 geb zuspaechen führen laßnne solle. nach aller
1978 2223 3230 2406 vläglichkeit statt getahn worden, hat dach solcher
1995 2308 3278 2468 neben dem darauff gehaltenen scharffi aamme
2627 2420 2668 2480 1
1998 2407 3231 2568 bey ihra ein mehrere brkantnuß nicht außzu
1993 2498 3173 2656 wurdem vermogen, als daß sie zu beiden
1981 2581 3279 2771 kachten Ulli unt hannt umb den lutthail ja
1979 2677 3311 2844 cobs earit als sie zusamen geredt, sie mlangelten
1998 2778 3260 2929 gelt auff dem Märit) gesagt habe, er seye viel
1995 2865 3295 3029 gelt in dem ganterli, wann sie wollind, so könne sie
1990 2971 2549 3122 ihnen darzu helffen
2749 2977 3301 3111 aber, daß sie ihnen
2549 2979 2725 3115 1
2011 3071 3269 3231 darzu verholfen oderd die hasen, darunn das
2002 3146 3321 3312 Schlußelin gstin seye, angerüget oder gelt auß dem
1987 3250 3277 3404 Mänterlin gerommen habe, das seye nicht, der Ulli
2007 3365 3297 3520 fuhr ihme darunn indecht, er kane nicht wirder
1975 3452 2521 3608 sein ostaußen teden
1955 3567 3341 3739 Wie nug sier auf ihme Ulli Schack zu genedt, daß
1992 3672 3301 3829 er mit faltscher anklag sein gewißen nnd be
1962 3762 3314 3920 gschwähren und sein stragk vergroßeren wurde etc.
2001 3863 3311 4028 hat er unerschrocken geantwortet. Er dorff sich
2000 3965 3334 4131 dessthalben nichts zu förchten, daß er ihme nir
1988 4062 3309 4227 nricht tuhr, dann war er geredt habe, wide er
1999 4152 3339 4318 nach nlamben Es habe ihne zu diesern diebstahl
2008 4262 3329 4418 veranlaßet, geholffen und zugegriken, wie er
2004 4349 2903 4500 und das seye so wahrd als erd gebe
2921 4403 2981 4464 e
2938 4447 3219 4545 Wie aber
