4032 3024
1012 945 1585 1057 zu vikis Verkaufft gehabt.
1032 1017 2045 1141 Herr Bergeon Marchand Orpheurerie sagdte
1009 1086 1988 1213 Er Wuße wegen Lenge der Zeit sich nit zu er¬
1025 1147 1994 1260 inneren, daß Er diesen Cherix gesechen oder von
1019 1194 2000 1322 Ihme etwas von silbernen sachen gekaufft habe.
1030 1248 1997 1377 Allein deßen erinnere Er sich noch wohl daß
1027 1312 1967 1419 zu der Zeit, da H. Dumoulin Ihme gesagdt
1024 1365 2030 1481 daß Er etwelche silberne sachen von einem Jungen
1021 1415 1980 1541 durch paßierenden Menschen gekaufft Er Ber¬
1014 1471 1973 1582 gion oder seine Frauw eben damahls auch ein
1026 1536 1950 1634 ilbernes flauon ohne Waapen gekaufft
1019 1578 1997 1716 Vüße sich aber nit mehr zu Versinnen von Wei
1022 1643 1588 1743 Sie solches erhandlet haben
1008 1704 1982 1856 Dieses seye also das Jenige so Ihnen hiervon
1031 1790 1977 1901 y wüßen, welches Sie auf begehren E iner
1017 1823 1982 1965 hochen Oberkeit mit guhtem gewußen Eydtlich
1025 1879 1384 1977 bestähtigen können
1022 1935 1965 2073 Nachdeme hierauf der Cherik Wider
1025 2016 1966 2133 hinein beruffen und in Gegenwahrt dieser
1015 2066 1899 2188 beyden Gezeugen befragdt worden, Ob Er
1011 2134 1929 2246 diesere zwey Herren kenne und hievor mehr
1013 2194 1303 2276 gesuchen habe:
1813 2266 1962 2366 Saydte
2156 1242 2232 1367 E.
2176 1475 2241 1589 E
2120 1707 2213 1807 L.
2139 1966 2206 2070 R.
2232 980 3262 1111 Sagdte Er Waß den Einten als den Herren
2242 1060 3236 1148 Dumontin Marchand srapiere betreffe. So
2255 1135 3240 1218 kenne Er denselben und habe Ihn zu Vivis ge¬
2261 1186 3297 1272 dechen; Aber der Andere seye Ihme nit bekant
2259 1250 3277 1339 Ob Er nit dem H. Dumoulin Vor diesem et-
2252 1309 3249 1388 Welche Waaren und zwar Tuch zu einem
2250 1359 3267 1464 Kleidt abgekaufft undt mit frantzohischen
2234 1416 2731 1507 thaleren bezahlt habe
2258 1482 3259 1596 ta: Er habe Tuch zu einem Kleidt von Ihme
2250 1559 3277 1661 gekauft und solches auß dem Jenigen geldt
2234 1618 3262 1722 bezahlt, so Er von seinem Vetteren entlehnt
2242 1708 3252 1812 Ob Er nit damahls nach bezahltem Kleidt
2224 1770 3228 1868 Einen silbernen Löffel und gablen sambt
2238 1832 3279 1924 einem flauon her vorgezogen dem H. Dumoulin
2228 1880 2806 1971 gezeight und Verkaufft habe
2227 1955 3260 2061 Nein: Er habe demselben niemallen der glei
2235 2020 3196 2119 chen sachen weder Gezeigt noch Verkauftn
2210 2125 3231 2235 Alß nun zu Dumoulin hierauf seine ge¬
2214 2197 3241 2286 Thane Außsaag dem Keria under Augen
2213 2249 3205 2355 iderholt, und Ihme vorgehalten, daß Er
3102 2325 3201 2399 Ga
