4032 3024
804 952 883 1034 124
927 1008 1891 1144 er alles bey Ihme gsin, und Ihme helßen
925 1092 1429 1187 wollen die Thur auf thug
923 1165 1869 1286 EEr seye gantz allein und gar niemands bey
922 1257 1125 1328 Ihme Ghm
922 1318 1911 1419 Ob Er sich dann nit mit anderen zu vor under¬
927 1381 1562 1476 vndt gehabt, ehe Er dahin gangen
936 1468 1917 1578 Nein Er habe mit Niemanden dar von geredt
929 1559 1883 1682 Waß Er in dem Keller habe machen vnd thun
918 1643 1089 1715 wollen
911 1702 1583 1814 E. Er habe etwaß wollen nemen
909 1800 1845 1907 L. Ob Er dann gewußt, waß im Keller seye
928 1878 1878 1984 Nein Er habe nit gewußt waß im Keller seye,
920 1961 1831 2090 Ob Er mit schon hievor auch dergleichen mehr
904 2044 1348 2126 probiert? oder gethan
934 2111 1849 2235 Nein Er habe sein lebtag hinvor, dergleichen
901 2181 1311 2277 nichts vorgenommen
926 1045 928 1100 er alles bey Ihme gsin, und Ihme helßen
920 1105 927 1154 wollen die Thur auf thug
872 1157 925 1264 EEr seye gantz allein und gar niemands bey
917 1272 923 1323 Ihme Ghm
837 1319 913 1409 D.
852 1456 892 1533 A
867 1502 916 1568 E.
851 1592 907 1665 E.
871 1701 913 1804 E. Er habe etwaß wollen nemen
874 1803 911 1896 L. Ob Er dann gewußt, waß im Keller seye
891 2071 905 2117 probiert? oder gethan
896 2209 902 2264 nichts vorgenommen
848 1981 909 2087 E
860 2103 914 2204 H
2155 1001 3159 1125 Wie manchmahl Er in diesem Jahr, oder Zeit
2140 1092 3163 1195 dem Bruheling bey Weyermanns hauß gezeh¬
2137 1154 2316 1244 tet habe
2149 1200 3142 1321 Etwann dreymahl, als mit einem Laden
2132 1273 3125 1375 Diener namens Erhardt und einem andere
2118 1336 3144 1430 Knaben hellenberg zum geschlecht, so dißmahl
2132 1385 3166 1491 im Weltschland seye, zweymahl, die aber beyde
2128 1431 3165 1549 mahl fur Ihne bezahlt haben, und dann letzt
2134 1501 3108 1606 derwichenen Sontag das drittemahl mit H.
2124 1558 3101 1680 Schreiber Scheurers und weibel Schars Sohn
2116 1641 3165 1736 Ihngeacht nun dieser Knab in mehrerem befragt
2139 1690 3126 1793 und Ihme alles krefftigen Ernsts zugesprochen
2127 1758 3105 1834 worden, hatt Er doch weder einichen anderen
2117 1814 3082 1915 Diebstahl noch Complices nichts wäßen noch
2121 1890 2650 1983 bekandtlich seyn wollen.
2080 1039 2125 1061 R
2010 1004 2089 1083 125
2051 1052 2133 1143 R
2070 1232 2119 1342 E
