4032 3024
957 991 1922 1122 Beharrete auch im übrigen steiff und Vest¬
956 1077 1955 1180 aß Er Äußert denen dreyen harun bekenn¬
947 1139 1925 1253 ten, keinen Weiteren Diebstahl sein lebtag
944 1194 1862 1304 niemahls begangen, auch Weder Mihhl.
942 1243 1928 1352 denner von Buren im Alten berg, noch Mihhl.
944 1302 1955 1434 Heimblicheren Roht, hen gratiset, Marti Bigler
940 1367 1916 1480 zu allmendigen oder an anderen Ohrten deren
931 1414 1927 1547 Er verdechtig, auch darüber alles Ernsts befragt
941 1471 1930 1589 worden nit eingebrochen sey, noch etwas ent¬
951 1527 1176 1616 wendt habe
935 1592 1903 1701 Nachdeme nun Mrhhl. Examinactor ge¬
936 1656 1930 1746 sechen, daß durch die Guthe auß diesem Stau¬
935 1727 1924 1815 der nichts mehrers zu bringen, hat Ers für
935 1767 1921 1872 bey obigem Examen für dißmahl bewen¬
940 1830 1840 1954 den laßen: elches also Er Gl. s.
2054 1016 2167 1090 113
2171 1047 3223 1172 Weilen nun dem Ansechen nach, dieser
2164 1134 3178 1208 Sauid Stauffer in hievorigem Examen
2170 1207 3150 1292 sein Hertziit völlig geraumbt zuhaben ge¬
2165 1251 3191 1329 schinnen sonderen außforcht der Straaß die
2894 1308 3187 1389 Alß habend
2177 1306 2879 1401 Meiste diebstahl verhalten:
2169 1365 3142 1461 Ihr Gril. durch einen fruschen Befelch
2162 1428 3191 1528 Inm Hhlgen Rahts herren Frisching auf¬
2167 1490 3181 1580 Getragen mit Betrouw- auch würcklicher
2174 1542 3141 1636 Anwendung der Marter nochVerners
2177 1602 3189 1697 en Ihne zusetzen. Welchem zu volg Muhhl.
2171 1653 3190 1746 Examinator Vonstag den 31. Marti sich
2173 1715 3193 1811 widrumb in die Gefangenschaft begeb ver¬
2152 1764 3180 1868 fuegt und in gegenwahrt Er Gnl. dieners
2162 1827 3129 1925 des Hrn Großweibels, wie auch hun Alt
2153 1877 3187 1989 Landtrogten dauids von Buren Ihre Boßt¬
2161 1943 3187 2051 fennigers von Wattenwyl und zu Sam¬
2166 2004 3202 2107 nel Fischers von Reichenbach, E.s Gnl. ernst
2161 2057 3156 2163 liche intention mit gantz beweglichem
2161 2131 2679 2228 zusprechen eröffnet
2134 2176 3147 2265 Es hatt aber dieser Stauser Weder Vor¬
2157 2259 3162 2350 An, noch nach einfach angewendter Marter
2950 2326 3121 2398 anders
