4032 3024
962 951 1001 1065 Ja Es seye wahr, Er habe gesagdt, daß Ers ge¬
995 1081 997 1125 than, Allein sie seyen so streng mit Ihm umb¬
984 1122 995 1181 gangen, und Ihme so scharpf mit der Gefangen¬
978 1180 993 1229 schafft getraunt und zugesetzt, daß Er endt
984 1233 991 1293 lichen gesagdt Ja, Er habe die Brodt genommen
981 1293 990 1329 allein die Müllerin selbsten, nachdeme Sie die
978 1333 989 1385 Brodt gesechen, habe alsobald gesagdt, das seyen
984 1401 988 1440 mit Ihre brodt, Er beruffe sich auch auß Mnstr
975 1441 987 1499 Reihardt den Müller der Johme gemahlen
985 1503 986 1572 und habe Er seine brodt selbsten mahlen laßen
950 1616 984 1677 WWo Er die Opfel har habe, die mann hinder
977 1674 984 1750 Ihme Gefunden
973 1870 984 1931 Märit gekaufft
964 1946 984 2024 huer auff Ward Ihme vorgehalten, daß es Just
977 2012 984 2054 von denen großen Klingker Opfel seyend, so
974 2074 984 2109 des Müller Stacks Frauw im Keller habe,
960 2122 984 2183 dar von Ihra einthuel entwendt worden
962 2183 984 2276 R. Er habe einmahl diese Opfel alhier
918 1749 975 1840 E
998 960 1951 1081 Ja Es seye wahr, Er habe gesagdt, daß Ers ge¬
995 1043 1929 1142 than, Allein sie seyen so streng mit Ihm umb¬
993 1099 1948 1195 gangen, und Ihme so scharpf mit der Gefangen¬
991 1141 1920 1248 schafft getraunt und zugesetzt, daß Er endt
990 1210 1909 1307 lichen gesagdt Ja, Er habe die Brodt genommen
989 1270 1928 1362 allein die Müllerin selbsten, nachdeme Sie die
988 1323 1906 1415 Brodt gesechen, habe alsobald gesagdt, das seyen
987 1380 1895 1477 mit Ihre brodt, Er beruffe sich auch auß Mnstr
986 1439 1912 1526 Reihardt den Müller der Johme gemahlen
985 1495 1900 1597 und habe Er seine brodt selbsten mahlen laßen
984 1592 1951 1714 WWo Er die Opfel har habe, die mann hinder
984 1660 1309 1761 Ihme Gefunden
992 1729 1948 1844 Es seyend ein halb dotzet Wiehnacht kind opfel
987 1809 1897 1904 die Er umb ein halben battz alhier auß dem
984 1861 1310 1939 Märit gekaufft
984 1937 1926 2024 huer auff Ward Ihme vorgehalten, daß es Just
984 2005 1903 2108 von denen großen Klingker Opfel seyend, so
984 2051 1866 2160 des Müller Stacks Frauw im Keller habe,
984 2112 1791 2214 dar von Ihra einthuel entwendt worden
984 2173 1797 2290 R. Er habe einmahl diese Opfel alhier
1616 2262 1753 2348 auß
2102 1150 2206 1242 D
2132 1402 2185 1503 E
2112 2022 2196 2128 H
2129 2246 2189 2368 E.
2192 983 2827 1101 Aus dem Märit gekaufft
2225 1128 3189 1226 Wo Er das fleisch bekomen, dar von mann
2208 1190 3190 1280 noch etwas Wenigs in Einer Kachlen, sambt
2202 1243 3193 1338 einem Geißmathl und vielen beinen vndt
2201 1298 3021 1401 Knochen hinder Ihme gefunden habe
2225 1388 3229 1512 Er habe vor dem Heil. Tag alhier auf dem
2212 1476 3229 1569 Weiber marit Vmb ein Rupstücki gemahrtet
2201 1540 3198 1632 Da sage eine frauw die allernechst darbey
2193 1595 3181 1697 gestanden zu Ihm, Er solle Jhra das geiß
2204 1661 3213 1757 kleisch so sie da habe, abkaufen darauf habe
2207 1722 3198 1814 ers gekaufft, sambt dem Maal so mann hin¬
2198 1777 2624 1873 der Ihme gefunden
2210 1851 3208 1971 Ob dieses nit fleisch gsin sey von Einer Geiß
2219 1938 3156 2030 o auct der Neuwenbrugg gestohlen worden
2225 1991 2581 2047 densten bey Wangen
2214 2014 3235 2116 Er Muße von keiner Geiß mit so gestohlen worden
2219 2121 3222 2223 Ob Er mit dem H. Stettler eine dahlen vmb¬
2204 2188 2694 2277 ghannen und genomen?
2211 2258 3184 2371 Nein Er habe es nit gethan, wohl habe Er als
2972 2350 3066 2427 Er
2126 954 2190 1014 69
