4032 3024
695 1798 837 1853 und tei
701 1836 796 1912 weib
900 1073 1884 1196 und erschiedelichen farben gewesen, als schwar
884 1146 1909 1250 tzes, Brauns und anders, und zwar auff hin¬
898 1204 1742 1310 mahl, in Ihr hauß zu Buren gebracht.
881 1270 1891 1368 Nachwehrts habe auch sein Pfeuttis weib, zur
878 1326 1882 1432 Zeit als sie zu Buetzwyl gewohnet auch lei¬
892 1397 1849 1498 nigs tuch ohngefehrt bey 13. Ellen Jhra zu
886 1438 1311 1533 Verkaußen gebracht.
877 1506 1885 1615 Sie Kocherin hab Ihra zwar wohl ein gebildet
877 1578 1863 1676 daß der Pfenti dieses such gestohlen, habe aber
874 1637 1899 1727 nit gewußt, daß Er solches im Stättlin genommen
881 1694 1872 1796 ferners habe sie dem Pfeutti auch gewächs
875 1755 1892 1852 taden, frinigs Auch und der gleichen sachen so Er
881 1806 1669 1902 Thraaltwegen zugebracht, verkaufft.
875 1862 1860 1971 für diese zugebrachte sachen nun habe sie Ihme
868 1932 1864 2031 Pfeutti und seinem Weib alleZeit geldt brodt
881 1975 1179 2067 und Köß geben
870 2041 1837 2138 Über dieses hielte sie Ihme Pfnutt; vor daß
863 2098 1717 2186 Er im wührtshauß zu Reiben gewächs
878 2147 1687 2242 tem in Einem Hauß zu Stad; Späck¬
871 2207 1673 2302 zu Oberwyl ein Rübel mit ancken
877 2262 1840 2379 zu butzwyl auß einem Trog Reistigstuch
863 2321 1327 2416 Zwilchen und faaden.
1687 2389 1776 2475 In
763 1032 849 1094 326
1983 1075 2096 1176 327
2102 1113 3052 1228 In Baunren Annit Keller Einfläschen mit
2102 1184 2548 1266 Wein entwendt habe
2069 1231 3103 1334 Denne so habe des Peuttis Frauw ihre Kocherin
2103 1320 3027 1405 Gesagdt der Landtrogt zu Schwartzenburg
2954 1368 2985 1401 3
2092 1370 3026 1448 habe über 100 Rähen im Keller und seyen
2105 1417 3042 1508 drey thuren so darein gehen ihr Mann seye
2109 1469 3069 1567 in auf und wolle eine Burde hinabbringen
2102 1539 3072 1605 allen, Wie sie vernommen, so habe der anschlag
2094 1594 2253 1683 gefühlt
2089 1632 3064 1753 Ferners hab der Peutz selbst ihrem Knaben
2099 1702 3036 1781 einto im vorbey gehen ein Somerhaußlin
2099 1745 3040 1859 bym Brembgardten gezeigt und gesagdt daß
2090 1790 3004 1903 Er auß diesem Häußlin 4: leiben brodt ge¬
2092 1874 2245 1937 nommen
2089 1886 3060 2024 So klage Ihn auch der Kocher Jaggi an daß Er
2089 1984 2613 2077 Ihme in Keller gebrochen
2089 2023 3079 2135 Ob wohlen nun alle diese verbrechen und dies¬
2092 2073 3036 2196 stahl Ihme Pfeuti under Mundts vorgehalten
2085 2130 3066 2238 selbiger auch von MrH. Examinatoren alles
2082 2185 3066 2296 krefftigen Ernsts auch mit Betröuntung der Mar¬
2090 2243 3070 2361 ter vermahnt worden, die Wahrheit zu bekennen
2066 2288 3065 2411 so hat dennoch derselbe in der Guete zu keiner
