4032 3024
801 971 932 1043 E. Was Er zu dem Jenigen bericht sage, so Mughhl.
864 1384 928 1498 2.
882 1656 930 1728 2
867 1758 920 1853 2
922 1622 930 1667 Lebenlang nne gehabt.
932 966 1922 1074 E. Was Er zu dem Jenigen bericht sage, so Mughhl.
949 1023 1908 1105 begen des bewussten Pögelis überschriben
930 1668 935 1711 2
965 1071 1912 1161 werden dann Einmahl habe er in seiner
946 1120 1908 1214 vorigen verantwortung darüber die¬
949 1176 1924 1257 dahrheit gar nicht angezeigt uiterist
949 1228 1908 1322 lichem ermahnen auff dißmahlen die Bahrheit
949 1277 1920 1360 hervorzugeben, vidrigen fahls man zu schärp¬
966 1347 1529 1430 teren Mittlen schreitten werde
960 1395 1933 1459 Erwuße hierüber ganz und gar mit anzuzeigen
942 1442 1926 1531 könne auch mit anders gedeuken, alß daß ein
952 1500 1922 1564 anderer seinen Nahmen müße misbraucht haben,
941 1546 1911 1625 dan dergleichen Vogel habe Er einmahl sein
930 1600 1486 1694 Lebenlang nne gehabt.
958 1648 1899 1753 ob Er dan nit dem Rodalf Roht eine solche sach¬
938 1712 1746 1788 für eine allrannen verkaufft
946 1757 1900 1863 war den Roht anlanget, so seye wahr daß Er
946 1816 1857 1908 ihme eine breite Dagerich durzen für eine
943 1858 1932 1957 Arannen Verkaufft, darfür Er ihme 30. R. geben
934 1920 1911 1998 welche Er mit dem Jungen gsellen so den Roth¬
934 1972 1866 2075 zu ihme gebracht getheilt, also daß ihme
935 2037 1654 2128 15. V. für seinen Antheil worden
934 2100 1922 2196 ohngeacht darüber hin Mehhln die Examira¬
947 2157 1918 2240 tones disem Raber alles krafftigen sonsts
944 2226 1938 2304 zugesprochen, so hat dennoch derselbe ein mehrers
937 2255 1920 2335 alß angezeigt, begangen zehaben nicht bekant¬
945 2324 1290 2399 lich seyn wollen.
2214 988 2790 1101 Alrich Müller
2009 1007 2110 1090 191
2060 1701 2115 1804 2
2041 1883 2104 1985 3
2087 1045 3123 1191 Von Rohtenbach seines alters ohn¬
2116 1125 3115 1249 gefehrd zwuschen 45. und 50. Jahren
2094 1230 3137 1350 Nachdeme selbiger den 9. Januarij letst.
2125 1301 3133 1411 hin durch Mehhl. die Bermlichere mit
2132 1364 3109 1465 Zuthun Morhl. Großweibel Wur¬
2127 1429 3028 1545 steinbergers Eonstwortiglichen
2127 1497 2996 1593 examinirt worden, hatselbiger
2133 1545 3160 1665 eeiner Ersten Vergicht folgende betante
2125 1639 2464 1724 nuß gethan
2145 1661 3150 1802 Ob. Er nit vor etwelchen Jahren ein Zuger
2138 1745 3141 1832 halb Bazen stempfel gemacht, und
2132 1812 3090 1910 selbigen dem Castar Buechler geben
2138 1863 2946 1979 Er wolle die Dahrheit anzeigen
2119 1919 3103 2043 Tagen Sie sich die Sach zugetragen; Es
2118 1986 3167 2121 habe der Ersparsduchter vor ohngefehrd
2138 2055 3102 2197 14. Jahren ihme Ein Rahr zuschiffen
2136 2111 3096 2245 und zu schneggen gebracht, derselbe
2115 2186 3058 2316 habe Ihn umb einen halb bahr
2117 2235 3099 2367 Steunfel ersucht, da habe Er ihme
2132 2317 3096 2428 Einen Zugen halb bazen Steinffel
2980 2379 3110 2470 ge¬
