4032 3024
887 1018 982 1117 E. Ob Es mit vormahls in seiner Gefängcklichen
917 1108 937 1180 Enthaltung zu Trachßelwald vorgeben, daß
888 1763 939 1871 2
925 1227 934 1271 schen dicias kramer zu gehöre, nachwehrts
928 1262 934 1308 aber solches einem Bürger von Aranit zuge¬
914 1305 936 1377 Eignet
887 1371 937 1457 R. Ja, es habe zu Trachßelwald vorgeben
889 1862 947 1962 E.
936 1499 939 1553 schwänger seye, Aber das Kindt seinem Bürger
929 1555 940 1601 von Arant zugehördt und derselbe seye des
916 1606 941 1660 Kindts Vatter gsin; 4 so aber nun mehr gestorben
872 1648 943 1757 D. Ob Es dann mit dem Zuricher mit zuschaffen
933 1734 944 1802 gehabt:
896 1999 949 2092 2
941 1951 948 1993 Orth das Kindt getaufft worden
942 2072 951 2113 Kindt bettherin worden, auch das Kindt daselbst
944 2112 952 2170 getaufft, hernach aber als selbiges im Hasel
935 2173 953 2218 gebieth gestorben, zu St. Margrethen Aß erthalb
943 2214 954 2271 Hasell begraben worden
938 1013 1944 1119 E. Ob Es mit vormahls in seiner Gefängcklichen
931 1085 1945 1178 Enthaltung zu Trachßelwald vorgeben, daß
935 1141 1945 1240 es schwänger seÿe, und das Kindt einem Zurichi¬
933 1208 1929 1290 schen dicias kramer zu gehöre, nachwehrts
933 1251 1931 1346 aber solches einem Bürger von Aranit zuge¬
934 1305 1060 1396 Eignet
936 1359 1890 1476 R. Ja, es habe zu Trachßelwald vorgeben
946 1857 966 1948 E.
944 1441 1934 1530 daß es von einem siriax Prämer von Zusich
938 1490 1921 1576 schwänger seye, Aber das Kindt seinem Bürger
939 1552 1920 1619 von Arant zugehördt und derselbe seye des
940 1590 1914 1681 Kindts Vatter gsin; 4 so aber nun mehr gestorben
941 1650 1920 1763 D. Ob Es dann mit dem Zuricher mit zuschaffen
948 1999 953 2038 2
943 1715 1093 1803 gehabt:
973 1781 1117 1866 Nein
971 1871 1920 1974 Wo es Kindts iiderkommen und an welchem
947 1933 1594 2015 Orth das Kindt getaufft worden
959 1991 1885 2089 zu birmistorf im Badner Gebieth seye es
950 2057 1909 2137 Kindt bettherin worden, auch das Kindt daselbst
951 2112 1888 2193 getaufft, hernach aber als selbiges im Hasel
952 2154 1940 2256 gebieth gestorben, zu St. Margrethen Aß erthalb
953 2209 1455 2294 Hasell begraben worden
1685 2268 1738 2363 2.
2051 1000 2171 1088 Js Lientenant 2schiffel zündtlich vergeßen
2178 1121 2180 1138 Er seye aber noch unverhenrahtet gsin
2160 982 3150 1086 Js Lientenant 2schiffel zündtlich vergeßen
2178 1053 2976 1146 Er seye aber noch unverhenrahtet gsin
2198 1124 3193 1234 Ob Es auch mit daniel Seelmatter von Lan¬
2196 1906 2203 1986 R
2190 1193 3150 1286 genthal unzucht getrieben, zu welcher Zeit
2200 1254 2849 1349 vnd wo solches geschechen seye.
2192 1317 3193 1431 Am Letsten Hertzogen buchser Marit, habe
2193 1382 3189 1465 es mit diesem damel Seelmatter Vßert
2191 1441 3180 1532 dem Dors hertzogen Buchsen die That began
2191 1509 2935 1598 gen, selbiger seye auch noch ledig
2200 1578 3172 1671 Ob Es mit mit Anthon Schäubl, so eine
2193 1622 3201 1720 halb stund Weit von Reiserstuhl gebührtig tnd
2193 1691 3178 1782 mit strahlen handlet, und erschideliche mahl
2193 1744 3199 1845 umbhergezogen und mit Ihm ungebührlich
2194 1808 2452 1910 zugehalten:
2204 1846 3170 1985 Ja, Es seye mit diesem Schaubli Vmher ge¬
2197 1932 3226 2029 zogen, und mit Ihme ungebührlich zugehalten
2199 1979 3229 2074 der Ihns auch ohnlengsten zu Thim quittiert
2199 2035 3208 2144 und wüße auch mit anders Weder daß es
2200 2094 3123 2202 diß mahlen von Ihme schwänger seye
2201 2172 3225 2288 Ob Es nit im Wihrtshauß zu Gutzberg mit
2202 2239 3204 2355 Christen kuentz von Watteniyl auch vn¬
2204 2303 2650 2394 Zucht Verubt habe?
3002 2315 3115 2424 d
2092 1184 2171 1260 E
2178 1138 2180 1141 Er seye aber noch unverhenrahtet gsin
2116 1891 2197 2001 R
2185 1370 2192 1414 Am Letsten Hertzogen buchser Marit, habe
2181 1466 2192 1517 dem Dors hertzogen Buchsen die That began
2191 1526 2191 1544 gen, selbiger seye auch noch ledig
2192 1728 2193 1769 mit strahlen handlet, und erschideliche mahl
2178 1777 2194 1820 umbhergezogen und mit Ihm ungebührlich
2175 1815 2196 1912 zugehalten:
2190 1968 2198 2030 zogen, und mit Ihme ungebührlich zugehalten
2197 2076 2199 2125 und wüße auch mit anders Weder daß es
2194 2148 2201 2203 diß mahlen von Ihme schwänger seye
2187 2239 2202 2266 Ob Es nit im Wihrtshauß zu Gutzberg mit
2202 2267 2202 2287 Christen kuentz von Watteniyl auch vn¬
