4032 3024
1054 922 1994 1065 Zusprechen ihme eröffnet: Nachwehrts
1051 1011 1958 1118 die zwey kauffleuthe von Viis befragdt.
1040 1075 1998 1169 Ob dieser herix Ihnen bekanndt und Ob
1043 1136 1990 1225 Er der Jenige seyt, so Ihnen vor etwelchen
1046 1174 1992 1288 Jahren silberne placions wie auch Köffel
1044 1233 1790 1329 und gablen o Zukauffen gegeben?
1021 1301 2004 1446 Worauf zu Dumoulin, nach Besichtigung
1033 1385 1989 1493 des herik außgesagdt, daß es gradeben
1033 1438 1975 1549 dieser Kerl seye, welcher vor ohngefehrdt
1021 1478 1987 1596 12: oder 13. Jahren in seiner Boutique
1034 1551 1970 1660 zuwesen, von Ihme Tuch zu einem fleidt
1024 1599 1995 1722 gekaufft und solches mit frantzosischen Thale
1034 1664 2011 1772 ren bezahlt habe; und nachdeme Er Dumon¬
1028 1707 1980 1824 lin das Geldt empfangen habe dieser Kerl
1021 1774 1936 1877 ein silbernes flacon, etwas Lenger als
1026 1825 1981 1933 einfinger, sambt einem Löffel und einer
1022 1868 1976 1988 hablen mit 4. Zunggen hervor gezogen vnd
1018 1934 1967 2071 gezeigt, so Er Ihme abgekaufft. Auff dem
1009 1973 1964 2097 Loffel und Gablen wäre grad eben das
1018 2050 1959 2168 Waapen Grauiert Wie auf der zugegen
989 2101 1960 2218 Ligenden gablen, und seye selbige gablen
1723 2217 1936 2310 dieseren
2166 944 2208 1013 29
2252 967 3272 1099 diederen durch auß gantz gleich gsig. Das
2249 1078 3280 1143 Qlauon aber habe kein Waapen, sonderen
2254 1137 3292 1214 etwann 4: oder 5. Zeichen gehabt; Als uun
2248 1167 3288 1275 Er Dumoulin Etliche Tag hernach ohngefehrdt
2251 1223 3220 1338 zu zey Bergeon dem Goldtschundt komen
2244 1287 3270 1373 habe Er in deßelben krämlin ein gantz glei
2254 1359 3236 1445 hes flacon gesuchen Wie das Jenige so E.
2261 1402 3234 1508 von diesem Kerl gekaufft, da habe Er zu
2250 1469 3242 1566 Hry Bergeon gesagdt: Er werde Gewuß
2242 1517 3273 1617 dieses fläschlin von einem Jungen Kerlton
2232 1587 3219 1695 Bex gekauft haben, so dieser Tagen hier
2254 1643 3219 1756 durch passiert, selbiger habe Ihme auch
2242 1700 3264 1807 ein gleiches verkauft: Worauf Hr Ber
2243 1762 3268 1863 geon gesagdt Ja. Er habe solches von einem
2239 1839 3253 1927 Jungen menschen erhandlet. Damahls
2243 1883 3244 1967 habe Er Dumoulin diesen Cheriz mit Na¬
2255 1944 3253 2045 men nit gekannt aber auffschreiben hen
2243 1994 3243 2114 Magran sel. habe Er Ihme nachgeforschet
2252 2070 3261 2172 und Folgends zu Bex gelehrt kennen, Ihne
2240 2116 3262 2228 auch zu zweyen mahlen in Wallis ange¬
2240 2193 3258 2295 troffen, da Er eben das Jenige fleidt ange¬
2235 2247 3262 2359 habt, so Er Ihme hievor in seiner boutique
3052 2329 3192 2426 zu ec
