4032 3024
1117 1000 1258 1086 9tes
1274 1046 1517 1118 Hamen
1063 1100 1818 1234 mit Anna Gavet verrichtet
1098 1177 1691 1313 Den 47. Juli 1713.
806 995 876 1079 288
920 1248 1903 1396 hat M. Hh. Ganiherr Lerber zu Volg Ober
912 1317 1858 1444 keitlichen befelchs de i5. dito mit zu ziech
916 1377 1874 1493 ung Ihr Gnl. dieneren Herren Großwei¬
917 1439 1863 1556 els Imhooff und Grichtschreiber Wytten
899 1500 1890 1605 bacht die in der Gefangenschafft enthalten
898 1553 1845 1670 Anna Gavet außem Wistelach Wegen
905 1616 1816 1717 und erschiedelichen Verdächtigen diebstahlen
900 1671 1853 1765 sonderlichen Jenigent, so vor etwas Zeits
889 1728 1868 1831 M. hochgeEhrten Frauw Rahtsherrin Englern
887 1800 1830 1886 geschechen mit vorhergangener ernstlichen
893 1849 1519 1927 Ermahnung Examiniert.
893 1903 1885 2013 Da dann selbige Ihre harkunft auser Zeuch
893 1954 1603 2047 ung und Wandel also vorgeben
898 2017 1869 2110 Sie heiße Anna Jauet, Ihr Vatter seyr ein
887 2071 1849 2155 Schiffmann an der Matten im Wistelach gsin,
884 2121 1828 2215 und seye ertruncken, ehe sie an die weldt
880 2175 1810 2280 komen, nach deßen Todt, habe Ihre Mutter
886 2233 1818 2331 Zweilling gebohren dar von Sie eines gewesen
886 2285 1771 2398 acht tag nach Ihrer gebührt seye auch die
1600 2374 1778 2440 Muter
1989 1059 2058 1173 289
2093 1112 3124 1220 Muter gestorben, deß wegen die Herren von Murten
2716 1182 2849 1240 folgende
2103 1182 3094 1284 Sie auferziechen laßen und zu einem Schney¬
2102 1258 3078 1336 der verdinget, bey deme Sie das handtwerck
2083 1295 3044 1390 Erlehrnet, und 6. Jahrlang gearbeitet auch
2101 1344 3062 1415 nachwehrts als sie er wachßen an Eint und an
2090 1402 3041 1489 deren Ohrten zu Murten gedienet, vor ohnge¬
2080 1457 3114 1546 fehrt 18. Jahren habe Sie sich mit einem prose
2095 1504 3108 1603 tyten von Sollothurn Namens Josepn Wilhelm
2086 1559 3078 1665 Schneyder verheurahtet bey deme Sie zwey
2080 1619 3107 1722 Kinder gezeuget und 4. Jahrlang mit Ihme
2111 1670 3087 1773 in der Ehe gelebt, nach deßen Todt sie sich 9. Jahr
2092 1724 3072 1821 lang zu Murten aufgehalten und auf Ihrem
2093 1787 3060 1868 andtwerckgearbeitet, von dannen sich alhor¬
2096 1849 3072 1927 begeben, und zu erst in des Sigristen Ertenholtzen
2102 1916 3039 1996 hauß Ein Jahrlang, hernach bey der Er anns
2093 1955 3030 2053 ugenetten 5. Jahr lang gewohnet in dieser
2098 2001 3084 2114 Zeit habe sie in Vieler herren und Bürgers hauße
2087 2057 3044 2170 ren gearbeitet. Als in Ihr Landtrogten Von
2089 2125 3075 2230 Bonstettens von Gottstatt hauß alhier in der
2099 2201 3092 2282 Statt 5: Wuchen lang, in Ihren Rahtsherr Stei¬
2097 2241 3030 2333 Hers, H. Rahtsherren Rohts, H. Seckelschreiber
2090 2317 2999 2400 und diß mahligen H. Landtrogt Jenners, H.
2901 2370 3084 2463 Schaffner
