4032 3024
869 1285 912 1367 2
839 1483 906 1612 2
930 1879 931 1935 Er gesechen, daß der baßler In dem
922 2336 927 2402 ob Er mit demselben nit viel Gem
863 2271 907 2339 2
787 940 1932 1088 V R. Er seye gewüßlich auß keiner andern
960 1037 1919 1136 uhrsach alß wegen der Burzen zu ihme
944 1080 1925 1178 kommen und habend miteinanderen
953 1156 1926 1228 von nichts anders alß diser Burzen
945 1211 1925 1316 geredt, wo selbige zubekommen sey möchte,
962 1272 1921 1399 darumb dan der Saßler allezeit ein
959 1350 1895 1464 chwär sähleisen mit ihme gebracht,
939 1420 1909 1531 ob Er ihme Müller etwan gelt geben.
938 1484 1902 1598 Er vuße mit von dem Pahleisen auch
934 1571 1846 1673 habe der daßler Ihme Niemahlen
934 1635 1923 1738 kein gelt geben äußert einem halben
945 1699 1888 1794 gulden seinen Kinden, daß Er ihme
939 1765 1896 1880 habe das Roß gefuteret. Wohl habe
930 1828 1914 1954 Er gesechen, daß der baßler In dem
941 1917 1912 2006 Virtschauß in der Suderen dem
944 1987 1906 2076 Andres Zimmermann eine duplonen
936 2059 1893 2168 in gelt geben, ermelter Andreß, die
943 2129 1900 2219 auch Melcher Gfeller seyen einsmahls
942 2187 1924 2288 mit dem daßler hinab nach dasel gereisen
950 2259 1899 2372 Sie es mit dem Ull Sigethaler bewant
926 2323 1783 2424 ob Er mit demselben nit viel Gem
1777 2377 1923 2465 schafft
2119 995 3130 1102 schafft gehabt, Maßen Er deßen beklagt
2127 1671 2139 1732 2
2137 1086 2250 1146 seye
2160 1110 3140 1233 Er habe von dem All Sigethaler diser Sach
2145 1178 3117 1292 segen Niemahlen das geringste weder
2124 1245 3132 1343 gesechen noch gehört auch sein Lebtag¬
2132 1304 3118 1398 nichts bösen von ihme Vernomen er¬
2123 1358 3043 1482 melter Sigethaler seye zweymahl zei
2125 1406 3138 1550 Gtatter ghin, von denen Inderoberen Ey
2133 1489 3127 1602 habe Er zwar wohl gehört aber Niemah
2133 1567 2674 1660 len nichts gesechen.
2136 1584 3061 1753 Wie die Jeigen In der Oberen Ey
2133 1654 3121 1799 heißen von denen Er dergleichen sachen
2129 1775 2348 1867 gehört.
2139 1813 3038 1937 Ee habe gehört vom Ull Wenger sage
2130 1875 3112 2001 Item vom Zeitmacher, so zwuschen Trus
2133 1934 3163 2074 und Langnan Sohne, daß Sie geltmachen.
2132 2011 3103 2141 2 Ob nit ein gewüßer Nachtmeister be
2142 2082 3123 2196 chum umbherwohee der auch mit denen
2134 2151 2609 2238 Burzen umbgehe
2143 2203 3049 2306 Er habe von Einem von Anhaltingen
2135 2246 3111 2367 gehört der Stud Birsch heiße, so mit
2146 2341 2597 2442 durzen vmbgehe¬
2021 1013 2087 1097 211
2085 1004 2120 1103 schafft gehabt, Maßen Er deßen beklagt
2056 1660 2128 1739 2
2055 1851 2108 1928 2
2051 2204 2123 2316 2
2122 1388 2124 1447 melter Sigethaler seye zweymahl zei
2109 1481 2125 1547 Gtatter ghin, von denen Inderoberen Ey
2127 1808 2129 1866 gehört.
2117 1912 2131 2003 Item vom Zeitmacher, so zwuschen Trus
2066 2052 2133 2124 2 Ob nit ein gewüßer Nachtmeister be
2133 2198 2134 2237 Burzen umbgehe
2132 2319 2136 2368 gehört der Stud Birsch heiße, so mit
2048 1133 2107 1250 2.
