4032 3024
936 1534 1013 1661 2
1028 1050 1028 1065 nach seiner Viderkunfft nach Ihme forschen
931 1720 1006 1840 R.
1013 1138 1027 1209 Begeben
1017 1203 1026 1277 Er habe sich nicht darvon gemacht, daß Er einichen
936 1927 1002 2031 E.
1021 1308 1024 1363 sondernn von wegen einer Schlägerey; Dann
1009 1366 1023 1432 Er dem pierre Rany solle einen gefährlichen
1016 1409 1022 1470 streich gegeben haben, und als mann Ihne
1018 1590 1019 1632 Ob Er nit in Wallis mit Einem anderen Na¬
1012 1732 1017 1818 Mein Er habe sich daselbsten alleZeit
1015 1851 1015 1858 mit seinem Rechten Namen Hypolitte Cherin
1008 2021 1012 2054 als mann Ihne aufgesucht sich des Landts
1003 2073 1011 2128 geäußeret und sich nach 58. Mauritzn begeben.
917 2132 1010 2239 R. Weilen Er in Brautzozischen Diensten außge¬
942 958 1027 1065 R
944 1186 1022 1292 H.
1046 951 2035 1072 Auß Waß Ursachen Er Alß der H. Gubernator
1028 1011 1975 1138 nach seiner Viderkunfft nach Ihme forschen
1028 1066 2005 1188 laßen, sich Vorth gemacht und ins Wallis land
1026 1124 1158 1209 Begeben
1024 1203 2024 1305 Er habe sich nicht darvon gemacht, daß Er einichen
1027 1240 1988 1357 gericht des 2 Sturlers nachsetzen halben gehabt
1023 1291 1994 1416 sondernn von wegen einer Schlägerey; Dann
1022 1355 1997 1465 Er dem pierre Rany solle einen gefährlichen
1021 1409 1988 1527 streich gegeben haben, und als mann Ihne
1031 1472 1942 1585 darüberhin betrout, seyn Er außgewichen.
1018 1558 1969 1665 Ob Er nit in Wallis mit Einem anderen Na¬
1021 1632 1984 1739 men und bloß allein faiques sich nennen
1027 1686 1182 1755 aßen.
1015 1732 1927 1857 Mein Er habe sich daselbsten alleZeit
1015 1804 2007 1925 mit seinem Rechten Namen Hypolitte Cherin
1021 1859 1183 1938 Jenent
1018 1956 1946 2052 Warumb Er dann zum Anderen mahl
1012 2015 1978 2119 als mann Ihne aufgesucht sich des Landts
1010 2061 2024 2203 geäußeret und sich nach 58. Mauritzn begeben.
1009 2146 1994 2301 R. Weilen Er in Brautzozischen Diensten außge¬
1767 2271 1926 2338 rißen.
2158 919 2207 991 21
2275 994 3328 1119 rißen, habe Er vermeint, daß Mighl. Ihne
2279 1059 2637 1155 Suchen laßind
2277 1143 3274 1229 Wielang Er damahlen zu 5. Mauritzen
2282 1225 3268 1319 gewesen, und bey wein Er sich daselbsten
2273 1264 2625 1370 Aufgehalten
2263 1348 3286 1451 Er habe ohngefehrt Einen Monat lang bey
2264 1408 3292 1485 einer Weibs persohn daselbsten Namens
2252 1465 3281 1574 Margrithe Biolay sich auf gehalten und
2269 1527 3001 1630 seye in der Zeit kranck 9sin
2260 1606 3250 1709 Ob Er nit Wärend der Zeit, als Er sich
2251 1674 3308 1778 bey dieser Margrithe Biolay auffgehalten
2239 1725 3298 1850 Jhra underschideliche sachen zu verkauffen
2261 1792 2438 1880 geben?
2258 1870 3271 1985 kein, Er habe Ihra nichts zu verkauffen
2254 1939 2412 2016 geben
2256 2014 3265 2127 Ob Er nit damahlen ein fusil mit Ihme
2251 2084 3216 2204 dahin getragen und zu der Margrithe
2231 2135 2659 2247 Brolay gebracht?
2258 2222 3214 2335 rein, Er habe kein fusil mit Ihme dahin
2242 2290 2433 2376 gebracht.
2158 1122 2254 1235 E.
2163 1348 2245 1459 E.
2152 1591 2250 1707 D.
2163 1872 2224 1974 R
2163 2004 2232 2111 E.
