4032 3024
808 930 915 1025 10l
873 1006 916 1103 2
970 950 1885 1056 Ver ihne gelehrt habe Stampfel machen?
954 1022 1901 1131 der Schue thoni seye vor ohngefehed andert.
929 1081 1878 1166 halb Jahren zu ihme komen und ihme
923 1141 1925 1239 solches angeben und mit Einer Kreiden
935 1198 1949 1294 vorgerißen allein Er habens nit machen
935 1260 1912 1365 können, wie der Thöni solches gerißen
912 1329 1912 1425 hernach habe der Christen LangenEager
925 1380 1908 1474 von Langnauw ihme einen Stempfel ge¬
922 1443 1907 1538 zeigt, und gesagt wie Sie seyn sollen, disem
916 1490 1914 1604 LanugenErger habe Er vor Einem Jahr
929 1560 1926 1661 auf sein zumständiges anhalten eine
904 1617 1916 1719 Rustig wie ein bleyzug gemacht darinne
920 1668 1932 1770 Ein Plappart model, ein zurich schillige
924 1739 1908 1844 und Ein 2. schilliger model gewesen
901 1789 1910 1906 habe aber nur das Pkappartmodel
921 1857 1890 1964 brauchen können. Nachwerts aber habe
917 1924 1928 2036 ihn gerauwen, daß Er solche Sustig gemacht.
925 1990 1903 2088 und selbige auch von dem LangenEgger
889 2052 1882 2159 wider begehrt, der Sie aber nit wider
892 2122 1822 2236 geben wollen, sonderen gesagt, Er habe
895 2180 1890 2273 gedeutes Instrument seinem Schwäger
900 2245 1890 2357 verkaufft, Es haben auch der Langen
905 2305 1878 2418 Eiger und Schuckthön Ein Eilff schilliger
1714 2380 1878 2432 model
2012 1002 2097 1086 171
2110 2181 2111 2186 2.
2132 972 3092 1059 nodel gehabt. Alß auch auß ein ander
2123 1025 3146 1108 mahl der Schuthoni drtchuthem zu ihme
2108 1068 3159 1170 komen, habe Er ihme zwey hölzige Tütsch¬
2117 1120 3066 1259 Ein gebracht, mit begehren, daß Er
2106 1166 3152 1317 Iungold ihme 2. stächlem stottin auff
2106 1242 3144 1360 dise foren machen solle, so Er auch gethan,
2106 1307 3071 1421 Nachwerts habe der Thön auf das einte
2121 1371 3052 1482 einen Zurich schilt, und auf das andere
2124 1418 3090 1531 einen adler gestochen, und Sie ihme Inn
2109 1472 3133 1612 gold wider gebracht, mit begehren, daß
2122 1541 3033 1659 Er Sie vnbestachlen solle, alß er aber
2120 1606 3105 1717 solches nit thun wollen, habe der Thön
2114 1658 3093 1775 Sie, in seiner Vertstatt selbsten ge¬
2108 1758 2486 1860 stachtet hertnet
2109 1936 3120 2057 Dolchemnach ward diser Christen In
2119 2018 2661 2112 gald ferners befragt,
2110 2055 3036 2173 2. Wer die falschen Plappert gemacht:
2133 2120 3113 2236 der Cheisten LangenEgger und der Schne¬
2138 2166 3076 2299 thön habend falsche Plappert und 3.
2119 2226 3109 2363 Kreuzler gemacht, und habe der Letstere
2127 2281 3087 2397 nämlich der Schi thöni in sein Ingolis¬
2925 2352 3086 2419 Wert.
2062 2165 2110 2241 2.
2093 1236 2106 1314 Iungold ihme 2. stächlem stottin auff
2104 1313 2106 1361 dise foren machen solle, so Er auch gethan,
2103 1365 2107 1412 Nachwerts habe der Thön auf das einte
2094 1785 2109 1856 stachtet hertnet
2085 1988 2109 2066 Dolchemnach ward diser Christen In
2046 2097 2110 2172 2. Wer die falschen Plappert gemacht:
