4032 3024
939 991 1898 1119 liche wohrt wider Gott(: die sie Ihme ge¬
940 1078 1912 1186 nambset) geredt die Ihren selbsten leid seyen.
913 1134 1900 1247 Worüber Er wührt sich höchlich entsetzt vndt
924 1206 1881 1299 Grad alsobald den Damel äber von
941 1270 1909 1364 zuevaus außein Miselach so sich alda be¬
935 1317 1910 1432 funden und gar wohl Teutsch und Weltsch
929 1378 1868 1488 könne, gefragdt, ob Er solche Greuwliche
929 1439 1928 1546 Wohrt von diesem Kurl gehordt habe, welcher
943 1501 1877 1607 zur antwort geben, daß er zwar selbigen
938 1559 1896 1668 wohl gehördt schmahlen und schwerren, aber
940 1617 1877 1730 die wohrt auf solche weis habe Er Ihne nit
929 1681 1919 1795 gehördt reden. Solchem nach habe Er wührt
944 1738 1915 1853 des Läufer Langhannßen Schwoster so da
925 1801 1898 1909 zumahl auch in der Stuben gewesen darüber
926 1860 1900 1961 gefragdt die Ihme gleichfahls wie obiger
925 1927 1919 2029 damel Waber gesagdt, daß Sie solche wohrt
932 1987 1876 2098 gar nit gehördt. Äußert diesen beyden
929 2055 1885 2152 seyend zwag noch andere Persohnen mehr
916 2122 1934 2223 da gsin, Aber weltsche Leuthe die nittrutsch
908 2167 1209 2269 verstanden.
2034 982 2122 1088 101
2125 1015 3202 1118 Eidtlichen Ward auch absonderlich darüber be¬
2148 1103 3156 1202 fragdt dieses Kerlis Weib, Anna Maria
2155 1156 3180 1252 fehl mann von Schupfen außem Endtlibuch
2148 1224 3162 1320 Welche die sach volgender gestalten Angezeigt,
2140 1269 3155 1369 Dieser Ihr Ehemann habe anfangs gesungen
2155 1324 3182 1445 Nachwehrts aber da Er vom, Wein starck über¬
2152 1375 3174 1489 nomen gewesen, vnd Iemands angefangen
2134 1444 3174 1546 von denen gemählden an der Wandt zureden
2148 1500 3180 1615 Sage Ihr Mann darauff Vnßer Herr Bott
2160 1554 3134 1673 ist im Zimmel Er ist nit außem Papyr
2145 1632 3125 1719 mann kann Einem Vmbs geldt mahlen
2142 1680 3189 1793 Waß mann Will Vnßer Bott ist imsimel
2150 1734 3177 1826 Wir sindt nur s:h. k. Hundts c. gegen Ihme
2148 1808 3181 1921 Alß nun hierauf von Min ih. Stifftschafne¬
2158 1882 3154 1973 ren Ihre Ernstlich zugesprochen worden, daß
2144 1917 3153 2034 Sie Gott die Ehr geben und die wahrheit be¬
2144 1973 3195 2093 kennen solle, dann sie die wohrt vor Ihme Viel
2158 2041 3183 2127 auff eine andere Weis gerndt zuhaben, gestän¬
2157 2094 3147 2197 dig gewesen; Bekanndte Sie daß Ja Sie
2146 2150 3156 2261 Wohot Anderst und Vmbgekehrt dem Wührt
2156 2205 3168 2310 angebracht, und auch vor Minttthl. Stifftschaff¬
3005 2295 3118 2371 nere
