4032 3024
992 1496 1000 1549 Biolay eine silberne Boitte Einen Löstel
951 1583 1035 1721 E. Ob Er nit selbsten der Mad. Breux eine
983 2157 997 2188 Marter ohngeachtet, Ein mehrers undt
1007 1747 1017 1785 Er mit selbsten sonderey
1003 1702 1022 1750 silberne Tasse verkaufft:
866 1864 973 1930 in seinen
857 1916 962 1988 Namen
1003 984 2015 1094 Lostel und Eine Gablen Verkauft undt mit
1013 1056 2000 1165 dem darauß erlößten Geldt und etwaß we¬
1019 1111 2006 1241 nigs anderem seine reiß nach Haußgemacht
1007 1177 1949 1291 Nachwehrts habe Er zu vivis dem H. Du
1019 1233 1925 1353 moulin Ein flacon sambt Einem Lösfel
1020 1283 2000 1407 und Einer Gablen und dem H. Bergeon da¬
1004 1340 1945 1448 selbsten auch ein plauon erkaufft geben
1009 1413 1970 1531 Verners habe Er in Wallis der Margrithe
1015 1540 1806 1637 und Eine Goblen zu verkaufen geben
998 1477 1957 1568 Biolay eine silberne Boitte Einen Löstel
1645 1614 1708 1683 me
1022 1614 1990 1731 E. Ob Er nit selbsten der Mad. Breux eine
1016 1785 1943 1884 Die Biotay oder Ihr Mann habe die
1007 1841 1955 1956 Fahte Verkaufft dann Er seye damahlen bey
1013 1897 1403 1993 thuen Kranck gsin
997 1983 1949 2145 Nachdeme nun Er herin alles ernst¬
1009 2065 1940 2184 lichen Zusprechens und Betrouwung der
990 2126 1905 2265 Marter ohngeachtet, Ein mehrers undt
1689 2233 1853 2338 zwar
1012 1743 1424 1830 Er mit selbsten sonderey
1017 1689 1603 1773 silberne Tasse verkaufft:
953 894 989 951 76
2227 1012 3269 1122 zwaar daß Er die Zwern Großen Silbernen
2221 1073 3259 1179 Kurtzenstöck sambt den Abbrechen und porte¬
2227 1133 3278 1226 monihettes, wie auch übrige auff der Liste
2230 1185 3272 1299 enthaltene silberne Sachen genommen zu haben
2227 1245 3219 1346 mit gestendig seyn wollen. hat Mihhl.
2221 1304 3241 1418 Examinator Befohlen Ihne hinauff zur
2226 1372 3226 1447 Strecke zuführen, Vnd daselbsten mit
2226 1429 3249 1545 nache Widermahligem trefftigen zu spre¬
2232 1489 2644 1594 chen Befragst.
2220 1555 3202 1649 Ob Er nit über das bekennte, Auch die
2231 1619 3236 1728 anderen geklagdten silbernen sachen Ent¬
2220 1678 2543 1772 enndt habe.
2206 1745 3199 1847 Heharrete Er bestündig, vnd auf den
2215 1804 3252 1902 Ennen ligend, daß Er weiters und mehrers
2216 1866 3236 1962 als das voranzeigdte Silbergschirr vnd übrr
2206 1922 3252 2024 gesachen, gantz und gar nit gestohlen Er be¬
2210 1978 3212 2086 kenne aber daß Er übel gefahlt bätte auch
2222 2043 3192 2146 in Tießster denicht mit hertzlicher renn
2222 2104 2894 2214 Vnd Leidt vmb Verzeichung
2218 2173 3238 2297 Nach so thaner Vergicht hat Muhhl. Exa¬
2220 2269 3130 2363 minator ohne einen fruschen Befelch mit
3014 2315 3193 2413 Ausetz
2135 948 2219 1023 57
