4032 3024
773 1489 865 1546 der
783 1526 881 1588 26. f.
918 1008 1935 1155 Langhanußen 9sin Nachwehrts habe Sie das tisch
942 1096 1910 1209 lachen, weilen Sie solches nit verkauffen können,
926 1155 1926 1236 Zerhauwen und einhalb dotzet zwächelin darauß
926 1196 1916 1296 gemacht, und selbige Verkaufft über das habe Sie
927 1273 1906 1358 der Erl. Ernstenen 44 flächsigs Garn sund nit
933 1320 1899 1414 reistigt, wie der Langhaniß vorgebe; verkaufft
914 1370 1928 1478 so sie selbsten gespunnen und auch Ihr Eigen gewesen.
923 1443 1932 1543 Wegen des von des Langhaußen Tochter empfan¬
928 1490 1950 1595 jenen Geldts dann, hatt die Stuberin diese Erläuther
921 1554 1919 1649 ung gegeben, daß Er Langhannß 23. R. 5. batzl.
916 1627 1923 1718 sambt dem Betth wider bekommen 45. bätzl. habe
918 1664 1893 1771 sie, weilen Sie so übel bekleidet, daß sie in kein
913 1737 1890 1818 Predigt könne, umb einen alten Mantean geben
916 1810 1873 1896 das übrige geldt seye Ihra dahinden blieben
917 1858 1897 1955 auch habe die Tochter selbsten etwas vom geldt
915 1914 1088 1997 behalten
917 1956 1900 2071 Wenners seye auch wahr, wie von Mstr Zellmer
909 2042 1908 2130 dem Tischmacher zugegen angezeigt worden, daß
908 2115 1905 2184 Sie etlichemahl bey Ihme einen hammer und Schrött¬
911 2150 1852 2244 Eisen entlehnt, allein des Langhanußen Tochter
903 2201 1842 2306 habe sie allwegen geschickt solche sachen zureichen
1724 2283 1847 2359 deren
2904 1027 2979 1073 n
2131 1015 3173 1115 deren sie selbige gebracht: dieses sey, alles das Jengn
2125 1108 3171 1167 Waß Ihre hiervon in müßen; betheurete an bey höchlich
2126 1152 3141 1244 daß sie einmehrers als angezeigt nit empfangen
2121 1219 2212 1309 habe
2119 1254 3146 1379 Dieses ist also das Jenige Waß auß Er Gel. befolch
2142 1338 2901 1434 mit diesen Persohnen verrichtet worden.
2049 993 2100 1109 159
