4032 3024
938 986 1873 1099 Es auch schon hie vor im Schollenwerk gewesen
936 1064 1876 1154 bekennte daß eine Gewuße Stüßenen an der
936 1119 1767 1209 Matten Ihme schon mehrmahlen gesagdt.
932 1177 1866 1289 Wann es etwas habe, solle Es solches Ihre
933 1228 1257 1313 nur zubringen
917 1282 1899 1388 Im übrigen Zeithte Es auch an daß Es sich vor¬
941 1347 1840 1442 diesem allezeit Ehrlich und wohl gehalten.
931 1405 1852 1499 aber hier im Landt könne es nit guht thun,
929 1449 1861 1539 dann die Bösen Leuthe setzen Ihm viel zu
929 1514 1909 1612 dast zu Ihns, Auß Einem Bösen ins ander zu¬
924 1567 1167 1664 Verführen
831 964 905 1059 22
2159 1035 3124 1161 en 18. Juni 1712. habend zuvolg
2121 1107 3111 1206 Oberkeitlichen befelchs Ihr Gude dienere
2121 1170 3125 1292 Mr Rhl. Großweibel Wurstemberger vnd
2131 1229 3162 1353 der Grichtschreiber Vnß in die Gefangenschafft
2126 1295 3160 1404 begeben, und daselbsten den Gefängklich enthal¬
2126 1350 3160 1445 renen Knaben Abraham Frutig einer alt
2131 1406 3162 1489 Wittib Sohn, von ohngefehrt 18: oder 20: Jahren
2125 1463 3168 1563 alters wegen vorgehabten nachtlichen Einbrucht
2131 1520 3163 1625 in H. Schärer Mattheys Keller an der Ancken
2116 1573 3106 1686 Wang ernstlichen examiniert und befragdt
2135 1633 3141 1748 welcher darauf volgende bekandtnuß gethan
2101 1707 3145 1814 Er habe Letzt verwichenen Sontag abends zwa
2132 1774 3109 1877 schen 8. vnd 9. Uhren vom graben nach hauß
2127 1820 3148 1943 gehen wollen, da Er nun biß zur Ankenwang
2127 1881 3131 1998 kommen, seye Er in H. Schärer Mattheys Keller
2121 1946 3128 2070 halb hinabgangen, alda Er zwuschen der Thuren
3018 2001 3081 2043 art
2122 2006 3135 2108 die nit Volkommen an die Muren angeschloßen, hin
2135 2081 3153 2160 eingegriffen und ein Meißel so im Eggen gestochen
2129 2127 3150 2236 gefunden, mit welchem Er das Kellerschloß auf
2131 2205 3168 2301 thun Wollen, seye aber von dem Küyher darob
2133 2268 2517 2371 erdappet worden
2030 1002 2113 1092 123
