4032 3024
924 1049 990 1135 8
938 1077 1871 1227 so ist auch zu Volg Er. GM. Befelchs
929 1160 1930 1267 über das von Ihr Landtrogten zu Kydauw
913 1233 1902 1318 eingelangete Schreiben Examiniert worden
800 1027 889 1122 268
1063 1278 1814 1391 Veter Hooffmann Schmidt
1150 1354 1513 1461 zu Lattrigen
887 1420 1883 1568 Der aber gantz und gar einichen diebstahl
907 1520 1864 1607 begangen, noch einihe Troniwort wider
899 1572 1906 1657 Inmanden außgestoßen zu haben nit gestendig
907 1640 1867 1741 seyn wollen; sonderen sich beklagdt, daß
902 1692 1864 1794 Er fältschlich verleidet und unverschuldet
911 1753 1885 1842 banisiert worden, Maßen der Ihr Landt
1513 1821 1713 1865 Znngsams
905 1818 1824 1917 Rogt von Nydouw Ihne Niemahlen Ver¬
901 1874 1209 1964 hört. Dann
899 1929 1876 2041 Es habe sein gehabter Knecht zu Lattrigen
901 2011 1869 2098 2. Mutt kohrn entwendt und selbige Ihme
893 2059 1895 2158 hinderrucks in seinen S. h./ Sänst all ver¬
890 2123 1902 2221 steckt; Allda Sie gefunden und deren diesstahl
898 2174 1851 2263 ihme zugemeßen worden, deß wegen mann
893 2234 1856 2329 Ihne des Landts verwiesen. Er aber habe
892 2302 1812 2414 den Knecht als Thäter hinder Wißlishurg
1635 2391 1815 2487 außge¬
2018 1072 2080 1151 169
2105 1044 3139 1183 getriben, selbigen nach Nidouw dem Ihr Landt
2099 1149 3069 1239 Wogt geliefferet, daselbsten mann Ihn wid er
2106 1207 2506 1303 außreißen laßen.
2091 1262 3121 1379 Er Hooffmann seye dieser Anklaghalben aller¬
2113 1344 3126 1435 dings unschuldig, und niemahls einihen diebstahl be¬
1984 1401 2620 1503 gangen Actum 30. Juny 1713.
