4032 3024
794 991 870 1077 236
914 962 1922 1091 geteiben worden, habe Er denselben
932 1034 1911 1148 iider hervor genomen, und Endliche
928 1096 1846 1187 alß der Ull Müller ihme kein
911 1151 1859 1239 obligation wider zugestelt, habe
920 1200 1920 1301 Er ihme auch den Stempfel in Miche¬
923 1253 1918 1365 el Herwers hauß in der Außeren
911 1318 1251 1413 wider geben.
904 1339 1851 1472 Alß auch auf gleichen Tag der All¬
919 1422 1821 1523 Müller mit disem duechten son
907 1479 1830 1584 frontiert worden, hat er G. se
924 1533 1870 1640 es Zuechlers bekantnuß wahr
910 1607 1878 1717 zu seyn bestättiget, außert daß
900 1669 1866 1770 der Müller betarret, der Duechlen
912 1735 1896 1843 habe ihne zu Erst umb den stempfel
909 1803 1889 1929 ersucht Stein daß Er dem duch
908 1870 1845 1987 er by aufrichtung der obligation
904 1925 1807 2051 alßobald 30. r und hernach, da Er
913 2000 1854 2113 ihne gescholten, in zweymahlen noch
892 2065 1847 2179 31. Ihlr geben, dargegen der Süchter
900 2144 1858 2251 versprochen habe, nach abstorben seine
897 2204 1857 2337 Schwächers ihme Müller 50. R. bidrumb
900 2277 1780 2386 zubezahlen. Welche beyde Puncte
907 2344 1866 2433 aber der Duchler gänzlichen Vermeinet.
904 2401 1778 2485 und deren nit bekantlich seyn wollen.
1994 1000 3029 1134 27dn 16. dito habend Mehhl
2053 1078 3102 1202 Examinatoren disen Caspar Buch
2147 1147 3051 1252 dler bidrumb vor sich kommen
2066 1216 3113 1315 laßen, und Jeklegen wegen denen
2099 1283 3047 1376 Jenigen Steipflen, so Er von dem
2115 1331 3101 1440 alle Müller emnfangen nochmahl
2110 1391 3077 1519 zu Red gestoßen, da Er dan abbe¬
2115 1459 3077 1579 schribee seine gethane bekantnuß
2113 1520 3096 1629 mit allen umbständen widerholt
2110 1595 3060 1729 Ward folgends noch befragt, die
2109 1672 3047 1800 off. Er den Bazenstempfel ge¬
2120 1738 2493 1857 braucht habe.
2039 1809 3071 1925 R Ein einziges mahl, daEr ihne probirt habe.
2122 1879 3033 2019 Wie diser Stemnfel beschaffen gsin
2019 1914 2095 1994 B
2100 1925 3071 2076 und was Er für Ein form gehabt.
2117 2007 3090 2145 das Obere Theil habe ein känelin ge¬
2049 2032 2113 2146 2
2089 2083 3117 2212 habt, so am underen überein Steub¬
2109 2143 3104 2287 Ein gangen, und das undere Theil
2090 2219 3054 2360 seye in der große dieein 3. Vier
2114 2264 3085 2406 nng tein gewesen. Er habe aber
2106 2338 3078 2461 as hand biel zerschlagen ob dem
2977 2412 3023 2523 3
2113 2426 2720 2533 ersten halb bazer.
