4032 3024
1006 931 2003 1055 solches Abwehren sollen, sonsten habe Er sein
1021 1025 2019 1114 lebtag kein Weiters nichts begangen, noch
1033 1080 2040 1188 emnche andere gemeindschafft mt dem rohten
1029 1137 2039 1250 Metzger gehabt, und weilen Er eben damah
1048 1199 1975 1313 ken kein geldt gehabt, so habe Er sich zu
1054 1260 1976 1363 diesem ungluck verführen laßen. Es
1027 1338 2023 1435 seyo aber giht, daß es Ihme grad das Erste
1043 1387 2030 1492 mahl außkomen dann Er sonsten weitere
1040 1439 1962 1554 Sunden fallen können, dißes nun seye
1036 1500 1956 1607 Ihme hertzlich leid und bätte Gott vnd
1036 1567 1952 1681 Eine hoche Oberkeit vmb gnad und Ver¬
1029 1617 1257 1712 Zeihung
960 1707 1951 1839 Ei Ob Er nit schon hievor auch in der
1045 1798 1968 1889 gefangenschafft, und im Schallenwerck
1038 1850 1976 1973 gsin und wasumb Er danlahlen Einge¬
1039 1922 1380 2005 gegen schorden?
1459 1954 1615 2063 gehabt,
941 1958 1028 2052 B.
1047 1988 1946 2130 Er habe Ein gutzi gekanfft, Welches Er
947 2046 1039 2131 Aber
1053 2052 1954 2171 gekaufft und gar nit entwandt dann
1026 2122 1921 2252 sonsten Er solches nit öffentlich getragen
1028 2179 1887 2307 hutte, vmb deßtiillen habe mann
1755 2280 1897 2368 Ihne
2113 924 2167 1000 15
2190 964 3209 1085 Ihne hievor in gefangenschafft vnd Schallen
2190 1034 2532 1135 Werck gethan.
2199 1118 3274 1219 Im übrigen habe Er sich allezeit framb vndt
2198 1199 3274 1280 Ehrlich gehalten und sein stuck brodt mit Roß¬
2197 1240 3226 1331 führen, brieß tragen, holtz hauwen vnd wie
2185 1301 3294 1402 Er können verdienet hätte nochmahlen vmb
2201 1359 3289 1458 gnädige Verzeichung dieser seiner Miße¬
2185 1415 3108 1530 that die Ihme von hertien leidt setze
2182 1487 3252 1607 Diß ist also das Jenige, waß mit diesen
2188 1588 3231 1666 Gefellen auß Er Gul. befelch mit diesen
2198 1622 3252 1738 9sellen verhandlet, und duß dero bekandt
2209 1687 3229 1799 nuß erhalten worden, so hiemit Er Gul.
2206 1764 3300 1861 zu dero hochweisen Verneren Erkandtnuß
2194 1824 2698 1932 händerbracht wirdt
