4032 3024
965 971 1910 1090 die Obligation nit heraußgelöst
958 1021 1888 1133 und Man ihne Büechter wider
971 1084 1907 1192 angefangen zutreiben, habe Er
961 1144 1897 1254 zu Staffisburg den Müller auff
965 1211 1908 1326 ein frisches gescholten und gesagt,
947 1278 1907 1371 daß wan es ihme schon seinen Kopf
960 1344 1897 1438 Kosten solte, so wolle Er die Sach
959 1392 1888 1511 anzeigen, Worauff der Müller
958 1465 1890 1563 ihne mit weinend Angeneiden
952 1515 1869 1625 gebetten zuschweigen und ihme
944 1583 1823 1674 abermahlen gelt geben, die
945 1645 1836 1747 Sach außmachen gelaßen, und
957 1692 1923 1806 mit dem H. Schultheiß abzuschaffen
934 1764 1869 1858 so Er Küechter auch gethan, bald¬
945 1828 1884 1923 hernach habe der Müller ihme die
942 1875 1869 2000 obligation eingeländiget, darauf
936 1945 1881 2060 Er ihme auch den bahenstempfel
953 2019 1251 2127 eder geben
949 2084 1873 2194 Wie Lang Er den Ersten Stimpfel
941 2148 1792 2255 behalten, ehe er Ihn dem Müllen
937 2213 1200 2307 vidergeben
949 2263 1890 2361 Er könne es so eigentlich nit sagen,
934 2333 1850 2426 etwan Ein Monat oder zween, dan so
1754 2388 1887 2461 bald
817 973 915 1070 234
2041 1014 3130 1108 B9 Er ihne probiert gehabt, habe Er ihn
2170 1070 3126 1162 dem Müller widor zum Hauß ge¬
2157 1129 2827 1233 Ttragen und zugestelt
2176 1198 3064 1331 o6. Er dem Müller die Gschrifft
2177 1288 3047 1384 gemacht zu Lohn, daß Er ihne
2153 1349 2660 1454 Lehre gelt machen
2153 1393 3113 1509 Alß der Müller ihme den Stempfel
2167 1472 3078 1595 Eingehändiget, habe Er gesagt, E.
2157 1541 3129 1653 golle Ihme gezund eine Geschrifft
2173 1605 3109 1708 machen, Er wolle Ihme von Zeit
2168 1660 3136 1792 zu Zeit mehr gelt geben habe ihm
2173 1736 3096 1856 auch noch von Zeit zu Zeit etwan
2172 1786 3132 1900 ein Thlr. geben, also daß alles und
2159 1857 3149 1975 alles so Er von dem Müller angelt¬
2157 1918 3105 2046 Empfangen by 40. R. seynmöge
2153 2006 3158 2132 WWwie bang Er den Letstenstempfel
2168 2092 2766 2193 Kinder Ihm behalten
2194 2137 3097 2292 Wohl mehr alß Zehen Jahr und habe
2183 2230 3114 2345 ihr inwerdeßen Im Stall verhorchen
2163 2292 3121 2418 gehabt, da Er nun Wegeder obligate.
2916 2384 3017 2465 e
2024 1227 2120 1341 D
2081 1413 2135 1534 2
2054 2184 2128 2274 R
2082 2038 2154 2128 WWwie bang Er den Letstenstempfel
