4032 3024
871 1322 942 1423 E.
890 1641 944 1748 R
955 988 1907 1118 Er wuße und könne sich gantz und gar nit
959 1078 1938 1187 erinneren, waß Er geredt, Allein main habe
934 1132 1909 1236 Ihme gesagdt, daß Er solle geredt haben, das
944 1187 1909 1300 ist mit Gott sonder mir Ein Papyr, und
950 1253 1759 1356 Gott könne mann nicht abmahlen
968 1326 1879 1431 Wann Er sich dann nit erinneren könne
950 1395 1893 1494 daß Er so gottlose wohrt geredt, Ob Er dann
938 1455 1920 1549 bekannt seyn wolle, wann andere Leuth die
935 1504 1906 1601 solche von Ihme gehordt, Zeugen werden, daß
943 1567 1536 1663 Er solche wohrt außgestoßen.
975 1623 1932 1744 Er wüße sich einmahl gantz und gar mit zu¬
960 1712 1934 1803 Versinnen daß Er etwas geredt, Es könne seyn
953 1783 1931 1866 daß er etwas im Trunck mochte gesagdt haben
953 1829 1915 1908 allein Er bezeuge höchlich, daß Ihme solches
947 1880 1922 1973 nit bekannt seye, und wann Er Ich etwas ge¬
949 1933 1913 2040 rndt habe, so seye Ihme solches von hertzen leid
944 1986 1908 2106 hätte deßfwegen Gott und eine hoche Ober¬
950 2050 1671 2157 keit umb Gnad und Verzeichung.
935 2124 1885 2252 Weilen nun dieser Kerl nit gestendig seyn
946 2212 1861 2333 wollen daß Er einiches Gottslesterliches
1628 2307 1790 2388 Wohrt
2039 975 2128 1083 99
2159 986 3131 1093 Vohrt gerndt habe, als ist Er wider an sein
2157 1063 2845 1165 ohrt geführt vnd solchem nach
2128 1119 3177 1225 Der Wuhrt zu Kappelen Alleich Nisfen Eagen
2149 1207 3186 1310 har vorgelaßen und befragdt worden, Wie sich
2161 1263 3178 1363 die sach zugetragen, Ob Erselbsten die Er¬
2138 1325 3191 1423 schrockenlichen Wohrt gehördt habe, Auch waß
2152 1379 3174 1476 für Persohnen sich dazumahl in der stuben
2165 1442 3108 1535 Befunden die solche möchten gehördt haben
2133 1504 3152 1607 Worauff derselbe diesen bericht abgestattet
2155 1565 3174 1658 Alß dieser Kerl in der Stuben tourniert vnd
2171 1629 3114 1727 im wuestes Wesen gemacht, habe Er Ihne¬
2152 1693 3118 1786 wollen machen hinauß in etwann eine
2149 1734 3138 1842 kammeren zugehen, daß Er daselbsten den
2142 1795 3158 1897 Ransch auß schlaffen könne; Es habe aber
2152 1854 3183 1970 dieses Kerlis Frauw Ihne wührten gebötten
2161 1921 3162 2029 mir ein wenig gedult zu haben, Er werde
2146 1974 3159 2096 Hald außhören und wider zu Ihme selbsten
2165 2031 3192 2131 komen, dann allezeit wann Er truncken seyn
2157 2092 3195 2198 so kome Ihn eine solche wiht an, welches Er
2155 2156 3200 2265 Von Einem bösen Trunck har habe, Grad aller¬
2156 2208 3167 2331 erst in diesem Wueten habe Er solche Greunck¬
2940 2283 3172 2369 liche wohrt
