4032 3024
914 1048 991 1140 N. Dieses Wüße es gar nit, dann Sie beyde
989 1104 990 1128 damahlen gantz Truncken, zur in den Kleide
985 1182 988 1224 ren auß dem Bettl gelegen könne also nit
968 1237 986 1270 sagen, Ob der kuentz Ihns beschlaffen habe
973 1290 985 1335 oder nit
960 1418 982 1503 Befragdt. Ob Es nit vor Anderthalb Jahren
976 1511 979 1567 den wuhrt zu bleichenbach hab helffen bstählen?
960 1571 978 1639 Antwort Ja. Es habe mit hulf der Anna
974 1646 976 1697 Maria Tschiffeli von 2 wann und Maria
969 1698 975 1755 Donanwer von Niderlentz demselben wuhrt
958 1768 973 1803 ein betth entwendt, welches aber der wührt
961 1825 972 1883 Ihnen wider abgezagdt und solches wider
961 1883 970 1930 bekommen
952 2082 965 2153 zu Krauchthal habe helsten bettgwandt fählen
959 2256 961 2285 wendt, dar von Ihme ein dackbetth vndt
893 2140 940 2258 H
989 1042 1948 1137 N. Dieses Wüße es gar nit, dann Sie beyde
989 1103 1956 1194 damahlen gantz Truncken, zur in den Kleide
987 1154 1933 1243 ren auß dem Bettl gelegen könne also nit
986 1207 1897 1315 sagen, Ob der kuentz Ihns beschlaffen habe
984 1273 1145 1333 oder nit
1058 1354 1973 1467 Aber die begangenen diebstahl wardes
980 1424 1933 1516 Befragdt. Ob Es nit vor Anderthalb Jahren
978 1500 1966 1595 den wuhrt zu bleichenbach hab helffen bstählen?
976 1553 1890 1671 Antwort Ja. Es habe mit hulf der Anna
975 1637 1846 1730 Maria Tschiffeli von 2 wann und Maria
973 1699 1919 1787 Donanwer von Niderlentz demselben wuhrt
972 1768 1924 1857 ein betth entwendt, welches aber der wührt
970 1825 1897 1910 Ihnen wider abgezagdt und solches wider
969 1858 1135 1944 bekommen
1138 1898 1753 2000 hekenn, daß das Landtgarben Steini
977 1957 1913 2071 Ob es nit vergangenen Martini Ein Jahr
974 2018 1891 2131 vm Landtgarben Steine in wuhrts hauß
964 2082 1930 2206 zu Krauchthal habe helsten bettgwandt fählen
972 2126 1543 2211 entwendt darvon es auch bekommen
1232 2171 1295 2213 habe
973 2164 1918 2294 Ja, Sie haben daselbsten bettgwandt ent¬
960 2232 1885 2357 wendt, dar von Ihme ein dackbetth vndt
1694 2345 1797 2412 Ein
2086 991 2163 1081 77
2503 989 2685 1045 gegoben
2198 1013 3225 1124 Ein Küßi zutheill worden, dieses doch
2207 1076 3165 1176 Hetth habe es dem Ohler bey der Neunden
2204 1133 3186 1229 Brugg zu gebracht, der aber nit gewußt
2191 1191 3208 1291 daß solches gestohlen seye, das Kuß dann
2184 1250 3193 1348 habe es für Ihns behalten; Nachwehrts
2192 1304 3180 1399 aber alldieweil es zu Crachselwaldin
2202 1360 3207 1464 der Gefangenschafft sich befunden, habe das
2173 1425 3202 1518 Landtgarben Steini dem Hrn Landtrogte
2188 1481 3212 1585 zu Thorberg angezeigdt, wer dieses doch¬
2191 1537 3193 1647 hetthchabe, darauf es der Ohler widerge¬
2188 1609 2530 1693 beu mußen.
2188 1679 3176 1793 Waß es mit dem Knecht begehre, so sich
2188 1758 3227 1855 bym Rechenmann im Sahli auf halten soll
2207 1823 3197 1948 Es habe vor ohngefehrt 40: Wuchen noch
2200 1912 3195 2007 mit Einem gestandenen Ihme unbekanndten
2183 1968 3200 2051 Herren im Holtzlin Womann vom Sahl gegen
2183 2024 3172 2119 Mür gaht, inzucht Getriben, dieser Herr
2173 2077 3207 2157 Frage eine große fahlbe perruque, und habe
2196 2142 3189 2236 ein Grauwes Kleidt angehabt. Der Knecht
2176 2201 3185 2276 so sich bym Lechenmann im Sahl oder bym
2186 2257 3148 2348 bahli, sich aufhalte, könne Villeicht wohl
2933 2339 3156 2411 anzeigen
2133 1705 2182 1795 E.
2114 1846 2176 1954 H.
