4032 3024
898 1435 982 1549 R
915 1610 979 1723 R.
992 938 1969 1039 fuhrt. Dero wegen Er gesagdt mann könte Jetz
1007 984 1971 1090 das Haus und alles hinweg tragen, diese Leuthe
998 1044 2002 1134 wißtens eit, darauff hin Er und der dantzler des
995 1107 2020 1176 binen worden Ein haupt, von dem Marit reich von
986 1145 1998 1231 Erlenbach auß der Weydneben der wehrtshauß
995 1192 2035 1295 zu entfuhren, elches Sie auch gethan und zu allem
998 1243 2024 1356 unglick des Wihrts kuhr erwutscht, die sie so forth
993 1303 2014 1407 auß deiß weil geführt, und daselbsten im holtz ge¬
991 1356 1184 1451 schlachtet.
993 1467 2011 1541 Ob Er nit auch verwichenen Somer dem Pilaus
997 1516 2020 1616 Zoßt von Stettley eine Melchkuhr auß der Weid
996 1560 1201 1644 entführet
997 1626 1982 1742 Nein, Er habe solche dieselbe Kuhr nit entführt.
977 1696 2000 1820 Worauff hin Ermelter Zost, so in der Gefangen¬
984 1765 1973 1868 schafft sich befueren, hiein beruffen und dem
975 1819 1946 1934 Hofer vorgestellt worden, welcher die Anklag
970 1870 1991 1984 gegen demselbee gantz Ernstlich widerholt, mit
977 1919 2008 2046 vermelden, daß Er vnd sein Vatter der Rohtnitz
982 1994 1988 2114 ger offt umb die Weyd so etwas abgelegen gesech¬
971 2022 1939 2159 worden Vnd daß niemand anders als Sie Ihme
987 2079 1562 2179 die Kuhe entwendt habend
962 2140 1981 2270 deßen ohngeacht wolte Er hooffer von dieser Kuhe
1833 2261 1969 2350 nichts
2153 1039 2243 1119 sey.
2183 1356 2263 1470 H
2192 1619 2247 1693 E.
2143 1850 2215 1963 H.
2269 955 3299 1080 nichts Wüßen und im geringsten nit gestendig
2268 1034 3304 1136 daß Er oder sein Vatter selbige entwendt haben
2251 1141 3265 1246 Solchem nach Wardt Er Verners befragdt
2270 1208 3292 1304 Ob Er nit zu Wickhardts Weil verwichenen
2254 1281 3221 1364 Somer etwelche Schaaf entwendt habe:
2294 1340 3273 1456 Nein Er habe weder zu Withardtsweil
2282 1419 3318 1515 noch anderstwo sein lebtag kein Schaaffent
2272 1477 2440 1552 wendt.
2285 1567 3248 1690 Ob Er nit Verwichenen Somer anfangs
2282 1644 3246 1736 ountet Eines morgens frühe 5. Vrfel
2267 1701 3248 1807 bey Stettlen durch getriben. Vnd wem
2269 1762 2708 1858 selbige Zugehördt
2262 1855 3299 1962 Er habe niemahlen 5. Schaaff mit Einande¬
2275 1921 3258 2026 ren bey Stettlen durch getriben, wohl aber
2261 1985 3273 2081 Wwo schwartze Annten, welche sein Vatter
2274 2047 3270 2154 Verwichenen Sommer ohngefehrt vmb hönwen
2267 2115 3286 2207 Zeit Pambt 3rn Cämeren von Einem Bauwren
2271 2170 3249 2248 deßen Namen Er sich Jetzund nit erinneren
2270 2231 3274 2327 könne, gekaufft gehabt, allein Er habe selbige
2976 2322 3054 2383 mit
