4032 3024
989 946 1963 1080 sagen können, daß der Chastelain als Er sich
1001 1030 1930 1127 allhier in Gern befunden Eine Supplication
983 1080 1966 1180 fur Ihne Cherin aufgesetzt, damit Er Ihn auß
992 1135 1981 1242 der Gefangenschafft bringen könne, Allein selbige
979 1187 1954 1301 seye so starck gewesen, daß sein Vetter Sie habe
988 1244 1452 1327 anderst machen mußen
1031 1306 1945 1414 Die Jenigen Brieffen dann die Er letstlich
1002 1385 1957 1454 übergeben seyen alle von dand Bernet ge¬
989 1426 1930 1539 schriben worden, darüber der Bohret so sich
989 1488 1966 1586 allhier im dienst befinde der Ihme selbige all¬
983 1540 1717 1631 wegen zugebracht, zu befragen seye
986 1617 1959 1717 Die Jenigen undeutlichen Namen, so darinnen
991 1675 1912 1762 enthalten betreffend; als les. de Ruhelieu
987 1728 1949 1824 und Capitaine ec. seyen vom hastelain zu ver¬
986 1789 1946 1886 stehen. Er Gerix habe auch einen Brief ge¬
979 1842 1898 1943 habt von dem Chastelain selbsten geschrieben
990 1894 1819 2007 welchen aber der pernet Ihme genommen
917 916 969 971 52.
2416 932 2908 1044 Christen Däntzler
2148 963 2224 1031 53.
2220 1066 3211 1213 Den 13. Januarn 1712. hat Mehhl
2213 1165 3205 1268 Rahtsherr Scharner zu volg Oberkeitlichen
2213 1225 3195 1315 Befelchs de dito mit Zuzeuchung Ihr Gril.
2183 1274 3240 1367 Dieneren Ins ith. Groß Weibel Wurstember
2210 1346 3256 1422 Hers und des Griht Schreibers in Gegenfahrt
2206 1381 3208 1481 H. Bamtherren Waquers Huu Grorg von
2212 1440 3205 1539 Muralts zun Frantz Ludwig Pischers vndt
2218 1503 3210 1583 Hrn Exspectanten Rohts den verwichenen
2211 1557 3235 1660 21. Decemb auß der Gefangenschafft gebroche
2212 1616 3229 1719 nen, ohnlengsten aber von Neuntenturg wider
2200 1674 3177 1782 alhargebrachten Christen Däntzler außei
2189 1738 3231 1846 Eggueyl anfängklich mit ernstwöhrtiger Ver¬
2209 1797 3214 1902 malnung nachwehrts auch mit Betrouck, und
2194 1851 3206 1967 Würcklicher Anwendung der Einfachen vndt
2182 1921 3219 2001 Lahren Marter Eraminiert. Vnd Erstlichen
2204 1979 3232 2095 Hefragdt. Wie die sach mit dem hooffer vndt
2210 2073 3201 2153 der entwendten kuhr seye hergangen, Wie Sie
2206 2110 3158 2200 zusamen komen und Ob Sie zu vor gar kein
2185 2164 3044 2268 Khundtsame mit Ein anderen gehabt.
2224 2242 3135 2347 Er Wüße nit Wie der Metzger anderst
2140 2234 2216 2366 H.
2968 2312 3134 2400 heiße
