<?xml version="1.0" encoding="UTF-8" standalone="yes"?>
<PcGts xmlns="http://schema.primaresearch.org/PAGE/gts/pagecontent/2013-07-15" xmlns:xsi="http://www.w3.org/2001/XMLSchema-instance" xsi:schemaLocation="http://schema.primaresearch.org/PAGE/gts/pagecontent/2013-07-15 http://schema.primaresearch.org/PAGE/gts/pagecontent/2013-07-15/pagecontent.xsd">
    <Metadata>
        <Creator>prov=University of Rostock/Institute of Mathematics/CITlab|PLANET AI GmbH/Gundram Leifert/gundram.leifert@planet-ai.de:name=Transkribus German Kurrent M2(htr_id=29820)::::v=2.6.7
prov=University of Rostock/Institute of Mathematics/CITlab|PLANET AI GmbH/Tobias Gruening/tobias.gruening@planet-ai.de:name=de.uros.citlab.module.baseline2polygon.B2PSeamMultiOriented:v=2.6.7
prov=University of Rostock/Institute of Mathematics/CITlab|PLANET AI GmbH/Tobias Gruening/tobias.gruening@planet-ai.de:name=/net_tf/LA73_249_0mod360.pb:de.uros.citlab.segmentation.CITlab_LA_ML:v=2.6.7
Transkribus</Creator>
        <Created>2022-05-02T16:07:29.117+02:00</Created>
        <LastChange>2023-06-17T17:28:45.067+02:00</LastChange>
        <TranskribusMetadata docId="1336518" pageId="52421628" pageNr="161" tsid="127191624" status="IN_PROGRESS" userId="42748" imgUrl="https://files.transkribus.eu/Get?id=JUYLGLEMLBVXAOGPTDTCKWCX&amp;fileType=view" xmlUrl="https://files.transkribus.eu/Get?id=UQGEGYFZIIZKTYHMVPGVARSZ" imageId="30694611"/>
    </Metadata>
    <Page imageFilename="IMG_6715.jpg" imageWidth="4032" imageHeight="3024">
        <ReadingOrder>
            <OrderedGroup id="ro_1687513577935" caption="Regions reading order">
                <RegionRefIndexed index="0" regionRef="TextRegion_1687015696126_2641"/>
                <RegionRefIndexed index="1" regionRef="TextRegion_1687015691695_2627"/>
                <RegionRefIndexed index="2" regionRef="TextRegion_1687015711650_2652"/>
                <RegionRefIndexed index="3" regionRef="TextRegion_1687015706067_2646"/>
            </OrderedGroup>
        </ReadingOrder>
        <TextRegion orientation="0.0" type="marginalia" id="TextRegion_1687015696126_2641" custom="readingOrder {index:0;}">
            <Coords points="761,1102 857,1073 830,2114 767,2114"/>
            <TextLine id="line_1687015691841_2629" custom="readingOrder {index:0;}">
                <Coords points="826,1082 857,1073 855,1145 823,1146"/>
                <Baseline points="831,1121 855,1121"/>
                <TextEquiv>
                    <Unicode>I. Wie es doch so frach laugnen dorffen, daß es mit</Unicode>
                </TextEquiv>
            </TextLine>
            <TextLine id="line_1687015691841_2631" custom="readingOrder {index:1;} person {offset:8; length:17;} place {offset:34; length:10;}">
                <Coords points="838,1143 855,1143 854,1186 835,1188"/>
                <Baseline points="842,1176 854,1175"/>
                <TextEquiv>
                    <Unicode>auß des Bendicht Beichers Hauß zu oberwangen</Unicode>
                </TextEquiv>
            </TextLine>
            <TextLine id="line_1687015691842_2633" custom="readingOrder {index:2;}">
                <Coords points="828,1481 847,1481 845,1549 827,1549"/>
                <Baseline points="834,1539 845,1539"/>
                <TextEquiv>
                    <Unicode>Vorauf es endtlichen bekennte das es Ja</Unicode>
                </TextEquiv>
            </TextLine>
            <TextLine id="line_1687015691843_2635" custom="readingOrder {index:3;} person {offset:0; length:9; continued:true;}">
                <Coords points="837,1612 844,1611 842,1670 837,1671"/>
                <Baseline points="843,1661 893,1661 944,1661 995,1661 1046,1661 1097,1661 1148,1662 1198,1663 1249,1664 1300,1665 1351,1667 1402,1668 1453,1670 1504,1671 1554,1671 1605,1672 1656,1673 1707,1671 1758,1671 1809,1670 1860,1667"/>
                <TextEquiv>
                    <Unicode>Speichers Hauß einen Rock, zwey hembder</Unicode>
                </TextEquiv>
            </TextLine>
            <TextLine id="line_1687015691844_2637" custom="readingOrder {index:4;}">
                <Coords points="829,2250 827,2311 821,2312 822,2254"/>
                <Baseline points="828,2277 877,2277 926,2276 975,2276 1024,2276 1073,2276 1122,2276 1171,2277 1220,2277 1269,2277 1318,2279 1367,2279 1416,2280 1465,2280 1514,2280 1563,2280 1612,2282 1661,2282 1710,2280 1759,2280 1809,2279"/>
                <TextEquiv>
                    <Unicode>Ntag gemacht, hinein gestigen und die sachen ge¬</Unicode>
                </TextEquiv>
            </TextLine>
            <TextLine id="r1l1" custom="readingOrder {index:5;}">
                <Coords points="767,1897 776,1899 781,1896 798,1908 810,1901 826,1899 826,1789 806,1794 783,1812 767,1810"/>
                <Baseline points="774,1865 819,1865"/>
                <TextEquiv>
                    <Unicode>E</Unicode>
                </TextEquiv>
            </TextLine>
            <TextLine id="r1l2" custom="readingOrder {index:6;}">
                <Coords points="777,2093 785,2093 791,2099 807,2097 813,2092 826,2095 832,1992 823,1990 815,1994 804,1988 793,1997 783,1996"/>
                <Baseline points="786,2058 822,2060"/>
                <TextEquiv>
                    <Unicode>R.</Unicode>
                </TextEquiv>
            </TextLine>
            <TextEquiv>
                <Unicode>I. Wie es doch so frach laugnen dorffen, daß es mit
auß des Bendicht Beichers Hauß zu oberwangen
Vorauf es endtlichen bekennte das es Ja
Speichers Hauß einen Rock, zwey hembder
Ntag gemacht, hinein gestigen und die sachen ge¬
E
R.</Unicode>
            </TextEquiv>
        </TextRegion>
        <TextRegion orientation="0.0" type="paragraph" id="TextRegion_1687015691695_2627" custom="readingOrder {index:1;} structure {type:paragraph;}">
            <Coords points="761,1002 1887,1002 1887,2430 824,2430 857,1073 761,1102"/>
            <TextLine id="r2l1" custom="readingOrder {index:0;}">
                <Coords points="754,1050 782,1044 804,1056 822,1042 853,1035 867,1045 885,1039 929,1070 965,1040 984,1039 985,987 916,1009 869,981 841,994 812,977 779,995 755,992"/>
                <Baseline points="761,1032 788,1030 815,1029 842,1028 869,1028 896,1029 923,1031 950,1032 977,1035"/>
                <TextEquiv>
                    <Unicode>Repliuert</Unicode>
                </TextEquiv>
            </TextLine>
            <TextLine id="r2l2" custom="readingOrder {index:1;}">
                <Coords points="1111,1089 1131,1084 1148,1090 1172,1080 1204,1106 1219,1105 1225,1112 1237,1112 1262,1092 1284,1099 1304,1092 1306,1044 1269,1041 1231,1058 1180,1057 1114,1024"/>
                <Baseline points="1118,1077 1143,1076 1169,1076 1195,1078 1220,1080 1246,1081 1272,1082 1298,1083"/>
                <TextEquiv>
                    <Unicode>vormachts</Unicode>
                </TextEquiv>
            </TextLine>
            <TextLine id="line_1687015691841_2630" custom="readingOrder {index:2;}">
                <Coords points="829,1042 1201,1113 1340,1075 1396,1113 1649,1095 1892,1142 1890,1192 1276,1134 855,1145 857,1073 826,1082"/>
                <Baseline points="855,1121 883,1122 936,1124 988,1125 1041,1127 1094,1128 1146,1130 1199,1133 1252,1136 1304,1138 1357,1140 1410,1144 1462,1146 1515,1150 1568,1153 1620,1156 1673,1160 1726,1162 1778,1166 1831,1169 1884,1172"/>
                <TextEquiv>
                    <Unicode>I. Wie es doch so frach laugnen dorffen, daß es mit</Unicode>
                </TextEquiv>
            </TextLine>
            <TextLine id="line_1687015691841_2632" custom="readingOrder {index:3;} person {offset:8; length:17;} place {offset:34; length:10;}">
                <Coords points="855,1143 1671,1168 1859,1192 1871,1241 1370,1225 1008,1171 854,1186"/>
                <Baseline points="854,1175 893,1175 944,1175 995,1175 1046,1176 1098,1177 1149,1179 1200,1181 1251,1184 1302,1187 1354,1190 1405,1194 1456,1198 1507,1201 1558,1205 1610,1208 1661,1210 1712,1213 1763,1215 1814,1218 1866,1218"/>
                <TextEquiv>
                    <Unicode>auß des Bendicht Beichers Hauß zu oberwangen</Unicode>
                </TextEquiv>
            </TextLine>
            <TextLine id="r2l5" custom="readingOrder {index:4;}">
                <Coords points="865,1235 1706,1294 1826,1271 1828,1230 1311,1226 1150,1179 867,1196"/>
                <Baseline points="873,1226 920,1229 967,1230 1015,1232 1062,1234 1109,1236 1157,1238 1204,1239 1251,1241 1299,1242 1346,1244 1393,1246 1441,1248 1488,1250 1535,1253 1583,1254 1630,1256 1677,1257 1725,1260 1772,1262 1820,1265"/>
                <TextEquiv>
                    <Unicode>einen Rock und andere sachen entwendt habe</Unicode>
                </TextEquiv>
            </TextLine>
            <TextLine id="r2l6" custom="readingOrder {index:5;}">
                <Coords points="863,1288 981,1322 1339,1304 1403,1340 1523,1302 1648,1348 1696,1317 1878,1347 1889,1280 864,1254"/>
                <Baseline points="870,1280 920,1281 971,1283 1021,1284 1072,1286 1122,1287 1173,1290 1223,1292 1274,1294 1324,1296 1375,1299 1426,1301 1476,1302 1527,1305 1577,1307 1628,1310 1678,1311 1729,1313 1779,1314 1830,1316 1881,1316"/>
                <TextEquiv>
                    <Unicode>mit beygefuegtem ernstlichen ermahnen diß¬</Unicode>
                </TextEquiv>
            </TextLine>
            <TextLine id="r2l7" custom="readingOrder {index:6;}">
                <Coords points="857,1354 1769,1395 1874,1392 1876,1346 1770,1353 1697,1317 1594,1347 1522,1305 1400,1341 1337,1303 858,1316"/>
                <Baseline points="864,1338 914,1339 964,1340 1014,1341 1065,1343 1115,1344 1165,1346 1215,1349 1266,1351 1316,1353 1366,1356 1416,1358 1467,1361 1517,1362 1567,1365 1617,1366 1668,1368 1718,1368 1768,1369 1818,1370 1869,1368"/>
                <TextEquiv>
                    <Unicode>mahlen die Wahrheit zu bekennen, Widrigen</Unicode>
                </TextEquiv>
            </TextLine>
            <TextLine id="r2l8" custom="readingOrder {index:7;}">
                <Coords points="854,1419 1856,1448 1894,1411 1741,1378 1396,1363 1329,1395 856,1354"/>
                <Baseline points="861,1397 912,1398 963,1399 1014,1400 1066,1401 1117,1404 1168,1404 1220,1406 1271,1409 1322,1410 1374,1412 1425,1413 1476,1415 1527,1416 1579,1419 1630,1421 1681,1422 1733,1424 1784,1425 1835,1428 1887,1430"/>
                <TextEquiv>
                    <Unicode>fahls mann andere und schärpfere Mittel an¬</Unicode>
                </TextEquiv>
            </TextLine>
            <TextLine id="r2l9" custom="readingOrder {index:8;}">
                <Coords points="861,1474 1132,1463 1172,1499 1264,1468 1354,1503 1459,1468 1707,1504 1797,1480 1798,1432 1561,1446 1484,1421 1347,1451 1291,1420 1196,1446 1133,1415 1023,1442 951,1412 861,1425"/>
                <Baseline points="867,1457 913,1458 959,1458 1005,1460 1051,1460 1098,1461 1144,1463 1190,1464 1236,1465 1282,1466 1329,1467 1375,1467 1421,1469 1467,1470 1513,1470 1560,1472 1606,1472 1652,1472 1698,1472 1744,1472 1791,1472"/>
                <TextEquiv>
                    <Unicode>wenden werde selbige hervorzubringen</Unicode>
                </TextEquiv>
            </TextLine>
            <TextLine id="r2l10" custom="readingOrder {index:9;}">
                <Coords points="1361,1518 1485,1502 1566,1536 1682,1544 1735,1526 1756,1543 1806,1514 1891,1516 1892,1476 1813,1474 1741,1499 1703,1478 1559,1489 1460,1467 1362,1491"/>
                <Baseline points="1368,1505 1393,1505 1419,1505 1445,1505 1471,1505 1497,1506 1522,1506 1548,1507 1574,1508 1600,1508 1626,1509 1651,1509 1677,1511 1703,1511 1729,1512 1755,1512 1780,1514 1806,1514 1832,1515 1858,1515 1884,1515"/>
                <TextEquiv>
                    <Unicode>nachvielen gesuchten außfluchte</Unicode>
                </TextEquiv>
            </TextLine>
            <TextLine id="line_1687015691842_2634" custom="readingOrder {index:10;}">
                <Coords points="847,1481 1043,1482 1098,1519 1256,1486 1340,1531 1489,1503 1587,1538 1853,1509 1885,1562 845,1549"/>
                <Baseline points="845,1539 886,1539 938,1539 990,1541 1042,1541 1095,1542 1147,1544 1199,1545 1251,1547 1303,1548 1356,1550 1408,1551 1460,1552 1512,1553 1564,1554 1617,1554 1669,1554 1721,1553 1773,1552 1825,1550 1878,1548"/>
                <TextEquiv>
                    <Unicode>Vorauf es endtlichen bekennte das es Ja</Unicode>
                </TextEquiv>
            </TextLine>
            <TextLine id="r2l12" custom="readingOrder {index:11;} person {offset:8; length:5;} person {offset:15; length:6;} person {offset:30; length:8; continued:true;}">
                <Coords points="850,1605 1115,1609 1155,1645 1249,1620 1325,1642 1412,1604 1502,1632 1840,1613 1840,1571 1664,1561 1497,1595 1306,1589 1266,1555 851,1564"/>
                <Baseline points="857,1593 905,1595 954,1596 1003,1598 1052,1600 1101,1601 1149,1603 1198,1605 1247,1606 1296,1607 1345,1608 1393,1608 1442,1610 1491,1610 1540,1611 1589,1611 1637,1611 1686,1611 1735,1611 1784,1611 1833,1610"/>
                <TextEquiv>
                    <Unicode>mit dem Barbl. Müller auß des Bendicht</Unicode>
                </TextEquiv>
            </TextLine>
            <TextLine id="line_1687015691843_2636" custom="readingOrder {index:12;} person {offset:0; length:9; continued:true;}">
                <Coords points="844,1611 1117,1609 1161,1647 1411,1604 1591,1637 1774,1613 1867,1671 1515,1703 1335,1668 842,1670"/>
                <Baseline points="843,1662 843,1661"/>
                <TextEquiv>
                    <Unicode>Speichers Hauß einen Rock, zwey hembder</Unicode>
                </TextEquiv>
            </TextLine>
            <TextLine id="r2l14" custom="readingOrder {index:13;}">
                <Coords points="860,1743 1282,1733 1598,1777 1702,1735 1816,1746 1817,1686 1757,1719 1431,1673 1306,1708 1234,1683 1123,1704 1070,1662 990,1708 861,1682"/>
                <Baseline points="867,1721 914,1721 961,1721 1008,1721 1055,1722 1102,1724 1149,1724 1196,1725 1243,1727 1290,1728 1338,1730 1385,1731 1432,1732 1479,1733 1526,1734 1573,1734 1620,1734 1667,1734 1714,1734 1761,1733 1809,1731"/>
                <TextEquiv>
                    <Unicode>in furtuch und ein Költsches Ziechlin ent</Unicode>
                </TextEquiv>
            </TextLine>
            <TextLine id="r2l15" custom="readingOrder {index:14;}">
                <Coords points="863,1803 877,1807 906,1791 920,1794 937,1788 963,1802 987,1796 1004,1810 1016,1807 1020,1724 1012,1723 989,1741 977,1739 945,1750 938,1746 929,1751 906,1737 866,1741"/>
                <Baseline points="870,1778 898,1779 926,1781 954,1782 982,1783 1010,1785"/>
                <TextEquiv>
                    <Unicode>nkendt.</Unicode>
                </TextEquiv>
            </TextLine>
            <TextLine id="r2l16" custom="readingOrder {index:15;}">
                <Coords points="862,1879 960,1904 1056,1858 1180,1902 1297,1873 1383,1901 1607,1861 1699,1904 1881,1891 1881,1836 1743,1804 1483,1832 1403,1806 1299,1844 1243,1805 982,1834 863,1806"/>
                <Baseline points="869,1862 919,1861 969,1860 1019,1859 1070,1859 1120,1859 1170,1859 1220,1860 1271,1860 1321,1862 1371,1862 1421,1863 1472,1863 1522,1865 1572,1865 1622,1865 1673,1865 1723,1863 1773,1863 1823,1860 1874,1857"/>
                <TextEquiv>
                    <Unicode>Welches von Ihnen beyden den Anschlag ge¬</Unicode>
                </TextEquiv>
            </TextLine>
            <TextLine id="r2l17" custom="readingOrder {index:16;}">
                <Coords points="843,1927 1254,1950 1430,1926 1509,1968 1611,1927 1810,1926 1740,1885 1478,1869 1390,1908 1302,1874 1180,1903 1128,1864 959,1904 843,1882"/>
                <Baseline points="849,1920 896,1919 944,1919 992,1919 1039,1920 1087,1920 1135,1920 1182,1922 1230,1923 1278,1923 1326,1925 1373,1925 1421,1925 1469,1926 1516,1926 1564,1926 1612,1925 1659,1925 1707,1923 1755,1920 1803,1919"/>
                <TextEquiv>
                    <Unicode>ben daß sie daselbsten ein brechen wollen</Unicode>
                </TextEquiv>
            </TextLine>
            <TextLine id="r2l18" custom="readingOrder {index:17;}">
                <Coords points="852,1974 989,1973 1016,1998 1078,1978 1163,2014 1494,2013 1495,1944 1458,1932 1410,1953 1349,1923 1254,1951 1073,1928 1015,1948 929,1914 852,1920"/>
                <Baseline points="858,1967 889,1968 921,1968 952,1969 984,1970 1015,1971 1047,1971 1078,1971 1110,1973 1141,1973 1173,1973 1204,1974 1236,1974 1267,1974 1299,1974 1330,1974 1362,1974 1393,1974 1425,1974 1456,1974 1488,1974"/>
                <TextEquiv>
                    <Unicode>und wie sie es gemacht haben?</Unicode>
                </TextEquiv>
            </TextLine>
            <TextLine id="r2l19" custom="readingOrder {index:18;}">
                <Coords points="865,2054 1197,2058 1243,2095 1331,2062 1622,2062 1666,2097 1831,2071 1831,2016 1646,1996 1493,2048 1379,2005 1292,2034 1224,2001 866,2000"/>
                <Baseline points="872,2049 919,2048 967,2048 1014,2048 1062,2049 1110,2050 1157,2051 1205,2052 1252,2054 1300,2055 1348,2056 1395,2058 1443,2058 1490,2060 1538,2060 1586,2060 1633,2058 1681,2057 1728,2056 1776,2052 1824,2049"/>
                <TextEquiv>
                    <Unicode>Es zaun auwerlin habe den Anschlaggeben,</Unicode>
                </TextEquiv>
            </TextLine>
            <TextLine id="r2l20" custom="readingOrder {index:19;}">
                <Coords points="848,2117 1531,2145 1856,2121 1857,2060 1667,2098 1621,2067 1548,2091 1334,2061 1237,2093 1197,2058 1089,2056 848,2091"/>
                <Baseline points="855,2105 904,2103 954,2102 1004,2102 1054,2103 1103,2103 1153,2105 1203,2106 1253,2108 1302,2111 1352,2112 1402,2114 1452,2115 1501,2117 1551,2117 1601,2117 1651,2117 1700,2115 1750,2114 1800,2110 1850,2106"/>
                <TextEquiv>
                    <Unicode>ernach als sie zum Hauß kommen, und niemand</Unicode>
                </TextEquiv>
            </TextLine>
            <TextLine id="r2l21" custom="readingOrder {index:20;}">
                <Coords points="838,2165 1838,2182 1839,2124 1797,2118 1740,2149 1669,2118 1530,2146 1317,2120 1275,2148 1213,2111 839,2129"/>
                <Baseline points="845,2157 894,2157 943,2157 993,2157 1042,2159 1091,2159 1141,2160 1190,2162 1239,2163 1289,2165 1338,2165 1387,2166 1437,2168 1486,2168 1535,2168 1585,2168 1634,2168 1683,2166 1733,2165 1782,2163 1832,2160"/>
                <TextEquiv>
                    <Unicode>dariin angetroffen (dann die Leuth damahls</Unicode>
                </TextEquiv>
            </TextLine>
            <TextLine id="r2l22" custom="readingOrder {index:21;}">
                <Coords points="844,2242 1510,2226 1716,2259 1820,2240 1821,2195 845,2167"/>
                <Baseline points="851,2211 899,2211 947,2213 995,2213 1043,2214 1091,2216 1139,2216 1188,2218 1236,2219 1284,2220 1332,2222 1380,2222 1428,2223 1476,2223 1525,2225 1573,2225 1621,2225 1669,2223 1717,2223 1765,2222 1814,2220"/>
                <TextEquiv>
                    <Unicode>gehöuwet) habe es ein Rigelin am Pfenster</Unicode>
                </TextEquiv>
            </TextLine>
            <TextLine id="line_1687015691844_2638" custom="readingOrder {index:22;}">
                <Coords points="878,2224 1032,2259 1179,2225 1296,2256 1509,2227 1725,2266 1794,2245 1816,2292 1726,2324 1192,2284 1100,2320 1032,2284 827,2311 829,2250"/>
                <Baseline points="828,2277"/>
                <TextEquiv>
                    <Unicode>Ntag gemacht, hinein gestigen und die sachen ge¬</Unicode>
                </TextEquiv>
            </TextLine>
            <TextLine id="r2l24" custom="readingOrder {index:23;} person {offset:23; length:13;}">
                <Coords points="835,2357 1108,2345 1199,2378 1304,2345 1468,2383 1615,2353 1743,2381 1782,2372 1783,2323 1376,2295 1088,2323 1035,2288 1001,2318 835,2314"/>
                <Baseline points="842,2331 888,2333 935,2333 982,2334 1028,2336 1075,2337 1122,2337 1168,2339 1215,2340 1262,2340 1309,2342 1355,2342 1402,2343 1449,2343 1495,2345 1542,2345 1589,2345 1635,2346 1682,2346 1729,2346 1776,2348"/>
                <TextEquiv>
                    <Unicode>nommen, da indeßen das barbli Müller in</Unicode>
                </TextEquiv>
            </TextLine>
            <TextLine id="r2l25" custom="readingOrder {index:24;}">
                <Coords points="1639,2424 1651,2428 1659,2424 1674,2437 1683,2434 1705,2445 1716,2436 1724,2444 1733,2441 1758,2421 1775,2420 1775,2390 1762,2390 1746,2380 1722,2375 1701,2383 1684,2371 1653,2385 1639,2385"/>
                <Baseline points="1646,2417 1676,2412 1707,2412 1738,2415 1769,2414"/>
                <TextEquiv>
                    <Unicode>Derp</Unicode>
                </TextEquiv>
            </TextLine>
            <TextEquiv>
                <Unicode>Repliuert
vormachts
I. Wie es doch so frach laugnen dorffen, daß es mit
auß des Bendicht Beichers Hauß zu oberwangen
einen Rock und andere sachen entwendt habe
mit beygefuegtem ernstlichen ermahnen diß¬
mahlen die Wahrheit zu bekennen, Widrigen
fahls mann andere und schärpfere Mittel an¬
wenden werde selbige hervorzubringen
nachvielen gesuchten außfluchte
Vorauf es endtlichen bekennte das es Ja
mit dem Barbl. Müller auß des Bendicht
Speichers Hauß einen Rock, zwey hembder
in furtuch und ein Költsches Ziechlin ent
nkendt.
Welches von Ihnen beyden den Anschlag ge¬
ben daß sie daselbsten ein brechen wollen
und wie sie es gemacht haben?
Es zaun auwerlin habe den Anschlaggeben,
ernach als sie zum Hauß kommen, und niemand
dariin angetroffen (dann die Leuth damahls
gehöuwet) habe es ein Rigelin am Pfenster
Ntag gemacht, hinein gestigen und die sachen ge¬
nommen, da indeßen das barbli Müller in
Derp</Unicode>
            </TextEquiv>
        </TextRegion>
        <TextRegion orientation="0.0" type="paragraph" id="TextRegion_1687015711650_2652" custom="readingOrder {index:2;}">
            <Coords points="1969,1160 1953,1055 3133,1107 3077,2466 2075,2466 2091,1173"/>
            <TextLine id="r4l1" custom="readingOrder {index:0;} person {offset:3; length:5;}">
                <Coords points="2120,1203 2156,1188 2201,1225 2291,1199 2402,1227 2437,1213 2603,1221 2640,1212 2641,1120 2589,1114 2537,1143 2412,1157 2357,1134 2211,1151 2121,1135"/>
                <Baseline points="2127,1181 2152,1181 2177,1182 2203,1182 2228,1182 2253,1182 2279,1182 2304,1182 2329,1183 2355,1184 2380,1184 2405,1184 2431,1184 2456,1184 2481,1184 2507,1185 2532,1185 2557,1185 2583,1186 2608,1187 2634,1187"/>
                <TextEquiv>
                    <Unicode>er Gaßen gewahrtet.</Unicode>
                </TextEquiv>
            </TextLine>
            <TextLine id="r4l2" custom="readingOrder {index:1;}">
                <Coords points="2120,1278 2228,1261 2286,1300 2323,1268 2411,1296 2467,1264 2526,1293 2604,1268 2838,1307 3036,1267 3036,1233 2980,1240 2878,1186 2813,1229 2622,1210 2528,1240 2332,1200 2225,1239 2156,1188 2121,1203"/>
                <Baseline points="2127,1259 2172,1257 2217,1257 2262,1257 2307,1257 2352,1259 2397,1260 2442,1261 2487,1262 2532,1263 2578,1265 2623,1266 2668,1266 2713,1268 2758,1269 2803,1269 2848,1269 2893,1269 2938,1269 2983,1268 3029,1266"/>
                <TextEquiv>
                    <Unicode>Wie es gewußt daß in selbigem hauß ge¬</Unicode>
                </TextEquiv>
            </TextLine>
            <TextLine id="r4l3" custom="readingOrder {index:2;}">
                <Coords points="2095,1332 2140,1356 2338,1332 2384,1353 2469,1335 2544,1352 2579,1331 2622,1343 2623,1290 2325,1266 2286,1300 2256,1280 2177,1298 2096,1278"/>
                <Baseline points="2102,1314 2127,1314 2153,1314 2179,1314 2204,1314 2230,1314 2256,1314 2281,1314 2307,1314 2333,1314 2359,1314 2384,1314 2410,1314 2436,1314 2461,1314 2487,1314 2513,1315 2538,1316 2564,1317 2590,1317 2616,1319"/>
                <TextEquiv>
                    <Unicode>legenheit sey zustehlen</Unicode>
                </TextEquiv>
            </TextLine>
            <TextLine id="r4l4" custom="readingOrder {index:3;}">
                <Coords points="2109,1445 2328,1415 2629,1449 2741,1413 2789,1442 2959,1417 3012,1444 3084,1434 3084,1376 2705,1389 2622,1343 2491,1379 2412,1346 2109,1377"/>
                <Baseline points="2115,1413 2163,1413 2211,1412 2259,1412 2307,1412 2355,1412 2403,1412 2451,1412 2499,1412 2547,1412 2596,1412 2644,1412 2692,1412 2740,1412 2788,1412 2836,1412 2884,1412 2932,1412 2980,1412 3028,1412 3077,1410"/>
                <TextEquiv>
                    <Unicode>Es habe es nit gewißt, sonder sie seyendohn</Unicode>
                </TextEquiv>
            </TextLine>
            <TextLine id="r4l5" custom="readingOrder {index:4;}">
                <Coords points="2097,1497 2165,1487 2184,1503 2226,1482 2326,1506 2384,1490 2443,1514 2490,1493 2520,1516 2571,1507 2571,1450 2359,1442 2297,1418 2250,1435 2185,1425 2154,1453 2096,1445"/>
                <Baseline points="2103,1476 2128,1474 2154,1472 2179,1469 2205,1469 2231,1467 2256,1467 2282,1467 2307,1467 2333,1467 2359,1467 2384,1469 2410,1469 2435,1469 2461,1470 2487,1470 2512,1470 2538,1470 2564,1469"/>
                <TextEquiv>
                    <Unicode>gefahrdt dahin gangen</Unicode>
                </TextEquiv>
            </TextLine>
            <TextLine id="r4l6" custom="readingOrder {index:5;}">
                <Coords points="2096,1600 2571,1614 2668,1571 2824,1605 2915,1565 3069,1597 3068,1535 2997,1507 2842,1537 2591,1496 2266,1510 2209,1547 2095,1528"/>
                <Baseline points="2103,1580 2153,1577 2203,1575 2254,1574 2304,1572 2355,1571 2405,1569 2456,1569 2506,1568 2557,1568 2607,1567 2658,1566 2708,1566 2759,1565 2809,1565 2860,1563 2910,1563 2961,1562 3011,1560 3062,1557"/>
                <TextEquiv>
                    <Unicode>Wo es mit denen gestohlnen sachen hinkomen</Unicode>
                </TextEquiv>
            </TextLine>
            <TextLine id="r4l7" custom="readingOrder {index:6;}">
                <Coords points="2118,1668 2199,1695 2247,1660 2357,1686 2641,1657 2710,1686 3045,1645 3043,1582 2985,1572 2615,1637 2509,1600 2263,1623 2116,1589"/>
                <Baseline points="2124,1662 2169,1661 2215,1659 2261,1658 2306,1656 2352,1655 2398,1655 2443,1653 2489,1652 2535,1650 2581,1650 2626,1649 2672,1647 2718,1646 2763,1644 2809,1643 2855,1641 2900,1638 2946,1637 2992,1634 3038,1631"/>
                <TextEquiv>
                    <Unicode>das Hembd habe es angelegdt, das Ziech</Unicode>
                </TextEquiv>
            </TextLine>
            <TextLine id="r4l8" custom="readingOrder {index:7;} place {offset:19; length:6;}">
                <Coords points="2102,1723 3046,1720 3035,1643 2925,1681 2818,1656 2712,1686 2535,1655 2303,1690 2246,1660 2207,1696 2101,1675"/>
                <Baseline points="2109,1716 2155,1715 2202,1713 2248,1713 2295,1712 2341,1710 2388,1709 2434,1707 2481,1707 2527,1706 2574,1704 2620,1704 2667,1703 2713,1703 2760,1701 2806,1700 2853,1700 2899,1698 2946,1697 2992,1697 3039,1695"/>
                <TextEquiv>
                    <Unicode>in aber habe es zu arberg vmb einen halben</Unicode>
                </TextEquiv>
            </TextLine>
            <TextLine id="r4l9" custom="readingOrder {index:8;}">
                <Coords points="2087,1797 2139,1796 2162,1773 2281,1775 2312,1762 2352,1780 2390,1768 2415,1789 2496,1759 2495,1707 2379,1708 2307,1727 2293,1714 2267,1731 2163,1715 2086,1733"/>
                <Baseline points="2093,1770 2119,1769 2145,1767 2172,1767 2198,1766 2225,1766 2251,1764 2277,1764 2304,1764 2330,1763 2357,1763 2383,1761 2409,1761 2436,1760 2462,1758 2489,1757"/>
                <TextEquiv>
                    <Unicode>Guldin verkauft.</Unicode>
                </TextEquiv>
            </TextLine>
            <TextLine id="r4l10" custom="readingOrder {index:9;}">
                <Coords points="2084,1906 2195,1874 2294,1911 2698,1864 2736,1896 2820,1901 2873,1862 2964,1891 3031,1849 3030,1815 2879,1824 2817,1788 2569,1845 2185,1819 2082,1851"/>
                <Baseline points="2090,1881 2136,1880 2183,1879 2230,1878 2276,1877 2323,1875 2370,1874 2416,1872 2463,1871 2510,1869 2557,1867 2603,1865 2650,1863 2697,1862 2743,1860 2790,1859 2837,1857 2883,1856 2930,1854 2977,1853 3024,1851"/>
                <TextEquiv>
                    <Unicode>Wie es zugangen mit dem Jenigen betth¬</Unicode>
                </TextEquiv>
            </TextLine>
            <TextLine id="r4l11" custom="readingOrder {index:10;} place {offset:16; length:10;}">
                <Coords points="2087,1962 2348,1929 2440,1967 2491,1939 2583,1964 2630,1927 2703,1963 2803,1919 3024,1925 3022,1864 2955,1898 2873,1862 2821,1901 2414,1876 2386,1905 2145,1879 2085,1906"/>
                <Baseline points="2093,1940 2139,1938 2185,1937 2231,1935 2277,1934 2324,1931 2370,1931 2416,1929 2462,1928 2508,1927 2555,1926 2601,1925 2647,1923 2693,1922 2739,1920 2786,1919 2832,1916 2878,1916 2924,1913 2970,1910 3017,1908"/>
                <TextEquiv>
                    <Unicode>so dem Wurth zu Bleyenbach entwendt</Unicode>
                </TextEquiv>
            </TextLine>
            <TextLine id="r4l12" custom="readingOrder {index:11;}">
                <Coords points="2095,2007 2733,2018 2821,1978 3072,1979 3056,1909 2970,1947 2804,1918 2705,1959 2656,1934 2441,1967 2347,1930 2094,1961"/>
                <Baseline points="2102,1994 2150,1991 2198,1989 2246,1986 2294,1985 2342,1985 2390,1983 2439,1982 2487,1981 2535,1980 2583,1979 2631,1979 2679,1977 2727,1976 2776,1976 2824,1973 2872,1971 2920,1969 2968,1967 3016,1964 3065,1961"/>
                <TextEquiv>
                    <Unicode>worden vnd wer alles Ihme selbiges nemen</Unicode>
                </TextEquiv>
            </TextLine>
            <TextLine id="r4l13" custom="readingOrder {index:12;}">
                <Coords points="2078,2095 2109,2068 2135,2078 2165,2057 2172,2064 2214,2062 2232,2069 2269,2052 2266,2018 2237,2031 2182,1997 2168,2000 2141,2023 2109,2010 2087,2034 2073,2032"/>
                <Baseline points="2081,2057 2106,2054 2132,2052 2158,2049 2184,2047 2210,2046 2236,2045 2262,2046"/>
                <TextEquiv>
                    <Unicode>helffen?</Unicode>
                </TextEquiv>
            </TextLine>
            <TextLine id="r4l14" custom="readingOrder {index:13;}">
                <Coords points="2070,2171 2157,2136 2263,2168 2464,2124 2499,2147 2677,2115 2982,2129 3021,2111 3019,2055 2973,2070 2886,2030 2801,2082 2576,2058 2492,2093 2266,2049 2067,2097"/>
                <Baseline points="2075,2138 2124,2135 2173,2133 2223,2132 2272,2130 2322,2129 2371,2128 2420,2127 2470,2126 2519,2124 2569,2123 2618,2121 2668,2120 2717,2118 2766,2117 2816,2114 2865,2111 2915,2108 2964,2103 3014,2099"/>
                <TextEquiv>
                    <Unicode>Anfangs sagdte es daß es dieses betth</Unicode>
                </TextEquiv>
            </TextLine>
            <TextLine id="r4l15" custom="readingOrder {index:14;} person {offset:33; length:6; continued:true;}">
                <Coords points="2087,2203 3034,2188 3032,2118 2424,2169 2317,2142 2195,2170 2157,2136 2085,2166"/>
                <Baseline points="2093,2193 2139,2192 2186,2191 2232,2189 2279,2187 2326,2187 2372,2186 2419,2184 2466,2183 2512,2181 2559,2181 2606,2179 2652,2178 2699,2175 2746,2174 2792,2172 2839,2169 2886,2168 2932,2164 2979,2160 3026,2157"/>
                <TextEquiv>
                    <Unicode>nit geholfen nemen, sonderen das Steini</Unicode>
                </TextEquiv>
            </TextLine>
            <TextLine id="r4l16" custom="readingOrder {index:15;} person {offset:0; length:6; continued:true;}">
                <Coords points="2076,2270 2148,2251 2222,2288 2287,2243 2435,2262 2464,2238 2552,2272 2785,2229 2851,2258 2927,2219 3019,2236 3016,2154 2932,2203 2496,2183 2074,2224"/>
                <Baseline points="2082,2256 2128,2252 2175,2249 2221,2246 2268,2244 2314,2241 2361,2240 2407,2238 2454,2237 2500,2235 2547,2234 2593,2232 2640,2232 2686,2230 2733,2228 2779,2226 2826,2223 2872,2222 2919,2218 2965,2215 3012,2211"/>
                <TextEquiv>
                    <Unicode>Stähli habe solches zu Ihnen gebracht, auff</Unicode>
                </TextEquiv>
            </TextLine>
            <TextLine id="r4l17" custom="readingOrder {index:16;}">
                <Coords points="2086,2317 2294,2297 2552,2326 2665,2286 2871,2319 3036,2263 3035,2226 2851,2258 2657,2233 2552,2272 2479,2240 2326,2279 2280,2252 2226,2285 2150,2251 2084,2264"/>
                <Baseline points="2093,2307 2139,2304 2186,2303 2233,2301 2280,2300 2327,2298 2373,2297 2420,2295 2467,2294 2514,2292 2561,2291 2607,2289 2654,2288 2701,2286 2748,2283 2795,2282 2841,2280 2888,2277 2935,2275 2982,2271 3029,2268"/>
                <TextEquiv>
                    <Unicode>Verdenten aber daß solches nit die wahrheit</Unicode>
                </TextEquiv>
            </TextLine>
            <TextLine id="r4l18" custom="readingOrder {index:17;}">
                <Coords points="2072,2382 3033,2340 3031,2291 2961,2283 2874,2316 2640,2293 2545,2328 2070,2311"/>
                <Baseline points="2078,2369 2125,2366 2172,2361 2220,2359 2267,2356 2315,2354 2362,2352 2409,2351 2457,2349 2504,2348 2552,2346 2599,2345 2646,2344 2694,2343 2741,2341 2789,2339 2836,2337 2883,2334 2931,2330 2978,2327 3026,2322"/>
                <TextEquiv>
                    <Unicode>sittemahl das Stein Stähl; vor seinem Todt</Unicode>
                </TextEquiv>
            </TextLine>
            <TextLine id="r4l19" custom="readingOrder {index:18;}">
                <Coords points="2077,2429 2247,2417 2337,2453 2396,2411 2649,2435 2914,2386 3043,2411 3040,2332 2873,2373 2317,2356 2248,2396 2198,2368 2076,2394"/>
                <Baseline points="2084,2423 2131,2420 2179,2417 2226,2415 2274,2412 2321,2411 2369,2409 2416,2408 2464,2406 2511,2405 2559,2403 2607,2402 2654,2400 2702,2398 2749,2397 2797,2394 2844,2391 2892,2390 2939,2386 2987,2382 3035,2379"/>
                <TextEquiv>
                    <Unicode>auß trinkenlich bekennt, auch an der Marter</Unicode>
                </TextEquiv>
            </TextLine>
            <TextLine id="r4l20" custom="readingOrder {index:19;}">
                <Coords points="2766,2478 2817,2488 2854,2453 2873,2449 2953,2468 2950,2410 2929,2413 2912,2404 2904,2413 2878,2418 2868,2411 2850,2422 2823,2410 2813,2417 2803,2410 2762,2407"/>
                <Baseline points="2771,2453 2800,2451 2829,2450 2858,2447 2887,2446 2916,2445 2945,2444"/>
                <TextEquiv>
                    <Unicode>erhalten</Unicode>
                </TextEquiv>
            </TextLine>
            <TextLine id="r3l1" custom="readingOrder {index:20;}">
                <Coords points="1997,1160 2013,1157 2036,1158 2041,1153 2049,1154 2062,1144 2072,1147 2078,1093 2070,1092 2032,1058 2013,1068 2006,1067"/>
                <Baseline points="2006,1134 2036,1134 2066,1140"/>
                <TextEquiv>
                    <Unicode>913</Unicode>
                </TextEquiv>
            </TextLine>
            <TextEquiv>
                <Unicode>er Gaßen gewahrtet.
Wie es gewußt daß in selbigem hauß ge¬
legenheit sey zustehlen
Es habe es nit gewißt, sonder sie seyendohn
gefahrdt dahin gangen
Wo es mit denen gestohlnen sachen hinkomen
das Hembd habe es angelegdt, das Ziech
in aber habe es zu arberg vmb einen halben
Guldin verkauft.
Wie es zugangen mit dem Jenigen betth¬
so dem Wurth zu Bleyenbach entwendt
worden vnd wer alles Ihme selbiges nemen
helffen?
Anfangs sagdte es daß es dieses betth
nit geholfen nemen, sonderen das Steini
Stähli habe solches zu Ihnen gebracht, auff
Verdenten aber daß solches nit die wahrheit
sittemahl das Stein Stähl; vor seinem Todt
auß trinkenlich bekennt, auch an der Marter
erhalten
913</Unicode>
            </TextEquiv>
        </TextRegion>
        <TextRegion orientation="0.0" type="marginalia" id="TextRegion_1687015706067_2646" custom="readingOrder {index:3;} structure {type:marginalia;}">
            <Coords points="1968,1185 2070,1185 2070,1916 1968,1916"/>
            <TextLine id="r3l2" custom="readingOrder {index:0;}">
                <Coords points="2019,1293 2028,1293 2030,1290 2034,1294 2041,1294 2047,1287 2057,1288 2062,1283 2068,1289 2078,1286 2075,1198 2068,1198 2063,1194 2049,1201 2043,1196 2035,1197 2022,1189 2015,1189"/>
                <Baseline points="2024,1266 2070,1265"/>
                <TextEquiv>
                    <Unicode>B</Unicode>
                </TextEquiv>
            </TextLine>
            <TextLine id="r3l3" custom="readingOrder {index:1;}">
                <Coords points="2008,1446 2020,1445 2031,1435 2039,1441 2043,1437 2050,1437 2060,1428 2067,1428 2069,1333 2056,1332 2037,1348 2020,1339 2011,1338"/>
                <Baseline points="2016,1404 2042,1427 2061,1403"/>
                <TextEquiv>
                    <Unicode>A</Unicode>
                </TextEquiv>
            </TextLine>
            <TextLine id="r3l4" custom="readingOrder {index:2;}">
                <Coords points="1978,1601 2007,1613 2017,1606 2030,1610 2040,1603 2048,1610 2060,1610 2069,1515 2048,1510 2016,1530 1997,1514 1986,1512"/>
                <Baseline points="1986,1590 2020,1594 2055,1596"/>
                <TextEquiv>
                    <Unicode>2</Unicode>
                </TextEquiv>
            </TextLine>
            <TextLine id="r3l5" custom="readingOrder {index:3;}">
                <Coords points="2013,1697 2020,1697 2022,1694 2031,1697 2035,1693 2041,1695 2054,1686 2061,1693 2071,1691 2064,1603 2058,1603 2050,1609 2041,1603 2032,1609 2021,1606 2007,1608"/>
                <Baseline points="2018,1673 2063,1670"/>
                <TextEquiv>
                    <Unicode>H.</Unicode>
                </TextEquiv>
            </TextLine>
            <TextLine id="r3l6" custom="readingOrder {index:4;}">
                <Coords points="1962,1906 1978,1910 1987,1920 1997,1916 2011,1929 2018,1921 2046,1928 2046,1817 2033,1814 2021,1825 2009,1827 1995,1819 1979,1831 1962,1826"/>
                <Baseline points="1968,1889 2004,1886 2040,1889"/>
                <TextEquiv>
                    <Unicode>B</Unicode>
                </TextEquiv>
            </TextLine>
            <TextEquiv>
                <Unicode>B
A
2
H.
B</Unicode>
            </TextEquiv>
        </TextRegion>
    </Page>
</PcGts>
