4032 3024
992 996 1025 1062 .Ob Er nit hievor drunden in Colland biy
1013 1065 1021 1122 Hrn Brigadies Stürler gedienet und sein
1016 1120 1019 1169 Domestique gewesen?
966 1168 1016 1227 E Er habe solches niemahls gelaugnet
967 1231 1013 1284 21
979 1276 1011 1336 Da In vorigen Examen hat Er nit gestehen
1007 1332 1010 1388 wollen, daß Er des zun Brigadier Domestique
938 1381 1008 1447 gin sonderen vorgeben, daß Er weder Knecht noch
1001 1447 1007 1491 soldat, gsey sich bloß allein bey Ihme auffgehalten
1000 1571 1003 1644 Holland bey Hrn Brigadier Stürler im dienst
995 1700 1001 1758 Gschirr entwendt habe?
992 1757 1000 1830 Auß dieses befragen hat Er Gerik mit
997 1816 999 1867 Weinenden Augen und Bezeugender reun
997 1864 999 1912 bekennt. Daß Er Ja als ein damahls noch
991 1913 998 1973 Junger ohnbesinnter Mensch dem Hrn Briga¬
982 2015 997 2080 Silbergschirr entwendt habe
995 2167 996 2182 Wie es mit diesem Diebstahl zugangen vndt
985 2178 996 2218 Waß fur Silber gschir gewesen, so Er entwendt habe.
955 2117 994 2189 2.
1021 956 1988 1105 .Ob Er nit hievor drunden in Colland biy
1019 1050 1954 1165 Hrn Brigadies Stürler gedienet und sein
1016 1105 1480 1204 Domestique gewesen?
1014 1165 1832 1279 E Er habe solches niemahls gelaugnet
1011 1228 1032 1289 21
1010 1276 1941 1389 Da In vorigen Examen hat Er nit gestehen
1008 1332 1995 1441 wollen, daß Er des zun Brigadier Domestique
1697 1404 1759 1446 als
1007 1385 1973 1495 gin sonderen vorgeben, daß Er weder Knecht noch
1006 1431 1958 1547 soldat, gsey sich bloß allein bey Ihme auffgehalten
1031 1507 1933 1622 Ob Er nit zur Zeit da Er sich drunden in
1002 1571 1989 1694 Holland bey Hrn Brigadier Stürler im dienst
1002 1640 1911 1735 auß gehalten zu Berge ob zoan Silber¬
1000 1683 1507 1778 Gschirr entwendt habe?
999 1757 1949 1878 Auß dieses befragen hat Er Gerik mit
999 1816 1957 1922 Weinenden Augen und Bezeugender reun
998 1852 1926 1974 bekennt. Daß Er Ja als ein damahls noch
997 1913 1976 2023 Junger ohnbesinnter Mensch dem Hrn Briga¬
1001 1971 1914 2076 diet Sturler zu Hergobzogin etwelches
996 2015 1612 2129 Silbergschirr entwendt habe
996 2093 1980 2227 Wie es mit diesem Diebstahl zugangen vndt
996 2171 1979 2306 Waß fur Silber gschir gewesen, so Er entwendt habe.
1790 2294 1868 2401 R.
2129 938 2172 1001 43
2254 1008 3285 1125 Als Er eines Tags sich allein in Hrn Brigidie
2237 1083 3276 1181 Stürlers Hauß zu Bergobzogin befunden vndt
2239 1150 3268 1237 eben am Tag zu vor, Ihme Hrn Brigadier Geldt
2237 1206 3245 1270 geforderet und aber keines bekommen mögen,
2240 1258 3261 1339 abe Er in einer kleinen Commeren von dem
2233 1308 3262 1417 daselbst auff einem Banck gestandenen Silber¬
2218 1372 2364 1460 schiro
2230 1421 2855 1518 3. Silberne Köffel vnd
2302 1486 3229 1586 Gablen so mit Hen Brigadiers Waapen ge¬
2223 1508 2279 1564 3.
2296 1547 2908 1641 zeichnet gewesen. Atem
2300 1596 2809 1711 kleine Kertzenstöck.
2218 1633 2278 1695 2.
2219 1690 2281 1770 2.
2285 1679 3217 1787 Silberne Pudertrucken mittelmäßiger
2321 1740 2460 1811 große
2215 1785 2530 1893 2. placons
2196 1860 2465 1957 d. Tasse
2201 1927 3218 2032 Wie auch 1. Capotte und 1. stachleuer
2255 2002 3204 2102 Tegen so Hl. Brigadier Ihme zutragen
2252 2063 3203 2148 geben, genommen und entwendt Wel-
2228 2114 3218 2212 ches Silber Gschirt Er in seine Sach gestoßen
2225 2170 3197 2293 Vndt darmit Vorth und auff framkreich zu
2213 2247 2407 2322 gangen.
2166 998 2232 1120 H
