4032 3024
723 1014 800 1075 332
834 1080 1840 1198 WWo Er die faltschen Schlußel harbekommen
832 1164 1348 1256 die Er vormahls gehabt
835 1227 1861 1333 Er habe niemahls keine faltsche Schlüßel ge¬
828 1270 927 1347 habt
822 1333 1853 1464 WWeilen nun dieser Pfeuti über alles ernstliche
827 1416 1867 1489 zusprechen und Vorhalten nichts weiters bekandt
827 1474 1868 1568 lich seyn wollen, Als wurde selbiger auß befelch
812 1519 1830 1610 18 f. Examinatoris hinauf zur Marter ge¬
808 1567 1847 1671 führt und mit dreymahliger würcklicher An¬
814 1624 1841 1733 wendung der Lähren Marter nochmahlen so¬
808 1696 1816 1798 wohl wegen des zu Buren entwendten Tuchs
808 1757 1860 1841 als auch anderen Beklagdten sachenhalb ernst¬
795 1821 1814 1915 hafftig und peinlich examiniert worden. Es
804 1872 1851 1959 lat aber deßen alleßin ohngeachtet keine Ver¬
800 1929 1842 2034 nere bekandtnuß auß Ihme gebracht werden
792 1997 1833 2095 mögen. Sonderen es ist selbiger auch an der
783 2037 1851 2133 Marter lediglich und Steiff auf seiner hie vori¬
790 2115 1813 2213 zen Vergicht beharret, mit hinzufügung daß¬
791 2172 1816 2273 die Kocherin mit unwahrhafter Anklag Ihme
773 2242 1813 2333 überthuge, und wolle Er darauff leben undt
1625 2311 1810 2432 sterben
725 1071 792 1102 332
777 1074 840 1184 WWo Er die faltschen Schlußel harbekommen
831 1179 834 1222 die Er vormahls gehabt
760 1213 813 1325 2
828 1284 829 1298 habt
812 1346 825 1407 WWeilen nun dieser Pfeuti über alles ernstliche
810 1519 815 1574 18 f. Examinatoris hinauf zur Marter ge¬
799 1593 811 1655 führt und mit dreymahliger würcklicher An¬
794 1823 799 1881 hafftig und peinlich examiniert worden. Es
783 2065 785 2112 Marter lediglich und Steiff auf seiner hie vori¬
773 2242 775 2286 überthuge, und wolle Er darauff leben undt
1968 1061 2071 1187 933
2099 1120 3007 1228 sterben, daß sie Ihme gesagdt Ihr Altester
2089 1192 3022 1288 Sohn, habe das tuch entwendt, und müße Er
2089 1242 2572 1335 doch deßtwegen leiden
2071 1304 3036 1422 Dieses ist also das Jenige, so auß Ihr Gul. be¬
2081 1381 3027 1478 felch abermahlen mit diesem Gefangeneiter
2087 1433 3034 1535 rachtet worden. Actum 30: Octobris 1713.
