<?xml version="1.0" encoding="UTF-8" standalone="yes"?>
<PcGts xmlns="http://schema.primaresearch.org/PAGE/gts/pagecontent/2013-07-15" xmlns:xsi="http://www.w3.org/2001/XMLSchema-instance" xsi:schemaLocation="http://schema.primaresearch.org/PAGE/gts/pagecontent/2013-07-15 http://schema.primaresearch.org/PAGE/gts/pagecontent/2013-07-15/pagecontent.xsd">
    <Metadata>
        <Creator>prov=University of Rostock/Institute of Mathematics/CITlab|PLANET AI GmbH/Gundram Leifert/gundram.leifert@planet-ai.de:name=Transkribus German Kurrent M2(htr_id=29820)::::v=2.6.7
prov=University of Rostock/Institute of Mathematics/CITlab|PLANET AI GmbH/Tobias Gruening/tobias.gruening@planet-ai.de:name=de.uros.citlab.module.baseline2polygon.B2PSeamMultiOriented:v=2.6.7
prov=University of Rostock/Institute of Mathematics/CITlab|PLANET AI GmbH/Tobias Gruening/tobias.gruening@planet-ai.de:name=/net_tf/LA73_249_0mod360.pb:de.uros.citlab.segmentation.CITlab_LA_ML:v=2.6.7
Transkribus</Creator>
        <Created>2022-05-02T16:07:27.878+02:00</Created>
        <LastChange>2023-06-17T15:59:29.061+02:00</LastChange>
        <TranskribusMetadata docId="1336518" pageId="52421250" pageNr="81" tsid="127190393" status="IN_PROGRESS" userId="42748" imgUrl="https://files.transkribus.eu/Get?id=LEUGCZYBCHGLHWUHWOLYZZXV&amp;fileType=view" xmlUrl="https://files.transkribus.eu/Get?id=VTKKELLKWHYWSZPPTNSDUFUL" imageId="30694402"/>
    </Metadata>
    <Page imageFilename="IMG_6635.jpg" imageWidth="4032" imageHeight="3024">
        <ReadingOrder>
            <OrderedGroup id="ro_1687513570763" caption="Regions reading order">
                <RegionRefIndexed index="0" regionRef="r1"/>
                <RegionRefIndexed index="1" regionRef="TextRegion_1687010356122_189"/>
            </OrderedGroup>
        </ReadingOrder>
        <TextRegion orientation="0.0" type="paragraph" id="r1" custom="readingOrder {index:0;} structure {type:paragraph;}">
            <Coords points="803,959 924,2206 1907,2206 1907,1041"/>
            <TextLine id="r1l1" custom="readingOrder {index:0;}">
                <Coords points="948,1095 1203,1076 1229,1103 1277,1078 1384,1116 1556,1129 1631,1102 1858,1133 1901,1125 1904,1063 1704,1070 1546,1025 1220,1002 1097,1029 952,1011"/>
                <Baseline points="956,1068 1003,1069 1050,1071 1097,1071 1144,1073 1191,1075 1238,1077 1285,1079 1332,1081 1379,1083 1426,1086 1473,1087 1520,1090 1567,1092 1614,1095 1661,1098 1708,1100 1755,1102 1802,1106 1849,1107 1896,1110"/>
                <TextEquiv>
                    <Unicode>Gemach zusteigen, und gleiche scheiben zu brechen</Unicode>
                </TextEquiv>
            </TextLine>
            <TextLine id="r1l2" custom="readingOrder {index:1;}">
                <Coords points="955,1139 1292,1139 1456,1172 1620,1156 1665,1187 1740,1152 1785,1180 1786,1137 1649,1104 1556,1131 1352,1092 1227,1104 1203,1077 1135,1112 956,1104"/>
                <Baseline points="962,1128 1002,1129 1043,1130 1084,1130 1125,1131 1166,1133 1207,1134 1247,1136 1288,1137 1329,1140 1370,1142 1411,1143 1452,1145 1493,1147 1533,1148 1574,1150 1615,1151 1656,1152 1697,1154 1738,1154 1779,1154"/>
                <TextEquiv>
                    <Unicode>miemand so bekannt gewesen, als Ihme</Unicode>
                </TextEquiv>
            </TextLine>
            <TextLine id="r1l3" custom="readingOrder {index:2;}">
                <Coords points="937,1222 1133,1202 1207,1230 1265,1202 1341,1234 1452,1211 1739,1253 1901,1238 1902,1193 1836,1172 1391,1183 941,1122"/>
                <Baseline points="944,1194 991,1194 1039,1194 1086,1196 1134,1196 1181,1197 1229,1199 1276,1200 1324,1202 1371,1203 1419,1206 1467,1208 1514,1210 1562,1212 1609,1214 1657,1216 1704,1218 1752,1220 1799,1221 1847,1223 1895,1224"/>
                <TextEquiv>
                    <Unicode>Worauß es Endtlichen bekennt, daß Ja solches</Unicode>
                </TextEquiv>
            </TextLine>
            <TextLine id="r1l4" custom="readingOrder {index:3;}">
                <Coords points="933,1276 1262,1260 1312,1291 1378,1264 1871,1312 1913,1301 1915,1248 1714,1254 1632,1220 1556,1247 1428,1212 1053,1229 998,1200 935,1233"/>
                <Baseline points="941,1253 989,1253 1037,1254 1085,1254 1134,1256 1182,1256 1230,1257 1279,1259 1327,1260 1375,1262 1424,1263 1472,1265 1520,1267 1568,1268 1617,1271 1665,1272 1713,1274 1762,1275 1810,1277 1858,1280 1907,1281"/>
                <TextEquiv>
                    <Unicode>gethan, und etwelche feuwrige Kohlen im Wald</Unicode>
                </TextEquiv>
            </TextLine>
            <TextLine id="r1l5" custom="readingOrder {index:4;}">
                <Coords points="942,1324 1877,1360 1878,1313 1646,1282 1582,1308 1411,1266 1136,1295 943,1270"/>
                <Baseline points="948,1310 994,1311 1040,1311 1086,1313 1132,1314 1178,1314 1224,1316 1271,1317 1317,1319 1363,1320 1409,1322 1455,1323 1501,1325 1547,1326 1594,1328 1640,1329 1686,1331 1732,1332 1778,1333 1824,1334 1871,1335"/>
                <TextEquiv>
                    <Unicode>von einem abgangenen feuner, bey welchem</Unicode>
                </TextEquiv>
            </TextLine>
            <TextLine id="r1l6" custom="readingOrder {index:5;}">
                <Coords points="952,1367 1310,1405 1382,1379 1650,1389 1726,1428 1791,1398 1901,1414 1903,1373 1687,1373 1625,1329 1558,1359 1444,1322 1205,1356 954,1323"/>
                <Baseline points="959,1362 1005,1364 1052,1365 1099,1367 1146,1368 1193,1370 1240,1371 1286,1373 1333,1374 1380,1376 1427,1377 1474,1379 1521,1380 1568,1382 1614,1383 1661,1385 1708,1387 1755,1389 1802,1391 1849,1392 1896,1394"/>
                <TextEquiv>
                    <Unicode>nemands gewesen, auf eine Kinden genommen</Unicode>
                </TextEquiv>
            </TextLine>
            <TextLine id="r1l7" custom="readingOrder {index:6;}">
                <Coords points="941,1431 1040,1458 1208,1424 1348,1459 1583,1440 1702,1481 1872,1451 1872,1418 1798,1402 1711,1424 1631,1391 1563,1411 1384,1381 1295,1412 1159,1380 1119,1406 943,1369"/>
                <Baseline points="948,1419 993,1419 1039,1422 1085,1423 1131,1424 1177,1425 1223,1427 1269,1428 1315,1430 1361,1431 1407,1432 1452,1433 1498,1434 1544,1436 1590,1437 1636,1439 1682,1440 1728,1442 1774,1443 1820,1445 1866,1446"/>
                <TextEquiv>
                    <Unicode>solche hinabgetragen, und durch das pfenster</Unicode>
                </TextEquiv>
            </TextLine>
            <TextLine id="r1l8" custom="readingOrder {index:7;}">
                <Coords points="932,1496 1491,1526 1598,1498 1702,1537 1761,1509 1849,1529 1851,1481 1783,1448 1702,1481 1489,1442 1383,1472 1212,1424 1019,1462 933,1440"/>
                <Baseline points="939,1481 984,1481 1029,1481 1074,1482 1120,1482 1165,1484 1210,1484 1255,1485 1301,1487 1346,1488 1391,1490 1436,1491 1482,1493 1527,1494 1572,1496 1617,1497 1663,1499 1708,1500 1753,1502 1798,1503 1844,1503"/>
                <TextEquiv>
                    <Unicode>hinein auf das Betth gelegdt; Es seye Ichme</Unicode>
                </TextEquiv>
            </TextLine>
            <TextLine id="r1l9" custom="readingOrder {index:8;}">
                <Coords points="930,1549 1037,1540 1108,1574 1376,1550 1424,1582 1474,1553 1520,1587 1632,1565 1726,1595 1829,1582 1831,1545 1581,1534 1534,1506 1436,1533 1255,1523 1218,1495 931,1512"/>
                <Baseline points="936,1538 980,1539 1024,1539 1069,1540 1113,1541 1158,1542 1202,1544 1246,1545 1291,1547 1335,1548 1380,1551 1424,1553 1468,1554 1513,1556 1557,1557 1602,1559 1646,1560 1690,1562 1735,1563 1779,1563 1824,1565"/>
                <TextEquiv>
                    <Unicode>aber von Hertzen leidt daß es solches gethan,</Unicode>
                </TextEquiv>
            </TextLine>
            <TextLine id="r1l10" custom="readingOrder {index:9;}">
                <Coords points="929,1613 1910,1638 1902,1588 1524,1588 1477,1554 1424,1583 1375,1550 1283,1591 1159,1550 930,1573"/>
                <Baseline points="935,1602 983,1602 1031,1602 1080,1602 1128,1602 1177,1604 1225,1605 1274,1607 1322,1607 1371,1610 1419,1611 1467,1613 1516,1615 1564,1617 1613,1619 1661,1620 1710,1622 1758,1624 1807,1625 1855,1626 1904,1628"/>
                <TextEquiv>
                    <Unicode>bätte deßtwegen Gott und eine hoche Oberkeit</Unicode>
                </TextEquiv>
            </TextLine>
            <TextLine id="r1l11" custom="readingOrder {index:10;}">
                <Coords points="934,1675 1246,1706 1317,1672 1379,1712 1516,1717 1679,1681 1830,1717 1904,1689 1906,1650 1471,1621 1390,1650 1086,1612 936,1637"/>
                <Baseline points="941,1658 988,1658 1036,1658 1084,1658 1132,1659 1180,1661 1228,1662 1275,1664 1323,1665 1371,1668 1419,1670 1467,1673 1515,1674 1563,1676 1610,1677 1658,1679 1706,1680 1754,1682 1802,1682 1850,1682 1898,1682"/>
                <TextEquiv>
                    <Unicode>umb Verzeichung, auch wegen seines bey 15.</Unicode>
                </TextEquiv>
            </TextLine>
            <TextLine id="r1l12" custom="readingOrder {index:11;}">
                <Coords points="935,1728 1131,1759 1196,1725 1284,1767 1343,1733 1589,1766 1856,1749 1857,1710 1763,1688 1724,1711 1632,1684 1540,1719 937,1677"/>
                <Baseline points="942,1718 987,1719 1032,1719 1078,1720 1123,1721 1169,1722 1214,1724 1259,1725 1305,1727 1350,1729 1396,1730 1441,1732 1486,1734 1532,1736 1577,1737 1623,1739 1668,1740 1713,1741 1759,1742 1804,1743 1850,1743"/>
                <TextEquiv>
                    <Unicode>Wuchen daher, schwängeren leibs umb eine</Unicode>
                </TextEquiv>
            </TextLine>
            <TextLine id="r1l13" custom="readingOrder {index:12;}">
                <Coords points="927,1798 983,1790 1023,1815 1067,1797 1114,1814 1140,1795 1190,1823 1241,1793 1287,1793 1288,1736 1246,1756 1195,1733 1142,1759 1094,1764 1049,1757 1011,1731 928,1750"/>
                <Baseline points="933,1779 959,1778 986,1778 1013,1777 1040,1778 1066,1778 1093,1779 1120,1781 1147,1782 1173,1783 1200,1784 1227,1785 1254,1785 1281,1785"/>
                <TextEquiv>
                    <Unicode>Gnädige Urtheill</Unicode>
                </TextEquiv>
            </TextLine>
            <TextLine id="r1l14" custom="readingOrder {index:13;}">
                <Coords points="1537,1808 1605,1809 1654,1830 1723,1828 1794,1810 1795,1766 1743,1761 1693,1774 1649,1753 1600,1756 1590,1766 1538,1751"/>
                <Baseline points="1544,1800 1571,1802 1598,1802 1625,1803 1652,1803 1679,1803 1706,1803 1733,1803 1760,1803 1788,1802"/>
                <TextEquiv>
                    <Unicode>und Complices</Unicode>
                </TextEquiv>
            </TextLine>
            <TextLine id="r1l15" custom="readingOrder {index:14;}">
                <Coords points="925,1861 1893,1872 1894,1807 1698,1832 1431,1780 1180,1823 1139,1795 926,1799"/>
                <Baseline points="932,1842 979,1841 1027,1841 1075,1841 1123,1842 1170,1842 1218,1844 1266,1845 1314,1847 1361,1848 1409,1850 1457,1851 1505,1852 1552,1853 1600,1854 1648,1854 1696,1856 1743,1855 1791,1854 1839,1853 1887,1851"/>
                <TextEquiv>
                    <Unicode>von Weiteren diebstählen aber hattes gantz</Unicode>
                </TextEquiv>
            </TextLine>
            <TextLine id="r1l16" custom="readingOrder {index:15;}">
                <Coords points="940,1907 1524,1908 1622,1945 1902,1916 1879,1868 1756,1896 1585,1849 1369,1884 1273,1845 1149,1878 942,1853"/>
                <Baseline points="947,1892 994,1892 1041,1892 1089,1892 1136,1893 1184,1893 1231,1895 1278,1896 1326,1898 1373,1900 1421,1902 1468,1903 1515,1905 1563,1907 1610,1908 1658,1909 1705,1910 1752,1911 1800,1911 1847,1911 1895,1911"/>
                <TextEquiv>
                    <Unicode>und gar nichts wollen bekandtlich seyn, äußert</Unicode>
                </TextEquiv>
            </TextLine>
            <TextLine id="r1l17" custom="readingOrder {index:16;} person {offset:33; length:11; continued:true;}">
                <Coords points="928,1954 1225,1987 1284,1946 1484,1992 1543,1963 1693,1989 1889,1971 1852,1928 1759,1922 1668,1949 1494,1908 1112,1934 929,1910"/>
                <Baseline points="935,1947 982,1947 1029,1949 1077,1949 1124,1950 1172,1952 1219,1953 1266,1953 1314,1956 1361,1956 1409,1959 1456,1960 1503,1961 1551,1962 1598,1964 1646,1965 1693,1967 1740,1967 1788,1968 1835,1970 1883,1970"/>
                <TextEquiv>
                    <Unicode>daß es angezeigt, daß es bey dem waßer brön¬</Unicode>
                </TextEquiv>
            </TextLine>
            <TextLine id="r1l18" custom="readingOrder {index:17;} person {offset:0; length:8; continued:true;} person {offset:25; length:8;}">
                <Coords points="925,2034 1097,2002 1174,2043 1247,2010 1342,2035 1466,2011 1827,2025 1752,1973 1626,1991 1543,1963 1476,1992 1324,1958 1180,1995 1061,1954 973,1981 927,1953"/>
                <Baseline points="932,2001 976,2003 1020,2003 1065,2004 1109,2006 1154,2007 1198,2007 1242,2009 1287,2010 1331,2010 1376,2012 1420,2012 1464,2013 1509,2015 1553,2015 1598,2016 1642,2017 1686,2018 1731,2019 1775,2021 1820,2022"/>
                <TextEquiv>
                    <Unicode>ner Rudi in H. Allmußner Sturlers Stöcklin</Unicode>
                </TextEquiv>
            </TextLine>
            <TextLine id="r1l19" custom="readingOrder {index:18;}">
                <Coords points="934,2060 1248,2064 1283,2099 1415,2071 1563,2113 1619,2085 1898,2102 1899,2054 1790,2030 1583,2048 1539,2020 1246,2011 1173,2043 1096,2002 1028,2043 935,2036"/>
                <Baseline points="941,2055 988,2056 1036,2057 1083,2058 1131,2060 1179,2061 1226,2063 1274,2064 1321,2066 1369,2067 1417,2069 1464,2069 1512,2070 1559,2072 1607,2073 1655,2075 1702,2075 1750,2076 1797,2076 1845,2076 1893,2076"/>
                <TextEquiv>
                    <Unicode>eine entwendte Grauwe Cassaggen und Jeppen</Unicode>
                </TextEquiv>
            </TextLine>
            <TextLine id="r1l20" custom="readingOrder {index:19;} person {offset:21; length:3;}">
                <Coords points="917,2143 1000,2156 1087,2113 1420,2157 1690,2139 1762,2173 1870,2155 1872,2108 1478,2106 1389,2071 1289,2105 1222,2066 1126,2101 919,2082"/>
                <Baseline points="924,2112 971,2114 1018,2115 1065,2115 1112,2117 1159,2118 1206,2120 1253,2122 1300,2123 1347,2125 1394,2127 1441,2129 1488,2130 1535,2132 1582,2133 1629,2135 1676,2136 1723,2136 1770,2138 1817,2138 1865,2138"/>
                <TextEquiv>
                    <Unicode>gesuchen, welche der Rud gesagdt, daß Er solche</Unicode>
                </TextEquiv>
            </TextLine>
            <TextLine id="r1l21" custom="readingOrder {index:20;}">
                <Coords points="923,2201 1304,2229 1406,2191 1533,2212 1550,2132 1470,2157 1291,2122 1232,2149 1193,2124 1146,2147 1043,2130 1000,2157 925,2142"/>
                <Baseline points="930,2175 960,2176 991,2177 1021,2178 1052,2179 1082,2180 1113,2180 1143,2181 1174,2183 1204,2183 1235,2184 1266,2185 1296,2186 1327,2187 1357,2187 1388,2189 1418,2189 1449,2190 1479,2190 1510,2192 1541,2193"/>
                <TextEquiv>
                    <Unicode>von der Tschiffelenen gekaufft.</Unicode>
                </TextEquiv>
            </TextLine>
            <TextEquiv>
                <Unicode>Gemach zusteigen, und gleiche scheiben zu brechen
miemand so bekannt gewesen, als Ihme
Worauß es Endtlichen bekennt, daß Ja solches
gethan, und etwelche feuwrige Kohlen im Wald
von einem abgangenen feuner, bey welchem
nemands gewesen, auf eine Kinden genommen
solche hinabgetragen, und durch das pfenster
hinein auf das Betth gelegdt; Es seye Ichme
aber von Hertzen leidt daß es solches gethan,
bätte deßtwegen Gott und eine hoche Oberkeit
umb Verzeichung, auch wegen seines bey 15.
Wuchen daher, schwängeren leibs umb eine
Gnädige Urtheill
und Complices
von Weiteren diebstählen aber hattes gantz
und gar nichts wollen bekandtlich seyn, äußert
daß es angezeigt, daß es bey dem waßer brön¬
ner Rudi in H. Allmußner Sturlers Stöcklin
eine entwendte Grauwe Cassaggen und Jeppen
gesuchen, welche der Rud gesagdt, daß Er solche
von der Tschiffelenen gekaufft.</Unicode>
            </TextEquiv>
        </TextRegion>
        <TextRegion orientation="0.0" type="paragraph" id="TextRegion_1687010356122_189" custom="readingOrder {index:1;}">
            <Coords points="1991,1017 3174,1034 3149,1987 2048,2010"/>
            <TextLine id="r2l1" custom="readingOrder {index:0;}">
                <Coords points="2018,1098 2035,1102 2046,1093 2057,1091 2067,1084 2102,1079 2106,1033 2100,1033 2093,1026 2088,1028 2083,1025 2063,1036 2054,1030 2038,1031 2034,1027 2024,1030"/>
                <Baseline points="2027,1068 2061,1071 2096,1074"/>
                <TextEquiv>
                    <Unicode>149</Unicode>
                </TextEquiv>
            </TextLine>
            <TextLine id="r3l1" custom="readingOrder {index:1;} person {offset:25; length:15; continued:true;}">
                <Coords points="2108,1146 2532,1152 2688,1109 2829,1136 2940,1114 3025,1150 3132,1116 3132,1058 2973,1039 2769,1088 2542,1058 2385,1094 2107,1033"/>
                <Baseline points="2114,1128 2164,1125 2215,1122 2265,1119 2316,1118 2367,1116 2417,1114 2468,1113 2518,1112 2569,1112 2620,1112 2670,1110 2721,1110 2771,1110 2822,1112 2873,1112 2923,1112 2974,1113 3024,1113 3075,1113 3126,1115"/>
                <TextEquiv>
                    <Unicode>Diesem nach ist auch das Anna Maria Thun</Unicode>
                </TextEquiv>
            </TextLine>
            <TextLine id="r3l2" custom="readingOrder {index:2;} person {offset:0; length:5; continued:true;} place {offset:31; length:7;}">
                <Coords points="2126,1193 2823,1175 2901,1211 3126,1171 3126,1138 2659,1118 2579,1148 2125,1159"/>
                <Baseline points="2132,1181 2181,1181 2230,1180 2280,1179 2329,1178 2379,1178 2428,1176 2477,1176 2527,1175 2576,1173 2626,1173 2675,1173 2724,1172 2774,1172 2823,1170 2873,1170 2922,1170 2971,1170 3021,1169 3070,1169 3120,1169"/>
                <TextEquiv>
                    <Unicode>Anwer, wegen des dem Weibel zu Reichen</Unicode>
                </TextEquiv>
            </TextLine>
            <TextLine id="r3l3" custom="readingOrder {index:3;}">
                <Coords points="2133,1256 3143,1247 3155,1177 2912,1216 2823,1176 2331,1221 2132,1196"/>
                <Baseline points="2139,1242 2189,1241 2240,1239 2290,1238 2341,1238 2391,1236 2442,1235 2492,1235 2543,1234 2593,1233 2644,1233 2694,1232 2745,1232 2795,1231 2846,1230 2896,1230 2947,1229 2997,1228 3048,1227 3098,1226 3149,1224"/>
                <TextEquiv>
                    <Unicode>hach und anderen mit der Tschiffelenen Vermuhe</Unicode>
                </TextEquiv>
            </TextLine>
            <TextLine id="r3l4" custom="readingOrder {index:4;}">
                <Coords points="2138,1314 3071,1316 3126,1285 3125,1228 3002,1264 2928,1234 2753,1268 2551,1238 2461,1276 2210,1249 2137,1286"/>
                <Baseline points="2144,1298 2192,1296 2241,1295 2290,1293 2339,1293 2388,1292 2436,1292 2485,1292 2534,1290 2583,1290 2632,1290 2680,1289 2729,1289 2778,1289 2827,1287 2876,1286 2924,1285 2973,1283 3022,1281 3071,1278 3120,1275"/>
                <TextEquiv>
                    <Unicode>ich begangenen diebstählen halb gantz ernstlich</Unicode>
                </TextEquiv>
            </TextLine>
            <TextLine id="r3l5" custom="readingOrder {index:5;}">
                <Coords points="2133,1369 2494,1380 2743,1339 2845,1372 3122,1363 3137,1289 2707,1327 2525,1295 2132,1341"/>
                <Baseline points="2139,1356 2188,1355 2238,1352 2287,1352 2337,1350 2387,1349 2436,1349 2486,1347 2535,1347 2585,1347 2635,1346 2684,1346 2734,1344 2783,1344 2833,1343 2883,1343 2932,1341 2982,1340 3031,1338 3081,1335 3131,1332"/>
                <TextEquiv>
                    <Unicode>nochmahlen befragdt worden, welches aber gautz</Unicode>
                </TextEquiv>
            </TextLine>
            <TextLine id="r3l6" custom="readingOrder {index:6;}">
                <Coords points="2138,1424 2372,1442 2555,1403 2668,1436 3113,1396 3083,1349 2777,1386 2543,1348 2480,1388 2408,1367 2138,1403"/>
                <Baseline points="2145,1416 2193,1413 2241,1413 2289,1410 2337,1409 2385,1409 2433,1407 2481,1406 2529,1406 2577,1404 2626,1404 2674,1403 2722,1403 2770,1401 2818,1401 2866,1400 2914,1398 2962,1398 3010,1397 3058,1395 3107,1394"/>
                <TextEquiv>
                    <Unicode>und gar nichtt gestendig seyn wollen, daß es¬</Unicode>
                </TextEquiv>
            </TextLine>
            <TextLine id="r3l7" custom="readingOrder {index:7;}">
                <Coords points="2142,1488 2337,1503 2421,1470 2599,1505 2664,1464 2778,1494 2834,1456 2881,1486 3122,1430 2863,1409 2723,1442 2140,1437"/>
                <Baseline points="2148,1473 2196,1472 2244,1470 2293,1470 2341,1469 2390,1467 2438,1466 2486,1464 2535,1464 2583,1463 2632,1461 2680,1460 2728,1460 2777,1458 2825,1457 2874,1455 2922,1454 2970,1453 3019,1452 3067,1451 3116,1448"/>
                <TextEquiv>
                    <Unicode>Stwas ungebührlichs begangen habe, sonderen</Unicode>
                </TextEquiv>
            </TextLine>
            <TextLine id="r3l8" custom="readingOrder {index:8;}">
                <Coords points="2121,1567 2290,1529 3145,1515 3143,1474 3073,1460 2994,1490 2119,1501"/>
                <Baseline points="2127,1533 2177,1532 2228,1529 2278,1527 2329,1527 2379,1526 2430,1524 2480,1523 2531,1521 2581,1520 2632,1518 2683,1517 2733,1516 2784,1514 2834,1513 2885,1511 2935,1509 2986,1508 3036,1505 3087,1502 3138,1500"/>
                <TextEquiv>
                    <Unicode>behargete allerdings auf seiner hievorigen bekandt</Unicode>
                </TextEquiv>
            </TextLine>
            <TextLine id="r3l9" custom="readingOrder {index:9;}">
                <Coords points="2138,1605 3129,1569 3128,1532 2901,1520 2715,1525 2656,1559 2549,1528 2451,1560 2137,1559"/>
                <Baseline points="2144,1586 2192,1584 2241,1584 2290,1583 2339,1582 2388,1581 2437,1580 2486,1578 2535,1578 2584,1577 2633,1575 2681,1574 2730,1572 2779,1571 2828,1569 2877,1568 2926,1566 2975,1563 3024,1560 3073,1557 3122,1554"/>
                <TextEquiv>
                    <Unicode>niß daß es sonderbahr mit der Tschisfelenen mit</Unicode>
                </TextEquiv>
            </TextLine>
            <TextLine id="r3l10" custom="readingOrder {index:10;}">
                <Coords points="2122,1689 2401,1638 2696,1638 2749,1667 2818,1633 2873,1659 3014,1635 3056,1661 3132,1632 3130,1567 2697,1613 2302,1597 2120,1633"/>
                <Baseline points="2126,1649 2178,1647 2231,1645 2283,1643 2336,1641 2388,1640 2441,1637 2494,1635 2546,1634 2599,1632 2651,1629 2704,1628 2756,1626 2809,1625 2862,1622 2914,1621 2967,1619 3019,1617 3072,1616 3125,1616"/>
                <TextEquiv>
                    <Unicode>geleichet, und weder allein noch mit Ihra nichts</Unicode>
                </TextEquiv>
            </TextLine>
            <TextLine id="r3l11" custom="readingOrder {index:11;}">
                <Coords points="2125,1709 2162,1721 2177,1712 2195,1724 2279,1716 2342,1744 2429,1742 2426,1642 2384,1660 2345,1646 2292,1688 2267,1690 2213,1660 2170,1692 2124,1673"/>
                <Baseline points="2132,1706 2158,1706 2184,1706 2210,1704 2237,1704 2263,1703 2289,1703 2315,1701 2342,1700 2368,1700 2394,1699 2421,1698"/>
                <TextEquiv>
                    <Unicode>entwendt habe</Unicode>
                </TextEquiv>
            </TextLine>
            <TextLine id="r3l12" custom="readingOrder {index:12;}">
                <Coords points="2108,1817 3111,1791 3123,1706 2970,1705 2877,1750 2780,1723 2672,1763 2106,1747"/>
                <Baseline points="2114,1802 2164,1800 2214,1797 2264,1796 2315,1794 2365,1791 2415,1790 2465,1788 2516,1787 2566,1785 2616,1784 2666,1782 2717,1781 2767,1779 2817,1779 2867,1778 2918,1778 2968,1778 3018,1778 3068,1779 3119,1781"/>
                <TextEquiv>
                    <Unicode>Dieses ist also das Jenige Waß auß Er Gel.</Unicode>
                </TextEquiv>
            </TextLine>
            <TextLine id="r3l13" custom="readingOrder {index:13;}">
                <Coords points="2121,1872 2239,1883 2318,1849 2401,1881 2480,1845 2612,1880 2676,1840 2954,1857 3071,1828 3070,1797 2925,1775 2881,1799 2833,1778 2793,1814 2510,1792 2330,1826 2220,1796 2120,1824"/>
                <Baseline points="2127,1856 2173,1854 2220,1853 2267,1851 2314,1850 2361,1848 2408,1847 2455,1845 2502,1844 2549,1842 2596,1841 2642,1840 2689,1838 2736,1836 2783,1835 2830,1833 2877,1832 2924,1830 2971,1829 3018,1827 3065,1826"/>
                <TextEquiv>
                    <Unicode>Befelch mit diesen Persohnen verrichtet worden</Unicode>
                </TextEquiv>
            </TextLine>
            <TextLine id="r3l14" custom="readingOrder {index:14;}">
                <Coords points="2124,1928 2242,1911 2288,1939 2527,1898 2670,1927 2699,1901 3111,1884 3093,1842 2814,1840 2613,1881 2534,1849 2455,1880 2329,1852 2271,1889 2122,1883"/>
                <Baseline points="2130,1914 2178,1911 2227,1909 2276,1907 2324,1905 2373,1902 2422,1902 2470,1901 2519,1899 2568,1898 2617,1896 2665,1895 2714,1893 2763,1892 2811,1890 2860,1889 2909,1887 2957,1886 3006,1882 3055,1879 3104,1877"/>
                <TextEquiv>
                    <Unicode>so hiemit zu deroselben hochweisen Verneren Er¬</Unicode>
                </TextEquiv>
            </TextLine>
            <TextLine id="r3l15" custom="readingOrder {index:15;}">
                <Coords points="2123,1995 2335,2001 2419,1961 2506,1994 2739,1948 3115,1976 3112,1900 2698,1900 2460,1944 2381,1919 2292,1946 2242,1910 2208,1939 2121,1928"/>
                <Baseline points="2129,1974 2177,1971 2226,1968 2275,1967 2324,1964 2373,1962 2422,1961 2471,1959 2520,1958 2569,1956 2618,1955 2666,1954 2715,1953 2764,1952 2813,1950 2862,1949 2911,1947 2960,1946 3009,1944 3058,1943 3107,1941"/>
                <TextEquiv>
                    <Unicode>kandtnuß hinderbracht wirdt. Actum Vorstahl</Unicode>
                </TextEquiv>
            </TextLine>
            <TextEquiv>
                <Unicode>149
Diesem nach ist auch das Anna Maria Thun
Anwer, wegen des dem Weibel zu Reichen
hach und anderen mit der Tschiffelenen Vermuhe
ich begangenen diebstählen halb gantz ernstlich
nochmahlen befragdt worden, welches aber gautz
und gar nichtt gestendig seyn wollen, daß es¬
Stwas ungebührlichs begangen habe, sonderen
behargete allerdings auf seiner hievorigen bekandt
niß daß es sonderbahr mit der Tschisfelenen mit
geleichet, und weder allein noch mit Ihra nichts
entwendt habe
Dieses ist also das Jenige Waß auß Er Gel.
Befelch mit diesen Persohnen verrichtet worden
so hiemit zu deroselben hochweisen Verneren Er¬
kandtnuß hinderbracht wirdt. Actum Vorstahl</Unicode>
            </TextEquiv>
        </TextRegion>
    </Page>
</PcGts>
