4032 3024
868 1093 911 1188 V. Ja Es seye Auf Neuwenburg gangen,
791 1857 869 1967 E
884 1207 891 1245 sich zu begeben, Mann habe Ihns aber zu Neu
872 1559 873 1630 Wochen darinnen gebliben, folgends habe es sich
796 2111 866 2203 R. Ja, Es habe ein Kindt gehabt, Aber selbiges lei¬
860 2241 864 2305 Kappelen zu, in Einem Bach ertränckt.
848 2343 863 2427 44
896 1074 1896 1210 V. Ja Es seye Auf Neuwenburg gangen,
868 1887 890 1958 E
901 1152 1889 1269 in Willens zu seinem Bruder in Franckreich
884 1207 1897 1314 sich zu begeben, Mann habe Ihns aber zu Neu
881 1260 1923 1365 Wenburg nicht Weiters passieren laßen wollen,
877 1318 1865 1432 Daselbsten seye es bey 14. Tagen im Spittahl
884 1375 1901 1487 franck gelegen und nachdeme es wider gesundt
884 1436 1863 1529 worden von dannen widrumb alhar, in den hie
881 1485 1889 1592 digen Spittahl kommen und auch bey anderthalbe
872 1551 1892 1653 Wochen darinnen gebliben, folgends habe es sich
875 1605 1889 1707 zum underen Thor auß auf Buchster zu, vnd
872 1665 1925 1760 von dannen auß bilchlindach, und widrumb über
880 1742 1924 1807 die Neuwebrugg in, und dem Bremgardten nach
874 1768 1342 1867 auff Kappelen begeben
884 1849 1897 1969 Ob mit damahlen Wie es sich vor Ihr Gul
880 1928 1855 2027 Herren Schultheißen Wegen eines pastes, ge¬
875 1993 1839 2086 stellt, Ein Kindt gehabt und Wo es darmit hin
873 2034 1015 2124 komen
865 2105 1888 2221 R. Ja, Es habe ein Kindt gehabt, Aber selbiges lei¬
869 2179 1875 2274 der draußen bey Brinnen auff dem Weg gegen
863 2240 1668 2328 Kappelen zu, in Einem Bach ertränckt.
862 2311 983 2428 44
