4032 3024
2387 923 2532 998 entub
2561 919 3227 1055 reamen mit Hanns Georg
2365 1005 3260 1128 Hoffer des so genanten Rohlmetzgers
2544 1085 2691 1168 Sohn
2207 1198 3255 1314 Als M. Hh. Rahts Herr Tscharner Vndt
2573 1273 2608 1309 42
2227 1267 3244 1362 rem 26. Dect sich mit Ihr Anl. dieneren
2221 1325 3238 1411 Hrn Großweibel Wurstemberger und den
2228 1396 3256 1472 Gricht schreiber zu volg recterierlichen befelchs
2222 1439 3203 1537 Widrumb in die Gefangenschafft begeben
2235 1497 3222 1589 und Vorgemelten zooffer, über alles das
2213 1560 3243 1655 so Er mehrers verdächtig und beklacht seyn
2231 1617 3222 1713 möchte, nochmahlen gantz ernstwöhrtig exa
2231 1684 3201 1777 miniert Volgends auch weilen Er nichts
2219 1743 3271 1838 anders bekandtlich seyn wollen, Ihne hinauff
2216 1818 3232 1893 zur Marter führen, und mit widerholter
2212 1856 3210 1962 Ernstlicher Betröuiung auff den Marter
2217 1923 3225 2021 Banck setzen laßen; hat Er dennoch über¬
2217 1983 3258 2080 das Jenige waß in Voriger procedus enthalte
2221 2042 3190 2148 nichts Weiters und mehrers bekandtlich
2223 2110 3241 2189 seyn wollen, sonderen seine hievorgethane
2196 2165 3243 2275 Vurgicht einfahltig bestähtiget, Äußert daß
2981 2254 3237 2347 Er Jagdte sc.
