4032 3024
1028 1038 1771 1188 Maria Eunauwer
1067 1128 1865 1261 Von Kider Lentz der Graaß¬
1064 1198 1559 1310 schafft Lentzburg
853 1268 1849 1408 Nachdeme Er Gtl. Sub 4 huius
868 1350 1862 1468 belieben wollen dero dieneren Minhl.
878 1417 1861 1524 Großweibel und dem Grihtschreiberen
872 1466 1870 1582 anzubefehlen, Wegen von H. Stifftschaff¬
865 1530 1894 1650 neren Morlot Verwichener Tagen zu Ober
851 1576 1863 1717 keitlichen Banden gefängklich alher ge¬
855 1650 1814 1767 dendten Mariathun anwert, nach zu
854 1712 1830 1797 schlagen; Ob selbiges nit bereits hie vor
858 1776 1846 1866 von diebstahl Wegen gefangen geseßen
848 1828 1845 1916 umb solchem nach Ihnt verners zu exa¬
843 1876 1846 1978 minieren, und volglich E. AMl. den erfor¬
834 1951 1867 2048 derlichen Bericht zu erstatten. Als hatt in
827 2003 1836 2106 gehorsamer Volgleistung Er Gnl. hochen
845 2057 1842 2148 heselchs sich befunden, daß dieses Maria
821 2129 1846 2222 hun Annter Wegen schlienen verhaltens
830 2185 1857 2298 vor ohngefehrt . Jahren von H. Landt rogt
820 2249 1812 2353 Stürler zu Lentzburg alhar ins Schallen
833 2311 1826 2416 werck übersendt nachwehrts aber im Julio
1700 2383 1825 2458 e7er
1993 1100 2077 1173 905
2111 1121 3092 1251 17112. Wegen mit hülff der so genanten
2116 1202 3099 1293 2schiffelenen Vernichtlich begangenen Dieb¬
2108 1261 3087 1344 sählen zu Zollig koffen, Kilchlindach und da¬
2105 1338 3075 1411 herumb, alhar in Gefangenschafft gebracht,
2109 1378 3093 1461 da es aber in gehaltenem examine nichts
2114 1438 3067 1519 gestendig seyn wollen, widrumb ledig ge¬
2103 1486 2430 1567 laßen worden
2845 1510 3024 1585 ohnlangst
2098 1525 3051 1637 Nachdeme aber so wohl von dem zu Ar
2095 1595 3063 1696 Wangen hingerichteten Steini Stähli, als
2102 1668 3078 1748 auch von dem dißmahl im Schollenberck
2099 1709 3093 1803 gefindtlichen Barbl. Müller dieses Maria
2086 1765 3055 1865 Thunanner als Eine haupt diebin, und
2099 1829 3063 1924 Mit gehülfin underschiedelicher diebstähle
2105 1883 3051 1977 angeben worden. Alß ist selbiges durch
2096 1935 3099 2013 obgemelte Ihr gul. dienere H. Größweibes
2097 1997 3086 2095 und Grechtschreiberen de 8ten Septb diß 1713.
2092 2044 3044 2156 Jahrs darüber ernstlich zuredk gesetzt vnd
2105 2111 3065 2212 nach Volgunder gestalten examiniert worden
2074 2195 3060 2297 Hefragt Wo und an welchen Ohrten essich,
2085 2256 3082 2358 Zeithäro, es auß hiesiger Gefangenschafft los
2088 2323 2992 2405 gelaßen worden, es sich auffgehalten habe?
2875 2404 2969 2514 H
