4032 3024
979 977 1979 1110 Cassaggen zu Ihm gan Sollothurn kommen vnd
972 1080 1995 1182 Ihme Geldt nachgebracht, und als es den Kerl ge¬
961 1124 1927 1235 fragdt wer der Herr seyt, so Ihme geldt nach
977 1205 1977 1308 schicke, habe Er gesagdt, daß es des Ihrn Landt
982 1249 1637 1350 rogts von Wattenwyl Sohn seye
982 1351 1943 1463 Es solle dann schamten, Ob es Einer Von
980 1421 1765 1526 denen hier anwesenden Herren seyt
963 1495 1889 1611 orauf Antwort: kein es sey keiner
977 1570 1939 1677 von denen Herren so hier zugegen sich befinden
972 1625 1939 1780 Solchem nach ward von Mmh. Examina
974 1722 1918 1834 toren befohlen, daß der Jnnuge Herr so diesen
958 1787 1934 1890 Namen trage außstehen solle. so auch ge¬
962 1835 1117 1937 schechen
963 1904 1928 2036 Worauf es nach gethanem Anschauwen
972 1997 1915 2098 alsobald gesagdt. Es kenne diesen Herren
960 2038 1924 2171 mit Es seye mit der Jenige so bey Ihme
952 2107 1899 2218 Gin, dieser habe viel ein spitzere nahen als
953 2171 1561 2265 der so mit ihme Zuthun gehabt.
906 932 933 1010 2
861 1313 969 1432 Repl.
2073 993 2136 1068 83
2216 1029 3191 1147 Ob Es nit vormahls in seiner Gefängklichen
2203 1102 3187 1209 enthaltung zu Trachßelwald vorgeben, daß
2202 1160 3189 1267 es schwanger seye, und das Kindt einen Zu¬
2199 1239 3225 1333 richischen Firiap Främer zugehöre, nachwehrts
2197 1292 3213 1400 aber solches einem Burger von Aranw zzuge¬
2195 1357 2371 1462 eignet
2213 1457 3177 1534 Ja es habe zu Trachßelwald Vorgeben
2194 1508 3216 1612 daß es von Einem Firiapkrämer von Zurich
2188 1567 3204 1673 schwanger seye, aber das kindt habe Einem
2186 1635 3174 1742 Bürger von Aranw zugehördt, so nunmehr
2184 1694 3167 1801 gestorben, derselbe Bürger seyt des Kindts
2183 1771 2470 1861 Vatter 9sin
2199 1833 3211 1937 Ob Es dann mit dem Zurichernichts zuschaffen
2179 1917 2389 2023 gehabt.
2211 2001 2382 2084 Nein
2189 2118 3194 2222 Wo es des Kindtsniderkom̅en, und anWel¬
2179 2190 3019 2294 hein Orth daßelbige getauft worden?
2166 2277 3167 2381 R. zu Birmistorf im Badener gebieth seye
3013 2355 3114 2444 es
2069 1841 2177 1969 E.
2195 1123 2205 1182 enthaltung zu Trachßelwald vorgeben, daß
2195 1180 2203 1228 es schwanger seye, und das Kindt einen Zu¬
2188 1254 2201 1314 richischen Firiap Främer zugehöre, nachwehrts
2197 1325 2199 1385 aber solches einem Burger von Aranw zzuge¬
2189 1387 2197 1451 eignet
2115 1962 2174 2097 E
2094 2106 2154 2227 D
2176 1593 2190 1677 schwanger seye, aber das kindt habe Einem
2172 1681 2188 1727 Bürger von Aranw zugehördt, so nunmehr
2180 1728 2186 1787 gestorben, derselbe Bürger seyt des Kindts
2176 1785 2184 1828 Vatter 9sin
2179 1936 2180 1951 gehabt.
2108 2280 2169 2378 R. zu Birmistorf im Badener gebieth seye
2118 1454 2175 1550 d
2120 1033 2182 1146 E
