4032 3024
889 1151 895 1180 Sasel im Wührtshauß Syr Kopf gedienet
878 1225 879 1226 letzt verwichenen Höuwet aber seye es wider
816 1605 858 1705 E
787 1763 850 1851 R
859 1063 1859 1245 Es habe Zeithero bey 8. Monat lang zu
888 1154 1877 1290 Sasel im Wührtshauß Syr Kopf gedienet
877 1224 1896 1338 letzt verwichenen Höuwet aber seye es wider
866 1276 1865 1381 hinauff nach olten kommen alda es einem
876 1330 1871 1443 degenschund Namens Ludi gehöunet
860 1403 1836 1498 von dannen es auf Laugenthal gangen
878 1445 1862 1561 und dem Wuhrten zum Konnen daselbsten
863 1505 1837 1631 auch bey 3. Wuchen lang geholffen höuwen
869 1594 1830 1724 Ob Es nit vor ohngefehrt . Wuchen har¬
857 1662 1877 1781 werts Kappelen einem Meuschen begegnet
855 1721 1773 1837 mit deme es nach Ober wangen gangen
869 1790 1883 1926 kein, Es seye erst verwichenen Zinstag 8.
839 1874 1875 1989 tag gsin, daß es von Laugenthal wider alhar
837 1911 982 2014 kommen,
847 1991 1886 2125 Ob Es dann mit Vor 77. Wuchen dem bey Hap¬
835 2060 1851 2176 gelen das Barbli Müller angetroffen, und
833 2134 1865 2226 mit Zuthun deßelben, auß des Bendicht Spei¬
831 2167 1843 2287 chers hauß zu Oberwangen Einen Rock, ein
818 2232 1810 2344 hembe, sambt einem Ziechlin mit etwelchen
826 2290 1512 2399 anderen sachen entwandt habe?
1617 2373 1710 2477 E.
1987 1084 2079 1185 307
2043 1159 3109 1292 d. Nein: Es seye seit Verschinner Osteren
2111 1256 3074 1347 Gar niemalen hie Oben 9sin, sonderen biß ge¬
2108 1310 3040 1396 gem Hönnet sich zu Sasel, nachwehrts im
2102 1367 3099 1453 könntet zu olten und Langenthal auff gehalten
2114 1437 3084 1508 mann solle aber nur an diese Ohrt schreiben
2093 1475 3058 1552 so werde sich erfinden daß es vor 7. wuchen
2104 1527 2781 1629 zu olten und Langenthal Hsin
2064 1640 3099 1730 Repliciert, Wie es doch so frach langnen dorfe
2095 1702 3083 1795 daß es zu Oberwangen dey angezeigten dies
2092 1748 3036 1851 stahl nit verubt, da doch das barbli Müller
2098 1803 3066 1893 seine damahlige Mitdiebin solchen bereits be¬
2096 1856 3076 1955 kennt, auch Ihme under augen erhalten werde
2058 1947 3081 2069 R. das Barbl. Müller thüge Ihme hieringen
2093 2035 2254 2115 unrecht
2074 2061 3047 2180 hierauff wurde das Barbli Müller hinein
2096 2145 3018 2218 gelaßen, und befragdt, Ob es dieses Mensch¬
2081 2203 3057 2305 kenne, Welches alsobald gesagdt, dieses seye
2092 2263 3054 2352 das Maria Zhunauwer, solchem nach Ihme
2098 2321 3038 2406 inder augen Aug erhalten, daß es den Roch
2089 2375 3021 2472 und übrige sachen zu Oberwangen auß des
2884 2426 3037 2507 Teichers
