4032 3024
977 987 1940 1109 Anzeigen Wer dieser Herr seys dann Er
975 1062 1956 1187 bey Ihnen vorbey gangen, und habe Sie gesechen
974 1123 1464 1220 mit Ein anderen reden
1597 1180 1646 1233 2
970 1182 1936 1318 EOb Es sonsten mit weiters begangen.
983 1296 1900 1401 Nein. Es wüße mit weiters daß es be¬
968 1368 1123 1431 gangen
964 1437 1904 1566 Im Übrigen bestähligte auch dieses Mensch
962 1503 1862 1610 die Ihme von Punten zu Puncten Vorge¬
964 1563 1864 1666 lesenen 3. Examina, von Sollothurn br¬
967 1612 1599 1710 gen und Trachselwaldt.
956 1681 1900 1816 Dieses ist also das Jenige so auß Es Gul.
965 1758 1913 1874 Hefelch mit diesem gefangenen Stein Stähli
953 1801 1882 1930 verhandlet worden, so hiemit zu Er Gne.
954 1861 1884 1985 hochweisen Verneren Erkandt nuß hinder¬
953 1913 1621 2042 bracht wirdt. Actum Vorstahl.
909 918 945 999 8
972 1019 978 1061 Anzeigen Wer dieser Herr seys dann Er
966 1092 976 1136 bey Ihnen vorbey gangen, und habe Sie gesechen
964 1143 975 1181 mit Ein anderen reden
916 1298 967 1384 H
919 1181 973 1307 EOb Es sonsten mit weiters begangen.
944 1436 966 1512 Im Übrigen bestähligte auch dieses Mensch
962 1504 964 1558 die Ihme von Punten zu Puncten Vorge¬
940 1681 959 1759 Dieses ist also das Jenige so auß Es Gul.
947 1802 955 1871 verhandlet worden, so hiemit zu Er Gne.
2399 983 3035 1140 Christina Stahli
2329 1073 3230 1210 Vori Oberhaßli im Weißlandt
2190 1185 3208 1342 Als zuvolg Oberkeitlicher Befelchs
2207 1285 3209 1389 Vom 11. Januarn 17 12: dieders Mensch
2190 1344 3178 1455 so von dem Herren Landtrogten zu Ar¬
2183 1414 3236 1514 Wangen /: hinder welchem es von Vnzucht
2189 1465 3210 1563 Wegen eingezogen worden) examiniert
2201 1517 3192 1625 und volgends mit seiner Bekanndtnuß
2173 1580 3178 1688 sub 2t dito zu Oberkeitlichen Banden ge¬
2172 1644 3109 1739 Wahrsamblich alhar geschickt worden
2159 1699 3207 1807 habend Ihr Ghl. die Vergicht der Wichtig
2175 1762 3201 1855 keit befunden, daß mit mehrerem Ernst
2190 1827 3174 1919 das, was es begangen und bißhero Ver¬
2182 1880 3205 1982 schwigen haben möchte, auch mit mehr
2179 1936 3183 2039 umbstanden von Ihme gebracht wurden
2183 2000 3177 2100 mochte solle. dero wegen M Hh. Rahls¬
2165 2056 3210 2158 herren Augspürgeren comitiert, welcher
2171 2107 3121 2208 den 14: hujus mit Zuthun Ihr Gul
2173 2175 3182 2271 dieneren zun GroßWeibel vnd des Griht
2177 2230 3186 2324 schreibers sich in den Oberen Spittahl begeben
2180 2288 3160 2384 und diesers Mensch mit Vorgangenem
2818 2373 3075 2452 beweglichen
