4032 3024
809 947 1918 1056 Vor dem Ier Landkogt zu Trachselwald-
891 1021 1909 1142 die bloße wahrheit seyn, darbey Er auch
901 1095 1886 1208 verbleiben thüge. Bette anbey Bott
908 1158 1910 1260 und eine hoche Oberkeit wegen Zei¬
907 1217 1891 1333 nes begangenen großen fehlers vmb
895 1279 1621 1408 Gnad und umb Verzeihung.
2019 1468 2066 1568 2
2040 1048 2105 1194 Dhalß nun den 10. dito Mehshl. die
2058 1183 2106 1263 DExaminatores das mit disem Cheisten
2088 1244 2106 1317 Inngold angefangene Examenin ferne¬
2097 1305 2106 1336 rem fortgesezt, hat derselbe nach aber¬
2105 1364 2106 1401 mahls beschehener Kräfftigen Vermah¬
2033 1688 2080 1766 2.
2075 1459 2107 1567 Was Er sich Zeithero besinnet, ob Er nun¬
2105 1556 2107 1616 mhro sein herz zuraumen gedenke, oder
2099 1636 2108 1721 fernerer Marter erwarten wolle?
2103 1715 2108 1741 Er habe alles gesagt, das Erwuße.
2051 1782 2097 1859 2
2033 2136 2100 2196 2
2048 1880 2109 1961 2 Nein Er haber mit mehr dan zween Rappe¬
2053 2222 2107 2317 2
2108 1996 2109 2028 und einen fur ihn, den Kreuzer Stampfel
2092 2052 2110 2127 habend Sie insgemein gehabt.
2106 2117 2110 2175 Wie viel Er von denen palschen Kreuzore
2105 1007 3093 1180 Dhalß nun den 10. dito Mehshl. die
2105 1098 3133 1250 DExaminatores das mit disem Cheisten
2106 1172 3128 1311 Inngold angefangene Examenin ferne¬
2106 1243 3141 1335 rem fortgesezt, hat derselbe nach aber¬
2106 1297 3111 1427 mahls beschehener Kräfftigen Vermah¬
2110 1347 3006 1480 nung folgende Bekantnuß gethan.
2107 1425 3135 1565 Was Er sich Zeithero besinnet, ob Er nun¬
2107 1503 3130 1643 mhro sein herz zuraumen gedenke, oder
2107 1574 3085 1717 fernerer Marter erwarten wolle?
2108 1642 3080 1767 Er habe alles gesagt, das Erwuße.
2133 1707 3131 1831 ob Er keine mehreren Stämpfel gemacht:
2114 1763 3157 1894 alß die wenigen Vier so Er bereits bekent¬
2109 1833 3124 1956 2 Nein Er haber mit mehr dan zween Rappe¬
2111 1907 3132 2025 Stämpfel gemacht, einen für seinen Vatter
2109 1961 3148 2084 und einen fur ihn, den Kreuzer Stampfel
2109 2030 2866 2142 habend Sie insgemein gehabt.
2110 2088 3037 2197 Wie viel Er von denen palschen Kreuzore
2127 2175 2403 2244 verbraucht?
2131 2194 3116 2325 Er habe etwan für 9 batzen davon genomen
2119 2256 3121 2366 und den Leuten geben die übrigen habe
2120 2334 2715 2427 Er, dem Vatter gelaßen
