4032 3024
852 978 1632 1116 Abraham Frutig
894 1138 1932 1252 Nachdeme Ihr Arl. auß angehördter
910 1238 1885 1314 vormahligen Vergiht deß droben in Verhafft
908 1281 1902 1366 ligenden Jungen frutigs beobachtet; daß sel¬
896 1336 1926 1422 biger allein ansechen nach, seine begangene dieb¬
901 1392 1907 1484 sahl nicht alle antag geben, auch ohngeacht alles
887 1439 1905 1544 Laugnens einiche Complices haben müße, vnd
901 1504 1862 1594 darüberhin Ihr Gnl. belieben wollen, dero
895 1551 1897 1654 Dieneren Münthl. Großweibel Wurstember
898 1616 1874 1704 ger und dem Grichtschreiberen anzubefehlen
917 1671 1880 1765 diesen Brutig nochmahlen ernstwöhrtig, auch
911 1725 1885 1814 mit vorleg- und betrönung des dumel Eisens
901 1776 1861 1877 zu Endtdeckung der Wahrheit zu vermögen, um
905 1836 1890 1947 da auch solches nichts verfangen wolte, densel
901 1897 1919 1992 ben durch die Profosen mit Ruhten oder Kinder
898 1956 1917 2054 Zachen abbruglen zulaßen Alß ist so thanen
898 2005 1905 2111 Ihr Gnl. befelch durch dero dienere den 23.
904 2070 1895 2177 hujus gehorsamer Volg geleistet, und gemelter
891 2128 1908 2233 feutig anfängklich gantz ernstwöhrtig, Volgendts
912 2199 1834 2297 auch mit Vorlegung des DumelEisens, und
1690 2269 1791 2335 Als
2022 1006 2105 1103 129.
2134 1012 3157 1143 Alß derselbe nochmahlen auf seinem hievo¬
2139 1094 3126 1197 regen laugnen beharrete, zu zweyen under¬
2119 1149 3111 1264 schidelichen mahlen durch die Provosen gantz
2133 1213 3101 1328 scharpf mit richten gestrichen und geprüglet
2140 1288 2308 1361 worden.
2124 1308 3083 1446 Deßen alleßin aber ohngeacht, ist derselbe
2134 1390 3138 1490 bey seiner gethanen Bekandtnuß nochmahlen
2124 1435 3162 1558 beharret, und von Einihen complies noch vnder
2131 1496 3169 1601 rndung wegen deß vorgehabten diebstahls gantz
2129 1560 2787 1667 und gar nichts Wußen wollen
2114 1620 3120 1732 Ward aber endtlichen gestendig, daß wie Er sich
2140 1685 3117 1763 im Keller befunden und der Kirherr, so Ihne er
2131 1735 3102 1841 dappet, mit dem Liecht die stägen hinabkommen,
2119 1793 3115 1904 Er überoben Jemands gehordt zischen, und als
2117 1853 3144 1951 der Kueherr Ihne hinaufgeführt, habe Er ge¬
2489 1917 2518 1961 o
2119 1907 3144 2012 suchen zween buben vorbeylauffen, deren Einen
2134 1964 3124 2079 eine rohte Cassaggen mit weißen auffschlegen
2115 2021 3124 2141 gehabt; Allein Er habe sie zu vor nit gesechen
2133 2074 3081 2195 auch niemahls mit Ihnen geredt, kenne sie
2125 2147 3021 2262 auch in anderst nit, als wann Er Sie seche.
