4032 3024
941 1041 1923 1151 zeigen und Geldt für seine Verpflegung zu¬
944 1099 1111 1166 forderen
1433 1144 1572 1197 ins Caui
938 1147 1897 1258 Wie Es nun widrumb hiuher komen habe es
934 1218 1873 1302 alsobald des Lugibuhls Lenthen schriftliche
935 1276 1935 1345 bottschafft geschickt, daß Sie Ihme das Kindt al
937 1321 1337 1396 har bringen sollen
949 1376 1912 1446 Seithero nun habe es sich bald hier bald dorthe
947 1432 1877 1529 auf gehalten und einen Meister Gesucht bey
950 1485 1585 1568 dame es in dienst begeben könte
925 1536 1854 1642 Befragdt, Ob Es dißmahl sich nit schwan¬
940 1619 1848 1691 zer befinde? Hat Es anfängtlich gesagdt
939 1677 1878 1754 Es wüße es nit; auff krefftiges zusprechen
942 1715 1885 1809 aber bekennt, daß es Ja seit ohnfehrt zweyen
923 1780 1876 1839 Monathen schwänger seye; und daß einge¬
923 1829 1812 1923 Wußer H. Zeihender so allezeit eine rohte
934 1892 1878 1974 ahsaggen Frage Frunden an der Matten in
927 1958 1888 2040 des Alten Rableuthen wührt Burris hauß
941 1999 1887 2088 Inder zweymahlen mit Ihme fleischliche Ge¬
928 2068 1865 2152 meindschafft gehabt. Diesen H. Zeihender
923 2119 1848 2216 habe es vor ohngefehrt 5. Wochen einmahl
929 2176 1894 2275 auff dem Großen Kirchhooff angetroffen vndt
1641 2268 1732 2329 mit
2150 1011 3138 1108 mit Ihme gereit, damahlen habe Er Ihns
2147 1080 3114 1166 Widrumb geheißen an die Matten in des
2143 1135 3112 1210 Hawris haußkommen, es aber habe nit gehen
2150 1204 2317 1266 Wollen
2149 1236 3174 1327 Seithero habe Er Einen Haußmann so in Einer
2149 1306 3174 1397 Matten wohne, zu Ihme Geschickt und Ihme sagen
2147 1354 3137 1451 laßen, Es solle schamten daß es etwann einen
2146 1405 3171 1498 Kerl könne bereden, daßers Zilchen führen
2142 1472 3164 1574 Er wolle Ihme geldt geben; darauff Es mit
2138 1518 3136 1620 Einem Soldaten so in der Gefangenschafft sich
2152 1571 3145 1672 befunden durch das fenster hinein geredt vnd
2145 1622 3153 1730 Ihme solches angetragen, der auch anfangs sich
2152 1682 3150 1769 darzu verstehen wollen, Nachdeme Er aber
2143 1725 3142 1828 mehreren Bericht seinet wegen vernommen habe
2140 1806 2673 1899 Ersolches außgeschlagen
2136 1881 3131 1971 Auß Gefragen ob nit andere schlimme dirnen
2150 1933 3144 2014 mehr sich drunden an der Matten in des Bür¬
2154 2006 3150 2077 eis Hauß zu ziechend. Sagdte Es wüße von
2145 2049 3113 2140 keinen anderen als Einem Johanni 10 Ihns
2145 2103 3149 2205 auß begehren des H. Zechenders dahin geführt
2137 2194 3162 2305 Wegen denen bekanten dieb stählen, derentwegen
3004 2287 3068 2350 E
2042 1011 2107 1091 121
