4032 3024
940 967 1900 1069 durzen anstatt einer allwannden
939 1019 1916 1114 geben und darfür 30. V. von ihme
940 1077 1900 1171 empfangen, und selbige mit dem
933 1130 1924 1214 Jungen gesellen getheilt Nachwerts
924 1181 1897 1284 habe ihne der Roht angeklagt, daß Er
925 1247 1928 1361 ihme ein fullin verkaufft, so aber nit
931 1318 1940 1423 dahr, sonderen die aklererst angezeigt
923 1370 1936 1480 habe Er ihme für die 30. R. eine Allran¬
926 1456 1376 1551 nen geben sollen
955 1517 1883 1626 ob man ihm Räber nit auch einihe¬
925 1580 1869 1682 Leut wegen allrannen zugewisen
949 1653 1794 1739 und zwar äußere und frembde¬
947 1698 1837 1822 Es seyend nit viel Leut desstwegen
939 1779 1890 1890 zu ihme komen und vuße Er von kei¬
946 1836 1905 1953 nem frambden mit der dergleichen
940 1925 1566 2027 etwas von ihme begehrt.
928 1980 1877 2097 2ob nit Jemancks under dem Nahmen
929 2053 1883 2161 Medecin allrannen von ihme begehrt,
929 2130 1893 2243 Nein Er wuße Niemand der solches
932 2205 1705 2304 under disem Nahmen begehrt,
934 2252 1932 2375 Man habe Ja seiner Frauwen gelt darauf
931 2339 1086 2429 geben
1768 2342 1860 2445 R
798 977 874 1088 184
854 2148 912 2252 2
811 2275 899 2365 Lepl.
920 1423 924 1456 habe Er ihme für die 30. R. eine Allran¬
917 1616 925 1653 Leut wegen allrannen zugewisen
877 2009 929 2078 2ob nit Jemancks under dem Nahmen
922 2069 929 2142 Medecin allrannen von ihme begehrt,
919 2140 930 2206 Nein Er wuße Niemand der solches
921 2356 931 2429 geben
867 1526 913 1598 2
854 1703 914 1821 2
2068 1006 2128 1085 2. So mit Jemands Er seye wahr, daß¬
2128 1104 2128 1116 Einer zu ihme kommen der ihne umbem
2130 1867 2130 1894 zu ihme kommen und ihne gefragt, ob Er
2121 1978 2131 2060 zu Einer Springwurzen verhelfen; Wo¬
2122 2188 2132 2233 da seye zu erst des Hh. Haußmann
2057 1382 2115 1483 2
2069 1495 2135 1594 16
2003 1019 2047 1095 185
2128 981 3141 1103 2. So mit Jemands Er seye wahr, daß¬
2128 1052 3125 1162 Einer zu ihme kommen der ihne umbem
2138 1105 3157 1227 stringwurzen ersucht, und deßtwegen
2140 1163 3148 1259 seinem weib gelt geben wollen allein
2149 1214 3148 1343 er habe seinem Veib gedeutet, daß es
2141 1289 2814 1397 kein gelt abnemen solle
2167 1373 3085 1486 Vas dan für Einer zu ihme kommen
2147 1437 2616 1549 und wie Er heiße
2156 1495 3148 1609 in daßler Nahmens Haußmann
2135 1562 3095 1678 Er wolle aber anzeigen, wie sich die
2136 1642 2550 1745 sach verlosen.
2139 1676 3136 1806 Anfangs seye eingewüßer Andreß.
3081 1746 3135 1824 n
2138 1750 3086 1856 Zimmermann samt einem BättlerMan
2130 1803 3157 1925 zu ihme kommen und ihne gefragt, ob Er
2133 1874 3129 1990 mit Einem gewußen Herren könte
2131 1932 3162 2073 zu Einer Springwurzen verhelfen; Wo¬
2140 2003 3135 2129 rauff Er gesagt, Ja Er habe Eine, da¬
2146 2078 3149 2170 rauf der Andreß nach Sasel geschriben
2131 2146 3105 2232 da seye zu erst des Hh. Haußmann
2134 2193 3075 2322 Sohn von Stafel in die Inderen komme
2154 2253 3138 2360 und habe ihne Räber daselbsthin ins
2134 2325 3150 2429 vietshauß beschikt, und umb die Burze,
2982 2389 3063 2461 ge¬
