4032 3024
956 1005 1944 1129 lich beleidiget, umb Verzeichung vndt eine
955 1076 1906 1182 Gnädige Urtheil, wolle auch diese seine
961 1143 1937 1248 Wohl Verdiente straaß inkünftig ihme zur
958 1185 1488 1272 beßerung dienen laßen
938 1235 1870 1343 Weilen nun auß diesem Stauser weder
959 1306 1890 1394 durch angewendte marter noch anderer
957 1367 1897 1449 gestalten nichts mehrers zu bringen gewe¬
944 1412 1947 1513 den hatt Michhl. Examinator Ihne Widrum
952 1477 1495 1557 an sein ohrt fuhren laßen
2062 997 2153 1062 119
2168 1070 3177 1189 Den 2te Aprilis 1712: habend zu Volg
2174 1143 3184 1248 Oberkeitlichen Befelchs Mi Rh. Großweibel
2170 1210 3181 1298 und der Grichtschreiber sich in die Gefangen¬
2161 1257 3189 1358 schafft begeben daselbsten das verhaffte Mei¬
2170 1322 3135 1407 Madleni Bähler von utendorf wegen Ver¬
2168 1373 3153 1448 übten diebstahls und anderen schlimmen sachen
2699 1425 3173 1511 Welches harauf
2161 1427 2691 1506 halben zu examinieren
2158 1474 2634 1563 Bekemnt wie volget
2134 1543 3180 1640 Seine Elteren habend vor diesem bey Colman
2171 1605 3169 1693 in Elhaß gewohnt daselbsten es auch gebohren
2146 1653 3135 1745 Nach seiner Auferzeuchung habe es bey 6.
2153 1701 3153 1798 Jahren dorthen gedienet, und vor ohngefehr
2162 1787 3161 1851 4. Jahren von Einem Herren zu Colmar so
2151 1817 3153 1914 H: Doctor Klockzein heiße, einem Wittlig ge¬
2154 1896 2629 1983 scheängeret worden,
2162 1936 3198 2022 Alß es nun darüberhin alharkommen in Willens
2158 2009 3159 2077 seinen heimatschem abzuholen, seye es im
2146 2059 3179 2143 Spittahl alhier Kindts inderkomen nachwerk
2153 2113 3178 2203 habe Es sich mit seinem Kindt auf Höchstetten
2153 2164 3046 2260 begeben daselbsten das Kindt bey 1
2153 2223 3178 2300 ugibuhl gelaßen, vnd widrumb auß Colmar
2153 2290 3108 2366 zu gangen, des Kindts Vatter solches anzu
2886 2340 3036 2417 zeigen
2017 1334 2152 1387 namene
