4032 3024
975 963 1821 1117 Al nun § 18. dito Mihhl.
1003 1040 1841 1171 uaminatore zu fortsezung
1001 1126 1907 1219 des mit diem irel Müller angefan¬
999 1179 1713 1274 genen Examens sich aberin¬
1714 1199 1898 1268 ahlen in
1011 1239 1878 1339 die Gefangenschafft begeben, umb
1002 1296 1914 1405 zusehen, ob selbiger durch anwendung
1018 1358 1836 1451 der Marter des 25 t 3 seins zu
1024 1417 1912 1498 mehrerer Bekantniß gebracht werden
1011 1482 1916 1574 könte; hat darauff selbiger fol¬
1018 1532 1906 1639 gende Bekantnuß gethanund an
1025 1609 1589 1704 der Marter erhalten
919 1673 1918 1799 Erstlichen habe Er sich seithero besinnt, daß
944 1768 1915 1852 Er gehört von Jaggi Stärr zu Strenzigko¬
952 1821 1924 1925 ten sagen, daß Er auch mit falscher nun
945 1907 1167 1983 umbgehe
893 1954 1915 2079 aß mit denen gegoßnen 6. halb guld
943 2033 1882 2132 nichts darauß worden, und habe Er die
941 2099 1869 2191 selbigen, weilen Sie so oust gewesen, wi
943 2142 1384 2244 drumb geschmelzt.
910 2214 1882 2327 Auff Verdeuten aber, daß dan schon
943 2303 1908 2395 am Egsten eine sach nit gerahte, so sche
940 2358 1900 2453 man dennoch nit so bald ab, und suche ein
1799 2424 1909 2494 ander
839 965 907 1051 14
2111 994 3147 1093 andermahl selbige zuverbeßeren, und seye
2004 1012 2108 1114 215
2124 1080 3144 1157 gar nit gläublich, daß es by dem einzigen
2116 1127 2530 1207 mahl verbliben,
2144 1147 3126 1274 Vohl er seye gewüßlich darbey Verbliben
3083 1221 3162 1292 ehr
2999 1230 3086 1311 er
2122 1216 2998 1330 und habe Er nachderts niemahle
2122 1305 2350 1409 probiert.
2135 1316 3111 1437 Wo Sie mit der geschmelhten mater hinkommen
2126 2438 2273 2498 R. Nein.
2141 1415 3074 1521 vrkermann habe selbige genomen
2130 1475 3158 1590 Wie Lang es seye, daß Sie dise halb guld gegoßen
2126 1541 3114 1672 Es seye schon by 11. oder 12. Jahren, daß
2123 1631 2506 1734 solches geschehen
2123 1684 3103 1802 2O6 Er Niemandem habe helffen munhen
2124 1752 3126 1868 noch selbsten gemunget habe? auch mit
2124 1821 2905 1929 gepraget noch helffen frägen
2124 1899 3042 1989 Nein gar nit, man solle aller orten
2125 1961 3159 2069 Nachfrag halten, ob ein Einicher mensch¬
2125 2015 3114 2131 sagen könne, daß Er ihme einiche falsche
2125 2079 3135 2193 Munz, das gattung es Imer seyn möge,
2133 2165 2394 2236 geben habe
2125 2174 3145 2282 2. Ob Er nit mehr als das Einzigemahl im Schuppachwald geschmeltzt
2839 2234 3138 2313 und gegoßen habe.
2126 2248 2515 2342 keingar nicht
2126 2276 3133 2399 2 0b Er gar nicht mehr alß die angezeigten
2126 2365 3072 2454 6. halben gulden gegoßen und gemacht.
2040 1207 2104 1280 R.
2056 1391 2101 1453 2
2048 1450 2099 1519 2
2117 1200 2122 1202 mahl verbliben,
2037 1508 2101 1599 2
2048 1589 2093 1683 2
2052 1918 2100 2009 2
2121 1268 2122 1310 und habe Er nachderts niemahle
2106 1332 2122 1415 probiert.
2041 2260 2119 2335 21
2048 2421 2126 2499 R. Nein.
2116 1678 2123 1722 solches geschehen
2052 1711 2124 1791 2O6 Er Niemandem habe helffen munhen
2111 1805 2124 1871 noch selbsten gemunget habe? auch mit
2110 1872 2124 1931 gepraget noch helffen frägen
2116 1932 2124 1974 Nein gar nit, man solle aller orten
2103 2048 2125 2137 sagen könne, daß Er ihme einiche falsche
2116 2133 2125 2173 Munz, das gattung es Imer seyn möge,
2007 2207 2125 2267 2. Ob Er nit mehr als das Einzigemahl im Schuppachwald geschmeltzt
2047 2345 2126 2399 2 0b Er gar nicht mehr alß die angezeigten
2121 2393 2126 2444 6. halben gulden gegoßen und gemacht.
