4032 3024
742 1036 844 1133 308
869 1067 1567 1205 Seichers hauß entwendt habe
837 1881 847 1987 E
874 1171 1923 1298 deßen ohngeacht wolte doch dieses Thunauner
869 1241 1866 1350 2 solches nit gestehen, sonderen beharrete noch
865 1306 1908 1398 mahlen daß es zurselbigen Zeit sich zu Langen¬
857 1341 1165 1441 thal befunden
855 1425 1894 1545 E. Ob Es nit vor ohngefehrt dritthalb Jahren mit
866 1480 1911 1602 hulf der Tschiffelenen und des Stein Stähls
851 1543 1888 1651 dem Wührten zu Bleyenbach ein bethent¬
850 1604 1907 1703 wendt, welches aber von dem Nuhrt Ihnen wider
855 1655 1259 1738 abgesagdt worden?
877 1744 1843 1862 kein Es habe dem wührt zu Bleyen bach
847 1813 1699 1920 niemahl kein betth entwenden helffen
857 1900 1877 2016 Ob Es nit letztlich mit und neben der Bschiff¬
845 1965 1850 2078 leuen zu Sollothurn auch eingezogen worden,
834 2020 1530 2124 und weßt wegen solches geschechen
1700 2064 1884 2158 rtmen
830 2102 1877 2220 R. Alß es vor etwas Zeits undenfuhr kearder
835 2190 1858 2285 die Bschiffelenen angetroffenen haabe dieselbe
826 2236 1822 2350 ihns angesprochen, mit Jhra auf Straß burg
824 2287 1859 2400 zu gehen, einihe sachen abzuholen, da sie nun
1628 2386 1862 2481 auff gen
778 1880 841 1987 E
848 1335 860 1419 thal befunden
820 1454 856 1503 E. Ob Es nit vor ohngefehrt dritthalb Jahren mit
850 1552 853 1594 dem Wührten zu Bleyenbach ein bethent¬
850 1606 851 1631 wendt, welches aber von dem Nuhrt Ihnen wider
833 2020 836 2079 und weßt wegen solches geschechen
766 2093 833 2208 R. Alß es vor etwas Zeits undenfuhr kearder
824 2236 828 2297 ihns angesprochen, mit Jhra auf Straß burg
805 2287 827 2359 zu gehen, einihe sachen abzuholen, da sie nun
1991 1096 2071 1183 309
2098 1094 3088 1231 gen Sollothurn komen, habe die Tschiffelenen
2102 1193 3114 1279 Daselbsten einiches Zeug entwendt, und daru¬
2100 1249 3074 1337 ber eingezogen worden, da Sie dann in Ihrer
2102 1300 3093 1390 Bekandtnuß vorgeben, daß sie die entwendt
2104 1352 3114 1441 sachen vnd Ihme bekonn, deß twegen es auch
2433 1404 2461 1444 3
2108 1403 3084 1501 ein gezogen und volgendts mit Ruhten auß¬
2104 1465 3094 1554 geschmeitzt, die Tschiffelenen Aber enthaubtet
2109 1519 2922 1599 worden, A zuverkauffen übergeben wollen, etc
2092 1581 3099 1680 Ohngeacht nun diesem Menschen alles Prekti¬
2618 1637 2743 1687 worden
2095 1644 3084 1742 ggen Ernsts zugesprochen, hat es doch weder
2101 1698 3044 1789 den diebstahl zu Oberwangen, noch emnichen
2092 1754 3069 1844 anderen ( außett dem zu Kappelen: nit be¬
2579 1807 3079 1886 Actum 8. Septbris
2085 1811 2565 1910 kandtlich seyn wollen.
2925 1878 3031 1939 723
