4032 3024
850 1239 909 1334 G
926 1111 933 1163 herrenberg eine suma geldts sambt einem
915 1175 931 1236 großen Ehrigen Haffen entwendt
923 1294 928 1359 ferrenberg nichts entwendt
870 1381 926 1508 D. Ob Er dann Vßert diesem Auch sonst keinen
918 1464 924 1535 Weiteren diebstahl begangen
863 1547 922 1656 R Nein Er habe sonst nichts weiters entwendt,
916 1654 920 1726 ohngeacht nun diesem Kinder hierüber ernst¬
918 1724 918 1740 wöhrtig zugesprochen worden hatt Er doch ein
911 1784 916 1797 mehrers begangen zuhaben in der Guhte nicht
907 1799 916 1874 bekennen wollen
839 999 1910 1142 DOb Er nit auch dem Hanns Sterch auf
931 1111 1904 1204 herrenberg eine suma geldts sambt einem
930 1146 1690 1255 großen Ehrigen Haffen entwendt
937 1233 1878 1355 kein Er habe dem Hanns Sterchi auf
927 1295 1563 1393 ferrenberg nichts entwendt
924 1372 1868 1507 D. Ob Er dann Vßert diesem Auch sonst keinen
922 1460 1570 1564 Weiteren diebstahl begangen
920 1530 1899 1655 R Nein Er habe sonst nichts weiters entwendt,
918 1654 1878 1735 ohngeacht nun diesem Kinder hierüber ernst¬
918 1688 1873 1788 wöhrtig zugesprochen worden hatt Er doch ein
916 1752 1899 1851 mehrers begangen zuhaben in der Guhte nicht
914 1800 1262 1892 bekennen wollen
2387 994 3100 1128 Victor Meyes der Schloßer
2287 1060 2791 1174 und Maria Suber
2029 1033 2123 1125 153
2092 1176 2150 1284 C
2759 1174 2780 1176 und Maria Suber
2176 1176 3156 1318 en 30. Aug: 1712: habend Ihr Gnl. die
2145 1275 3150 1355 nere Munthl. Großweibel vVursteinberges
2136 1321 3117 1428 und der Grichtschreiber sich in die Gefangen¬
2117 1385 3133 1475 schafft begeben daselbsten den auf Anhalten
2132 1439 3132 1546 es Kauser Langhanußen gefängklich ein
2138 1504 3151 1607 gezogenen Schloßer Victor Meyer, wie auch
2120 1564 3150 1662 Maria Stuber ermelten Langhanußen hauß
2122 1627 3151 1699 frauw Wegen eines eröffneten Trogs vndt
2122 1677 3123 1786 von seiner Tochter abgenommenen diebstahls,
2113 1756 2512 1839 zu Examinieren
2104 1806 3159 1916 Da dann der Schloßer Meÿer bekennt daß
2093 1877 3129 1970 Er zwar Sontag Morgends vor dem Bätttag
2110 1946 3147 2024 Während der Großen Predigt von des Käufer
2119 1990 3144 2089 Langhannßen Tochter ins Hauß beschickt worden,
2123 2055 3138 2135 da sie Ihme angemuhtet einen prog zu eröffnen
2114 2115 3096 2211 mit vorgeben, daß sie den Schlußel darzu
2105 2167 3145 2244 verlohren; allein Weilen Er weder den Vatter
2130 2231 3107 2332 noch die Mutter im hauß gesechen, habe Er den
2116 2279 3096 2390 trog nicht öffnen wollen, sonderen seye wider
2836 2351 3036 2448 hinweg
