4032 3024
815 951 1774 1043 192 gemacht, und geben, alß aber de
941 1009 1877 1121 durchter disen halb Sazen stempfel
937 1087 1894 1177 nicht brauchen können habe Er selbi¬
940 1139 1889 1246 gen samt einem Kurferbläch und et
925 1198 1915 1288 welchen steiten ihme Müller widergeben
934 1248 1906 1357 welchen Er darauff in des Ingaldz
934 1315 1939 1404 gegenwart bidrumb verschuidet Nach¬
931 1386 1848 1455 wertz habe Er dem duechter einen
907 1443 1866 1545 Licherner bazen stemmpfel gemacht
919 1503 1885 1618 und darzu noch 30 R. in gelt entlehnt,
922 1574 1879 1663 Vorfur der Buechler ihme Müller eine
937 1636 1913 1746 obligation von 90. R. auffgerichtet welchen
928 1691 1864 1804 überschuß an gelt sem Müllers Lohn
930 1772 1914 1868 für die Stempfel seyn sollen; Nachdem
920 1852 1872 1923 Er nun von dem Bürchter lange Jahr
941 1881 1912 1983 nichts bekommen, habe Er vor ohngefehrd
930 1975 1861 2042 ren Jahren die Obligation verkaufft
937 2020 1844 2133 da dan die Leut, so selbige erhandlet,
936 2089 1809 2185 den Buechler angefangen zutreiben
930 2148 1872 2266 desstwegen der Büechler ihne Müller
929 2220 1890 2329 gescholten und gedrauct die sach auß
940 2287 1894 2397 zubringen, Worauff ihme Müller angst
1750 2379 1914 2451 worc
2010 986 3117 1096 193 worden, so daß Erden buechter ein stuk¬
2120 1037 3024 1157 gelt geben, daß Er ihme den baze
2133 1089 3079 1192 tempfel wider einhändigen, darzu
2096 1153 3129 1276 schweigen und ihne widerumb entschlage
2113 1208 3054 1319 solle, mit versprechen, daß Er den
2106 1276 3083 1395 Büechter auch seine obligation ohne
2117 1336 3032 1464 Entgelt widerm zur Haus stellen
2123 1397 3064 1542 wolle, Alß Eraber die obligation
2139 1447 3154 1586 nicht alsobald bidrumb zur hand bringen
2132 1531 3111 1638 und dem buechter zustellen könne
2126 1604 3096 1716 habe derselbe ihne bidrumb auß ein
2149 1630 3100 1775 Leues gescholten, und gedraut die
2142 1695 3097 1825 Sach außzubringen deßstwegen Er
2992 1764 3112 1828 amt
2146 1774 3153 1886 hine abermahlen ein Stuk gelt schweige
2139 1843 3092 1943 seiner obligation geben, daß Er shlig
2149 1887 3104 2013 uns die Sach außmache, also daß Er in
2144 1924 3160 2073 beyden mahlen dem Bühler (:ohne die 30 .
2132 2006 3150 2135 so Er ihme Entlehnt,;) noch 31. Thlr gebene
2145 2051 3148 2219 Es habe zwar der Büechter Versprochen
2145 2115 3109 2240 nach seines Schwächers vod ihme 50. R.
2141 2228 2538 2331 zu restituiren.
2143 2258 3157 2390 2 Ob Er mit begehrt, daß man ihne Eehre gießen
2076 2307 2148 2401 2 Ob Er mit begehrt, daß man ihne Eehre gießen
