4032 3024
2246 1110 2305 1129 Nach demeEr Gel. belieben wollen
2467 937 3013 1060 Hypolitte Geriz
2623 1031 3270 1109 von Bex auß dem Ambt Aelen
2612 1078 3015 1155 bey 34. Jahren alt
2245 1128 3228 1230 Nach demeEr Gel. belieben wollen
2261 1189 3286 1264 über abgestatteten mundtlichen Bericht MsRth. ge¬
2243 1263 3286 1332 Großweibelt Vursteinbergers, wegen des droben
2257 1307 3276 1394 Verhafften Hypolitte Gerix von Bex, so von
2246 1347 3289 1456 Miniehhren Brigadier Sturler eines namhafft
2252 1409 3297 1504 begangenen Diebstahls an Silbergschir Beklagt
2248 1468 3181 1565 wirdt, auß dero hochem Mittel, Mahtl
3159 1488 3291 1559 Baum
2244 1521 3253 1622 Herren Lerber zu einem Examinatoren zu
2228 1576 3255 1677 verordnen, hat zu Volg erhaltenen hochen
2246 1630 2639 1728 Gefelchs sub dato
2787 1642 3289 1742 Octob. hochgedacht Muhl.
2228 1677 3303 1795 Banntherr mit Zuthun Mbithl, Großweibels
2248 1761 3288 1847 sich den 27: deß in die Gefangenschafft begeben
2242 1812 3260 1921 und in Heyseyn Mr Rthl. g H. Brigadiet
2231 1869 3268 1976 Sturlers, H. Alt Siechen Sogt Sammel Wyßen
2246 1948 3274 2046 l. Obrist Lieutenant Cenners, H. Insulschreiben
2237 1988 3272 2105 Wildts, und H. Hauptmann Sturlers, Ermelten
2242 2054 3284 2157 herix daselbsten mit Vorher gangenem Eonst
2242 2103 3244 2226 wöhrtigem Zusprechen die Bloße Wahrheit an
2233 2177 3219 2283 zuzeigen, über die Wider Ihne angebrachte
2216 2225 3125 2342 Klegdten, in seiner Antwort vernommen
2949 2308 3142 2397 Wardt
