4032 3024
947 993 1912 1101 Daher gebracht, und solches der Lechenmannig
949 1063 1897 1163 zu behalten geben, die es in den Keller gethan
953 1118 1935 1212 Etliche Tag hernach, wie es Thaunauwerin auß
943 1172 1894 1262 auß der Statt kommen und von des hen zeihen¬
928 1227 1884 1320 ders hauß auß dem Bruggfeld vorbey gangen
941 1290 1874 1389 sey der eibel von Reichenbach so sich alda
934 1342 1899 1447 befunden Johme nach gangen, und als Errb ange¬
937 1417 1892 1502 troßen, habe Er gezagdt, Es seye Zeug Namb¬
926 1464 1896 1568 lich ein Rock und ein wullhemnbd gestohlen
938 1525 1890 1615 worden, wo die Lange weltsche die Zwbannerin
927 1585 1871 1681 sey, so eine Zeit daher mit Ihme umbher ge¬
921 1635 1836 1746 zogen Er klage zwar Ihnsnit an, allein
921 1703 1883 1794 Weilen die itannerin offt mit Ihme geche
929 1757 1927 1862 muße es auch etwas darvon wüßen, und werde
926 1809 1867 1920 also wohl anzeigen können, wo das Zeug seye
909 1878 1884 1992 darauß es Ihme gesagdt, daß dieses Zeug zu
916 1936 1874 2052 Stuckis hauß der Lechenmannin zu behalten
924 1991 1866 2095 geben worden; welche dann auch hernachdem
913 2058 1629 2163 Weibel solches wider zugestellt.
878 2136 1830 2267 WWaß für Persohnen alles mit Ihme geleichet
1727 2253 1824 2358 H.
822 977 905 1081 188
2070 2171 2148 2293 2
2158 1133 2162 1178 mahl mit der Sschiffelenen über nacht Hsin.
2095 2318 2133 2442 E
2156 1272 2160 1322 wo sie Khundtsame mit Einanderen gemacht.
2148 1440 2158 1477 eines kerlis auß befelch h. Landtvogt Stür
2155 1485 2157 1530 ders von Lentzburg alhargt ins Schallen
2143 1557 2157 1603 Werck geschickt worden, alda es das Anna
2143 1612 2156 1655 Waßer, so sich damahlen auch darun befunden
2136 1668 2155 1743 kennen gelehrnt.
2139 1738 2154 1817 Repliciert weilen es damahlen mit dem
2140 1818 2153 1878 Anna Waßer Khundsame gemacht werde es
2151 1865 2153 1916 ohne Zueiffel seithar mit Ihme geleichet und
2149 1936 2152 1991 gemeindschafft gehabt haben.
2097 2015 2151 2113 Mein, Es seye Zeithar kein Fußtritt mit Ihme
2147 2189 2149 2225 Vielanges seye, daß es die Tschiffelenen ge¬
2069 1188 2148 1306 D.
2088 1364 2142 1466 H
2147 2258 2150 2278 2
2171 1024 3167 1116 Niemand anders, äußert daß es ein paar
2161 1102 3126 1196 mahl mit der Sschiffelenen über nacht Hsin.
2162 1192 3139 1295 Ob Es nit auch das Anna Waßer kenne und
2160 1246 3153 1361 wo sie Khundtsame mit Einanderen gemacht.
2170 1306 3114 1456 Es seye vor ohugefehrt 6. Jahren Wegen
2158 1388 3119 1494 eines kerlis auß befelch h. Landtvogt Stür
2157 1472 3064 1556 ders von Lentzburg alhargt ins Schallen
2156 1508 3111 1623 Werck geschickt worden, alda es das Anna
2155 1558 3157 1680 Waßer, so sich damahlen auch darun befunden
2154 1632 2554 1742 kennen gelehrnt.
2153 1701 3109 1815 Repliciert weilen es damahlen mit dem
2153 1768 3167 1877 Anna Waßer Khundsame gemacht werde es
2152 1821 3154 1944 ohne Zueiffel seithar mit Ihme geleichet und
2151 1893 2772 2002 gemeindschafft gehabt haben.
2150 1988 3144 2112 Mein, Es seye Zeithar kein Fußtritt mit Ihme
2150 2078 2331 2158 gangen
2148 2152 3133 2275 Vielanges seye, daß es die Tschiffelenen ge¬
2158 2238 3014 2343 lahrt können, und mit Ihra geleuhet habe
2151 2326 3069 2442 Es habe selbige mit dem Anni Waßer im
2907 2370 3137 2478 Schallensc
