<?xml version="1.0" encoding="UTF-8" standalone="yes"?>
<PcGts xmlns="http://schema.primaresearch.org/PAGE/gts/pagecontent/2013-07-15" xmlns:xsi="http://www.w3.org/2001/XMLSchema-instance" xsi:schemaLocation="http://schema.primaresearch.org/PAGE/gts/pagecontent/2013-07-15 http://schema.primaresearch.org/PAGE/gts/pagecontent/2013-07-15/pagecontent.xsd">
    <Metadata>
        <Creator>prov=University of Rostock/Institute of Mathematics/CITlab|PLANET AI GmbH/Gundram Leifert/gundram.leifert@planet-ai.de:name=Transkribus German Kurrent M2(htr_id=29820)::::v=2.6.7
prov=University of Rostock/Institute of Mathematics/CITlab|PLANET AI GmbH/Tobias Gruening/tobias.gruening@planet-ai.de:name=de.uros.citlab.module.baseline2polygon.B2PSeamMultiOriented:v=2.6.7
prov=University of Rostock/Institute of Mathematics/CITlab|PLANET AI GmbH/Tobias Gruening/tobias.gruening@planet-ai.de:name=/net_tf/LA73_249_0mod360.pb:de.uros.citlab.segmentation.CITlab_LA_ML:v=2.6.7
Transkribus</Creator>
        <Created>2022-05-02T16:07:27.381+02:00</Created>
        <LastChange>2023-06-16T11:06:38.548+02:00</LastChange>
        <TranskribusMetadata docId="1336518" pageId="52421092" pageNr="49" tsid="127085558" status="IN_PROGRESS" userId="42748" imgUrl="https://files.transkribus.eu/Get?id=QTVASNYVRDRORKSCAMVAVVGA&amp;fileType=view" xmlUrl="https://files.transkribus.eu/Get?id=NAPFAFTZNLCZCCMDCJBCLBVZ" imageId="30694317"/>
    </Metadata>
    <Page imageFilename="IMG_6603.jpg" imageWidth="4032" imageHeight="3024">
        <ReadingOrder>
            <OrderedGroup id="ro_1687513568349" caption="Regions reading order">
                <RegionRefIndexed index="0" regionRef="TextRegion_1686906338304_1527"/>
                <RegionRefIndexed index="1" regionRef="TextRegion_1686906344284_1532"/>
                <RegionRefIndexed index="2" regionRef="TextRegion_1686906379616_1538"/>
                <RegionRefIndexed index="3" regionRef="TextRegion_1686906379616_1537"/>
            </OrderedGroup>
        </ReadingOrder>
        <TextRegion orientation="0.0" type="marginalia" id="TextRegion_1686906338304_1527" custom="readingOrder {index:0;} structure {type:marginalia;}">
            <Coords points="936,1233 1013,1235 999,2158 912,2160"/>
            <TextLine id="line_1686906330897_1521" custom="readingOrder {index:0;} place {offset:18; length:5;}">
                <Coords points="1008,1235 1013,1235 1013,1262 1008,1262"/>
                <TextEquiv>
                    <Unicode>rethen außerthalb Basel begraben worden</Unicode>
                </TextEquiv>
            </TextLine>
            <TextLine id="line_1686906324747_1505" custom="readingOrder {index:1;}">
                <Coords points="982,1331 1012,1314 1012,1363 982,1365"/>
                <Baseline points="989,1356 1012,1354"/>
                <TextEquiv>
                    <Unicode>Ob Es das Khindt nit etwann Verwahrlo¬</Unicode>
                </TextEquiv>
            </TextLine>
            <TextLine id="line_1686906324748_1507" custom="readingOrder {index:2;}">
                <Coords points="1001,1573 1008,1569 1007,1625 1001,1628"/>
                <Baseline points="1007,1604 1051,1603 1096,1602 1141,1601 1186,1601 1231,1601 1276,1601 1320,1602 1365,1602 1410,1604 1455,1604 1500,1605 1545,1607 1590,1607 1634,1608 1679,1608 1724,1608 1769,1607 1814,1607 1859,1605 1904,1604"/>
                <TextEquiv>
                    <Unicode>sonderen seye von den Giechten Gestorben</Unicode>
                </TextEquiv>
            </TextLine>
            <TextLine id="line_1686906324748_1509" custom="readingOrder {index:3;} place {offset:16; length:11;}">
                <Coords points="1000,1713 1004,1712 1003,1749 1000,1749"/>
                <TextEquiv>
                    <Unicode>Kindt, so es zu Neuwenstatt gebohren, ge¬</Unicode>
                </TextEquiv>
            </TextLine>
            <TextLine id="line_1686906324749_1511" custom="readingOrder {index:4;}">
                <Coords points="992,2036 996,2037 995,2068 992,2068"/>
                <TextEquiv>
                    <Unicode>wahrloset.</Unicode>
                </TextEquiv>
            </TextLine>
            <TextLine id="line_1686906324750_1512" custom="readingOrder {index:5;}">
                <Coords points="995,2067 995,2080 995,2068"/>
                <TextEquiv>
                    <Unicode>O6 Es wahr daß es mit Einem Jungen</Unicode>
                </TextEquiv>
            </TextLine>
            <TextLine id="line_1686906324750_1514" custom="readingOrder {index:6;}">
                <Coords points="991,2222 991,2228 991,2229"/>
                <TextEquiv>
                    <Unicode>von dieß bachs Matten jundtliche Gemeindt</Unicode>
                </TextEquiv>
            </TextLine>
            <TextLine id="r1l1" custom="readingOrder {index:7;}">
                <Coords points="922,1941 947,1943 975,1926 989,1924 1000,1828 973,1826 948,1845 934,1841"/>
                <Baseline points="933,1901 958,1907 984,1907"/>
                <TextEquiv>
                    <Unicode>d</Unicode>
                </TextEquiv>
            </TextLine>
            <TextLine id="r2l1" custom="readingOrder {index:8;}">
                <Coords points="965,2074 972,2073 975,2069 979,2069 982,2065 990,2063 980,2021 973,2022 965,2020 963,2025 954,2027"/>
                <Baseline points="969,2063 983,2060"/>
                <TextEquiv>
                    <Unicode></Unicode>
                </TextEquiv>
            </TextLine>
            <TextLine id="r2l2" custom="readingOrder {index:9;}">
                <Coords points="965,2119 973,2119 976,2116 983,2124 994,2126 994,2061 987,2061 981,2067 976,2068 972,2072 965,2072"/>
                <Baseline points="972,2111 987,2111"/>
                <TextEquiv>
                    <Unicode></Unicode>
                </TextEquiv>
            </TextLine>
            <TextEquiv>
                <Unicode>rethen außerthalb Basel begraben worden
Ob Es das Khindt nit etwann Verwahrlo¬
sonderen seye von den Giechten Gestorben
Kindt, so es zu Neuwenstatt gebohren, ge¬
wahrloset.
O6 Es wahr daß es mit Einem Jungen
von dieß bachs Matten jundtliche Gemeindt
d

</Unicode>
            </TextEquiv>
        </TextRegion>
        <TextRegion orientation="0.0" type="paragraph" id="TextRegion_1686906344284_1532" custom="readingOrder {index:1;}">
            <Coords points="860,1039 866,939 2006,1005 1961,2385 987,2378 1018,1052"/>
            <TextLine id="line_1686906330897_1522" custom="readingOrder {index:0;} place {offset:18; length:5;}">
                <Coords points="1008,1225 1013,1223 1013,1235 1008,1235"/>
                <TextEquiv>
                    <Unicode>rethen außerthalb Basel begraben worden</Unicode>
                </TextEquiv>
            </TextLine>
            <TextLine id="line_1686906324744_1497" custom="readingOrder {index:1;}">
                <Coords points="1008,1050 1016,1048 1015,1097 1007,1097"/>
                <Baseline points="1013,1091 1015,1091"/>
                <TextEquiv>
                    <Unicode>Es Kindtbettherin auch das Kindt daselbst</Unicode>
                </TextEquiv>
            </TextLine>
            <TextLine id="line_1686906324745_1499" custom="readingOrder {index:2;}">
                <Coords points="1007,1099 1015,1099 1014,1164 1007,1165"/>
                <Baseline points="1013,1143 1015,1143"/>
                <TextEquiv>
                    <Unicode>getauft worden, hernach aber seye selbiges</Unicode>
                </TextEquiv>
            </TextLine>
            <TextLine id="line_1686906324746_1501" custom="readingOrder {index:3;} place {offset:3; length:5;}">
                <Coords points="1006,1164 1014,1163 1014,1203 1006,1203"/>
                <Baseline points="1013,1194 1014,1194"/>
                <TextEquiv>
                    <Unicode>im Basel gebietl. gestorben und zu St: Marga¬</Unicode>
                </TextEquiv>
            </TextLine>
            <TextLine id="line_1686906324744_1496" custom="readingOrder {index:4;}">
                <Coords points="1016,1048 1166,1027 1496,1049 1609,1020 1682,1050 1942,1051 1941,1105 1871,1125 1730,1097 1473,1122 1406,1091 1278,1115 1015,1097"/>
                <Baseline points="1015,1091 1059,1091 1105,1091 1151,1091 1197,1091 1243,1091 1289,1091 1335,1091 1381,1092 1427,1092 1474,1094 1520,1094 1566,1095 1612,1097 1658,1097 1704,1099 1750,1100 1796,1101 1842,1103 1888,1104 1935,1106"/>
                <TextEquiv>
                    <Unicode>Es Kindtbettherin auch das Kindt daselbst</Unicode>
                </TextEquiv>
            </TextLine>
            <TextLine id="line_1686906324745_1498" custom="readingOrder {index:5;}">
                <Coords points="1015,1099 1915,1115 1914,1159 1829,1179 1557,1145 1472,1172 1391,1144 1347,1170 1263,1144 1014,1164"/>
                <Baseline points="1015,1143 1057,1143 1102,1142 1147,1142 1192,1142 1236,1142 1281,1142 1326,1142 1371,1142 1415,1142 1460,1142 1505,1143 1550,1143 1594,1145 1639,1145 1684,1146 1729,1148 1773,1149 1818,1150 1863,1152 1908,1154"/>
                <TextEquiv>
                    <Unicode>getauft worden, hernach aber seye selbiges</Unicode>
                </TextEquiv>
            </TextLine>
            <TextLine id="line_1686906324746_1500" custom="readingOrder {index:6;} place {offset:3; length:5;}">
                <Coords points="1014,1163 1249,1146 1375,1176 1430,1146 1519,1174 1566,1149 1670,1181 1768,1154 1965,1194 1964,1227 1892,1243 1703,1203 1630,1237 1525,1200 1343,1224 1314,1195 1197,1224 1014,1203"/>
                <Baseline points="1014,1194 1060,1196 1107,1196 1154,1196 1202,1197 1249,1197 1296,1199 1343,1199 1391,1200 1438,1200 1485,1201 1532,1202 1580,1203 1627,1204 1674,1205 1721,1206 1769,1207 1816,1208 1863,1209 1910,1211 1958,1212"/>
                <TextEquiv>
                    <Unicode>im Basel gebietl. gestorben und zu St: Marga¬</Unicode>
                </TextEquiv>
            </TextLine>
            <TextLine id="line_1686906324746_1502" custom="readingOrder {index:7;} place {offset:18; length:5;}">
                <Coords points="1013,1223 1081,1202 1187,1232 1240,1200 1279,1224 1313,1195 1461,1237 1826,1219 1923,1239 1923,1279 1786,1302 1561,1265 1283,1290 1013,1262"/>
                <Baseline points="1014,1250 1059,1250 1104,1250 1149,1250 1194,1251 1239,1251 1284,1253 1330,1253 1375,1254 1420,1256 1465,1256 1510,1257 1555,1259 1600,1259 1646,1260 1691,1260 1736,1262 1781,1262 1826,1262 1871,1263 1917,1263"/>
                <TextEquiv>
                    <Unicode>rethen außerthalb Basel begraben worden</Unicode>
                </TextEquiv>
            </TextLine>
            <TextLine id="line_1686906324747_1504" custom="readingOrder {index:8;}">
                <Coords points="1012,1314 1093,1272 1294,1292 1350,1264 1502,1310 1562,1286 1843,1328 1941,1304 1941,1381 1856,1398 1593,1348 1349,1349 1267,1383 1229,1349 1012,1363"/>
                <Baseline points="1012,1354 1036,1353 1083,1351 1130,1349 1178,1348 1225,1346 1272,1346 1320,1346 1367,1346 1414,1346 1462,1346 1509,1346 1556,1347 1603,1348 1651,1349 1698,1350 1745,1352 1793,1352 1840,1353 1887,1355 1935,1356"/>
                <TextEquiv>
                    <Unicode>Ob Es das Khindt nit etwann Verwahrlo¬</Unicode>
                </TextEquiv>
            </TextLine>
            <TextLine id="r3l6" custom="readingOrder {index:9;}">
                <Coords points="1018,1401 1094,1424 1147,1399 1251,1441 1366,1415 1403,1437 1486,1441 1590,1415 1590,1365 1548,1360 1521,1377 1446,1360 1416,1380 1380,1358 1340,1378 1297,1359 1267,1381 1233,1350 1206,1372 1130,1363 1111,1380 1080,1353 1018,1359"/>
                <Baseline points="1025,1401 1054,1401 1083,1400 1113,1400 1142,1400 1172,1400 1201,1400 1230,1400 1260,1400 1289,1400 1319,1400 1348,1401 1378,1401 1407,1401 1436,1401 1466,1401 1495,1401 1525,1401 1554,1401 1584,1401"/>
                <TextEquiv>
                    <Unicode>det oder Umbgebracht habe.</Unicode>
                </TextEquiv>
            </TextLine>
            <TextLine id="r3l7" custom="readingOrder {index:10;}">
                <Coords points="1029,1498 1431,1524 1632,1490 1806,1522 1908,1492 1908,1447 1833,1415 1699,1461 1645,1426 1229,1451 1029,1416"/>
                <Baseline points="1035,1493 1078,1494 1121,1494 1164,1494 1208,1494 1251,1494 1294,1494 1338,1494 1381,1494 1424,1493 1468,1493 1511,1493 1554,1493 1597,1493 1641,1493 1684,1493 1727,1493 1771,1494 1814,1494 1857,1496 1901,1497"/>
                <TextEquiv>
                    <Unicode>Mein das Kindt seye Ihme lieb gsin, Er</Unicode>
                </TextEquiv>
            </TextLine>
            <TextLine id="r3l8" custom="readingOrder {index:11;}">
                <Coords points="1010,1563 1376,1544 1510,1579 1639,1549 1677,1582 1800,1556 1913,1588 1967,1576 1968,1514 1010,1506"/>
                <Baseline points="1016,1547 1063,1545 1110,1545 1157,1545 1205,1545 1252,1545 1299,1545 1346,1545 1394,1545 1441,1545 1488,1545 1535,1547 1583,1547 1630,1547 1677,1547 1724,1548 1772,1548 1819,1548 1866,1548 1913,1547 1961,1547"/>
                <TextEquiv>
                    <Unicode>habe selbiges nit verwahrloset noch vigebracht</Unicode>
                </TextEquiv>
            </TextLine>
            <TextLine id="line_1686906324748_1506" custom="readingOrder {index:12;}">
                <Coords points="1008,1569 1059,1549 1292,1582 1412,1555 1457,1585 1637,1549 1745,1587 1798,1556 1830,1580 1911,1562 1911,1619 1863,1647 1799,1618 1512,1642 1424,1602 1393,1624 1287,1597 1181,1643 1055,1603 1007,1625"/>
                <Baseline points="1007,1605 1007,1604"/>
                <TextEquiv>
                    <Unicode>sonderen seye von den Giechten Gestorben</Unicode>
                </TextEquiv>
            </TextLine>
            <TextLine id="r3l10" custom="readingOrder {index:13;}">
                <Coords points="1015,1713 1310,1688 1411,1730 1463,1694 1675,1721 1868,1685 1868,1660 1707,1667 1563,1634 1490,1676 1015,1638"/>
                <Baseline points="1022,1694 1064,1692 1106,1691 1148,1689 1190,1689 1232,1689 1274,1691 1316,1691 1358,1692 1400,1692 1442,1694 1484,1694 1526,1695 1568,1695 1610,1695 1652,1694 1694,1694 1736,1691 1778,1689 1820,1685 1862,1682"/>
                <TextEquiv>
                    <Unicode>Wo und an welchem Orth sein ander</Unicode>
                </TextEquiv>
            </TextLine>
            <TextLine id="line_1686906324748_1508" custom="readingOrder {index:14;} place {offset:16; length:11;}">
                <Coords points="1004,1712 1199,1694 1381,1734 1548,1701 1752,1727 1827,1704 1900,1720 1900,1754 1793,1781 1713,1754 1612,1790 1535,1756 1177,1751 1126,1776 1003,1749"/>
                <Baseline points="1007,1746 1051,1746 1095,1746 1139,1746 1184,1746 1228,1746 1272,1748 1317,1748 1361,1749 1405,1749 1450,1751 1494,1751 1538,1752 1582,1752 1627,1752 1671,1752 1715,1752 1760,1752 1804,1751 1848,1751 1893,1748"/>
                <TextEquiv>
                    <Unicode>Kindt, so es zu Neuwenstatt gebohren, ge¬</Unicode>
                </TextEquiv>
            </TextLine>
            <TextLine id="r3l12" custom="readingOrder {index:15;}">
                <Coords points="1880,1825 1894,1827 1906,1834 1913,1834 1916,1830 1923,1830 1923,1771 1916,1771 1910,1775 1909,1773 1902,1772 1900,1769 1880,1768"/>
                <Baseline points="1887,1803 1917,1803"/>
                <TextEquiv>
                    <Unicode></Unicode>
                </TextEquiv>
            </TextLine>
            <TextLine id="r3l13" custom="readingOrder {index:16;}">
                <Coords points="1006,1808 1208,1798 1355,1832 1406,1800 1442,1828 1650,1807 1732,1843 1863,1815 1863,1778 1716,1754 1605,1787 1519,1755 1006,1760"/>
                <Baseline points="1013,1802 1055,1803 1097,1803 1139,1803 1181,1803 1224,1803 1266,1803 1308,1803 1350,1803 1392,1803 1435,1803 1477,1803 1519,1803 1561,1803 1603,1803 1646,1803 1688,1803 1730,1805 1772,1805 1814,1805 1857,1806"/>
                <TextEquiv>
                    <Unicode>storben seyn, Vnd ob Es nit etwann daßelbige Ver¬</Unicode>
                </TextEquiv>
            </TextLine>
            <TextLine id="r3l14" custom="readingOrder {index:17;}">
                <Coords points="1012,1843 1037,1845 1064,1869 1110,1845 1134,1850 1163,1874 1181,1870 1201,1850 1230,1869 1260,1850 1260,1810 1225,1811 1208,1799 1176,1808 1158,1800 1122,1819 1057,1805 1012,1818"/>
                <Baseline points="1019,1839 1045,1840 1071,1841 1097,1842 1123,1842 1149,1842 1175,1841 1201,1841 1227,1840 1254,1838"/>
                <TextEquiv>
                    <Unicode>u ehrloset habe</Unicode>
                </TextEquiv>
            </TextLine>
            <TextLine id="r3l15" custom="readingOrder {index:18;} place {offset:34; length:4; continued:true;}">
                <Coords points="1019,1920 1052,1894 1259,1923 1307,1896 1370,1932 1441,1897 1639,1896 1883,1923 1883,1851 1816,1835 1683,1859 1579,1838 1518,1868 1482,1842 1266,1843 1170,1874 1020,1840"/>
                <Baseline points="1026,1893 1068,1893 1111,1893 1153,1892 1196,1892 1238,1892 1281,1892 1323,1892 1366,1893 1408,1893 1451,1893 1494,1893 1536,1894 1579,1895 1621,1895 1664,1896 1706,1896 1749,1898 1791,1898 1834,1899 1877,1899"/>
                <TextEquiv>
                    <Unicode>selbiges seye nechst Auethalb der Neu¬</Unicode>
                </TextEquiv>
            </TextLine>
            <TextLine id="r3l16" custom="readingOrder {index:19;} place {offset:0; length:9; continued:true;}">
                <Coords points="1017,1946 1135,1946 1181,1983 1252,1947 1341,1953 1379,1988 1558,1955 1844,1976 1844,1932 1725,1912 1670,1936 1441,1906 1369,1931 1051,1900 1017,1922"/>
                <Baseline points="1023,1943 1063,1944 1104,1944 1145,1944 1186,1946 1226,1946 1267,1947 1308,1949 1349,1949 1389,1950 1430,1951 1471,1952 1512,1953 1552,1953 1593,1955 1634,1955 1675,1956 1715,1956 1756,1956 1797,1956 1838,1956"/>
                <TextEquiv>
                    <Unicode>den brugg in der Ohligestorben vnd zu</Unicode>
                </TextEquiv>
            </TextLine>
            <TextLine id="r3l17" custom="readingOrder {index:20;} place {offset:0; length:12;}">
                <Coords points="1002,2004 1472,2027 1612,2005 1792,2033 1904,2012 1905,1979 1672,1995 1538,1965 1492,1993 1453,1962 1372,1989 1252,1947 1178,1983 1136,1947 1003,1946"/>
                <Baseline points="1008,1994 1052,1995 1097,1997 1141,1998 1186,1998 1230,2000 1275,2001 1319,2002 1364,2003 1408,2004 1453,2006 1497,2006 1542,2007 1586,2009 1631,2009 1675,2010 1720,2010 1764,2010 1809,2010 1853,2010 1898,2010"/>
                <TextEquiv>
                    <Unicode>Erembgardten begraben worden. Es habe die¬</Unicode>
                </TextEquiv>
            </TextLine>
            <TextLine id="r3l18" custom="readingOrder {index:21;}">
                <Coords points="1013,2035 1654,2079 1871,2065 1894,2024 1014,1999"/>
                <Baseline points="1020,2033 1063,2034 1106,2036 1150,2037 1193,2039 1236,2040 1280,2041 1323,2042 1366,2043 1410,2045 1453,2046 1496,2046 1540,2048 1583,2049 1626,2049 1670,2051 1713,2051 1756,2052 1800,2053 1843,2054 1887,2054"/>
                <TextEquiv>
                    <Unicode>des kindt auch hertzlich geliebet und selbiges nit ver¬</Unicode>
                </TextEquiv>
            </TextLine>
            <TextLine id="line_1686906324749_1510" custom="readingOrder {index:22;}">
                <Coords points="996,2037 1006,2041 1041,2034 1054,2046 1097,2034 1110,2040 1134,2035 1146,2044 1155,2036 1164,2044 1191,2044 1190,2065 1144,2081 1120,2067 1089,2082 1073,2073 1032,2089 1010,2069 995,2068"/>
                <Baseline points="998,2060 1024,2062 1051,2063 1077,2064 1104,2063 1130,2063 1157,2063 1184,2063"/>
                <TextEquiv>
                    <Unicode>wahrloset.</Unicode>
                </TextEquiv>
            </TextLine>
            <TextLine id="line_1686906324750_1513" custom="readingOrder {index:23;}">
                <Coords points="995,2067 1353,2057 1394,2079 1432,2055 1485,2083 1564,2059 1620,2090 1728,2063 1880,2096 1880,2146 1750,2120 1687,2150 1531,2107 995,2121 995,2080"/>
                <Baseline points="1001,2109 1044,2107 1088,2105 1131,2103 1175,2102 1219,2102 1262,2102 1306,2102 1350,2102 1393,2103 1437,2103 1481,2105 1524,2106 1568,2108 1612,2109 1655,2110 1699,2111 1743,2112 1786,2112 1830,2114 1874,2114"/>
                <TextEquiv>
                    <Unicode>O6 Es wahr daß es mit Einem Jungen</Unicode>
                </TextEquiv>
            </TextLine>
            <TextLine id="r3l21" custom="readingOrder {index:24;} place {offset:11; length:4;}">
                <Coords points="996,2174 1106,2192 1321,2163 1517,2198 1615,2175 1754,2217 1879,2199 1881,2154 1750,2129 1686,2150 1619,2111 1454,2135 1417,2112 1364,2141 1285,2108 1092,2144 997,2121"/>
                <Baseline points="1002,2162 1045,2162 1089,2160 1132,2160 1176,2160 1220,2160 1263,2160 1307,2161 1350,2162 1394,2162 1438,2163 1481,2165 1525,2166 1568,2168 1612,2169 1656,2171 1699,2172 1743,2175 1786,2178 1830,2180 1874,2181"/>
                <TextEquiv>
                    <Unicode>Burger von Bern in Möfhl. Gaunherren</Unicode>
                </TextEquiv>
            </TextLine>
            <TextLine id="line_1686906324750_1515" custom="readingOrder {index:25;}">
                <Coords points="993,2175 1322,2163 1533,2210 1614,2175 1753,2218 1920,2215 1918,2261 1791,2245 1710,2277 1582,2230 1471,2253 1367,2221 991,2228 991,2222"/>
                <Baseline points="998,2217 1043,2217 1089,2217 1135,2217 1181,2217 1226,2218 1272,2219 1318,2219 1364,2220 1409,2222 1455,2223 1501,2225 1547,2226 1592,2228 1638,2230 1684,2232 1730,2234 1775,2237 1821,2239 1867,2242 1913,2246"/>
                <TextEquiv>
                    <Unicode>von dieß bachs Matten jundtliche Gemeindt</Unicode>
                </TextEquiv>
            </TextLine>
            <TextLine id="r3l23" custom="readingOrder {index:26;}">
                <Coords points="1002,2313 1087,2289 1172,2319 1198,2318 1215,2303 1256,2306 1293,2289 1294,2227 1271,2235 1258,2228 1236,2244 1214,2230 1191,2239 1147,2227 1073,2246 1045,2234 1003,2236"/>
                <Baseline points="1008,2277 1033,2278 1058,2279 1084,2279 1109,2279 1134,2279 1160,2279 1185,2279 1210,2280 1236,2280 1261,2280 1287,2280"/>
                <TextEquiv>
                    <Unicode>schafft gehabt:</Unicode>
                </TextEquiv>
            </TextLine>
            <TextLine id="r3l24" custom="readingOrder {index:27;}">
                <Coords points="1708,2404 1723,2406 1746,2387 1767,2395 1794,2382 1806,2383 1807,2296 1790,2302 1776,2289 1773,2292 1760,2286 1732,2306 1711,2301"/>
                <Baseline points="1715,2370 1743,2368 1771,2367 1799,2373"/>
                <TextEquiv>
                    <Unicode>H.</Unicode>
                </TextEquiv>
            </TextLine>
            <TextEquiv>
                <Unicode>rethen außerthalb Basel begraben worden
Es Kindtbettherin auch das Kindt daselbst
getauft worden, hernach aber seye selbiges
im Basel gebietl. gestorben und zu St: Marga¬
Es Kindtbettherin auch das Kindt daselbst
getauft worden, hernach aber seye selbiges
im Basel gebietl. gestorben und zu St: Marga¬
rethen außerthalb Basel begraben worden
Ob Es das Khindt nit etwann Verwahrlo¬
det oder Umbgebracht habe.
Mein das Kindt seye Ihme lieb gsin, Er
habe selbiges nit verwahrloset noch vigebracht
sonderen seye von den Giechten Gestorben
Wo und an welchem Orth sein ander
Kindt, so es zu Neuwenstatt gebohren, ge¬

storben seyn, Vnd ob Es nit etwann daßelbige Ver¬
u ehrloset habe
selbiges seye nechst Auethalb der Neu¬
den brugg in der Ohligestorben vnd zu
Erembgardten begraben worden. Es habe die¬
des kindt auch hertzlich geliebet und selbiges nit ver¬
wahrloset.
O6 Es wahr daß es mit Einem Jungen
Burger von Bern in Möfhl. Gaunherren
von dieß bachs Matten jundtliche Gemeindt
schafft gehabt:
H.</Unicode>
            </TextEquiv>
        </TextRegion>
        <TextRegion orientation="0.0" type="marginalia" id="TextRegion_1686906379616_1538" custom="readingOrder {index:2;} structure {type:marginalia;}">
            <Coords points="2093,1064 2190,1064 2180,2410 2093,2410"/>
            <TextLine id="line_1686906379839_1541" custom="readingOrder {index:0;}">
                <Coords points="2110,1042 2160,1020 2190,1029 2190,1135 2156,1124 2111,1137"/>
                <Baseline points="2117,1101 2145,1104 2173,1104 2190,1104"/>
                <TextEquiv>
                    <Unicode>d. Ja Es seye wahr</Unicode>
                </TextEquiv>
            </TextLine>
            <TextLine id="r4l5" custom="readingOrder {index:1;}">
                <Coords points="2109,1417 2115,1417 2120,1412 2132,1418 2141,1412 2152,1420 2166,1421 2174,1319 2166,1318 2158,1322 2149,1313 2140,1318 2135,1314 2116,1314"/>
                <Baseline points="2118,1377 2163,1380"/>
                <TextEquiv>
                    <Unicode>E.</Unicode>
                </TextEquiv>
            </TextLine>
            <TextLine id="line_1686906379840_1542" custom="readingOrder {index:2;}">
                <Coords points="2189,1246 2195,1247 2202,1241 2209,1241 2216,1246 2222,1239 2234,1236 2255,1256 2273,1255 2275,1296 2258,1296 2251,1291 2246,1294 2241,1291 2210,1317 2190,1315 2189,1282"/>
                <Baseline points="2195,1283 2231,1283 2267,1280"/>
                <TextEquiv>
                    <Unicode>hen</Unicode>
                </TextEquiv>
            </TextLine>
            <TextLine id="r4l12" custom="readingOrder {index:3;}">
                <Coords points="2124,1838 2134,1838 2143,1842 2148,1839 2154,1840 2157,1844 2166,1844 2166,1757 2152,1758 2146,1754 2139,1759 2135,1755 2124,1755"/>
                <Baseline points="2130,1821 2160,1821"/>
                <TextEquiv>
                    <Unicode></Unicode>
                </TextEquiv>
            </TextLine>
            <TextLine id="r4l14" custom="readingOrder {index:4;}">
                <Coords points="2112,1954 2120,1953 2125,1946 2132,1947 2139,1937 2154,1944 2171,1923 2178,1921 2164,1848 2144,1853 2134,1866 2125,1866 2117,1874 2105,1868 2096,1870"/>
                <Baseline points="2111,1916 2140,1917 2169,1905"/>
                <TextEquiv>
                    <Unicode>R</Unicode>
                </TextEquiv>
            </TextLine>
            <TextLine id="line_1686906379840_1545" custom="readingOrder {index:5;}">
                <Coords points="2179,1457 2187,1457 2187,1528 2181,1529"/>
                <Baseline points="2186,1499 2187,1498"/>
                <TextEquiv>
                    <Unicode>gedenter Matten und das Andere mahl zu</Unicode>
                </TextEquiv>
            </TextLine>
            <TextLine id="line_1686906379841_1547" custom="readingOrder {index:6;} person {offset:19; length:6;}">
                <Coords points="2180,1529 2187,1528 2186,1582 2181,1582"/>
                <TextEquiv>
                    <Unicode>nacht Eymfinsteren Gaßlin an der hinderen</Unicode>
                </TextEquiv>
            </TextLine>
            <TextLine id="line_1686906379842_1549" custom="readingOrder {index:7;}">
                <Coords points="2164,1587 2186,1587 2186,1652 2166,1658"/>
                <Baseline points="2171,1619 2186,1618"/>
                <TextEquiv>
                    <Unicode>gaßen mit Ihme fleischliche Gemeindschafft</Unicode>
                </TextEquiv>
            </TextLine>
            <TextLine id="line_1686906379842_1551" custom="readingOrder {index:8;}">
                <Coords points="2177,1652 2186,1650 2185,1718 2180,1717"/>
                <Baseline points="2184,1683 2186,1682"/>
                <TextEquiv>
                    <Unicode>gehabt.</Unicode>
                </TextEquiv>
            </TextLine>
            <TextLine id="r4l21" custom="readingOrder {index:9;}">
                <Coords points="2114,2331 2121,2331 2125,2334 2132,2327 2138,2330 2147,2322 2156,2321 2156,2279 2150,2279 2147,2276 2143,2279 2137,2275 2133,2276 2120,2264 2114,2264"/>
                <Baseline points="2120,2330 2150,2330"/>
                <TextEquiv>
                    <Unicode>Ae</Unicode>
                </TextEquiv>
            </TextLine>
            <TextLine id="line_1686906379843_1553" custom="readingOrder {index:10;} person {offset:0; length:10; continued:true;} person {offset:12; length:11;}">
                <Coords points="2170,1909 2184,1903 2183,1954 2171,1950"/>
                <Baseline points="2177,1932 2184,1931"/>
                <TextEquiv>
                    <Unicode>Er leiße H. Sapelhosfer vnd seye auch</Unicode>
                </TextEquiv>
            </TextLine>
            <TextLine id="line_1686906379844_1555" custom="readingOrder {index:11;} place {offset:21; length:8;}">
                <Coords points="2174,1966 2183,1961 2183,1999 2174,2000"/>
                <Baseline points="2181,1997 2183,1996"/>
                <TextEquiv>
                    <Unicode>letstlich drunden zu Arwangen im Schloß</Unicode>
                </TextEquiv>
            </TextLine>
            <TextLine id="line_1686906379845_1557" custom="readingOrder {index:12;}">
                <Coords points="2173,2005 2183,2011 2182,2090 2174,2092"/>
                <Baseline points="2180,2057 2183,2056"/>
                <TextEquiv>
                    <Unicode>ghm, und hab Ihns wollen bereden, daß Er</Unicode>
                </TextEquiv>
            </TextLine>
            <TextLine id="line_1686906379845_1559" custom="readingOrder {index:13;}">
                <Coords points="2167,2095 2182,2092 2182,2140 2167,2141"/>
                <Baseline points="2174,2115 2182,2114"/>
                <TextEquiv>
                    <Unicode>sich zur selben Zeit mit im Landt befunden</Unicode>
                </TextEquiv>
            </TextLine>
            <TextLine id="line_1686906379846_1561" custom="readingOrder {index:14;}">
                <Coords points="2085,2166 2182,2181 2181,2262 2087,2286"/>
                <Baseline points="2093,2258 2143,2252 2181,2248"/>
                <TextEquiv>
                    <Unicode>. Ob Es eigentlich Wuße daß Er so heiße</Unicode>
                </TextEquiv>
            </TextLine>
            <TextEquiv>
                <Unicode>d. Ja Es seye wahr
E.
hen

R
gedenter Matten und das Andere mahl zu
nacht Eymfinsteren Gaßlin an der hinderen
gaßen mit Ihme fleischliche Gemeindschafft
gehabt.
Ae
Er leiße H. Sapelhosfer vnd seye auch
letstlich drunden zu Arwangen im Schloß
ghm, und hab Ihns wollen bereden, daß Er
sich zur selben Zeit mit im Landt befunden
. Ob Es eigentlich Wuße daß Er so heiße</Unicode>
            </TextEquiv>
        </TextRegion>
        <TextRegion orientation="0.0" type="paragraph" id="TextRegion_1686906379616_1537" custom="readingOrder {index:3;} structure {type:paragraph;}">
            <Coords points="2200,1039 2056,1061 2021,957 3229,985 3207,2410 2180,2410"/>
            <TextLine id="line_1686906379839_1540" custom="readingOrder {index:0;}">
                <Coords points="2190,1029 2297,1063 2354,1038 2414,1060 2442,1036 2539,1063 2584,1041 2688,1075 2688,1106 2608,1141 2520,1104 2452,1137 2353,1136 2317,1102 2215,1143 2190,1135"/>
                <Baseline points="2190,1104 2201,1105 2229,1106 2258,1106 2286,1106 2314,1106 2342,1106 2370,1105 2399,1104 2427,1103 2455,1103 2483,1101 2511,1101 2540,1101 2568,1100 2596,1100 2624,1101 2652,1101 2681,1101"/>
                <TextEquiv>
                    <Unicode>d. Ja Es seye wahr</Unicode>
                </TextEquiv>
            </TextLine>
            <TextLine id="r4l2" custom="readingOrder {index:1;}">
                <Coords points="2201,1238 3108,1258 3203,1242 3203,1185 3004,1162 2959,1195 2582,1196 2454,1168 2410,1198 2200,1161"/>
                <Baseline points="2207,1226 2256,1226 2306,1225 2355,1224 2405,1224 2454,1224 2504,1224 2553,1224 2603,1224 2652,1223 2702,1223 2751,1223 2801,1223 2850,1223 2900,1223 2949,1223 2999,1223 3048,1223 3098,1223 3147,1223 3197,1223"/>
                <TextEquiv>
                    <Unicode>Wann, zu Welcher Zeit und Wie offt es gesche¬</Unicode>
                </TextEquiv>
            </TextLine>
            <TextLine id="line_1686906379840_1543" custom="readingOrder {index:2;}">
                <Coords points="2188,1246 2189,1246 2189,1282"/>
                <TextEquiv>
                    <Unicode>hen</Unicode>
                </TextEquiv>
            </TextLine>
            <TextLine id="r4l4" custom="readingOrder {index:3;}">
                <Coords points="2192,1401 2626,1392 2714,1362 3136,1388 3192,1357 3191,1310 3123,1290 3062,1331 2809,1288 2191,1316"/>
                <Baseline points="2198,1370 2247,1368 2296,1367 2346,1365 2395,1364 2444,1363 2494,1362 2543,1361 2592,1361 2642,1361 2691,1359 2740,1359 2790,1358 2839,1358 2888,1356 2938,1356 2987,1355 3036,1353 3086,1352 3135,1350 3185,1349"/>
                <TextEquiv>
                    <Unicode>Es seye vor ohngefehrt vier Jahren imfrühe¬</Unicode>
                </TextEquiv>
            </TextLine>
            <TextLine id="r4l6" custom="readingOrder {index:4;}">
                <Coords points="2195,1438 2273,1468 2341,1438 2396,1463 2832,1426 2874,1458 3048,1412 3189,1444 3188,1380 3087,1366 3041,1398 2911,1377 2846,1406 2667,1373 2517,1411 2436,1374 2364,1409 2195,1402"/>
                <Baseline points="2202,1434 2251,1434 2300,1433 2349,1431 2398,1431 2447,1430 2496,1429 2545,1428 2594,1427 2643,1425 2692,1425 2741,1424 2790,1422 2839,1422 2888,1421 2937,1419 2986,1418 3035,1418 3084,1416 3133,1416 3182,1415"/>
                <TextEquiv>
                    <Unicode>Eiug geschechen, daß Er Einsmahls am Tag in</Unicode>
                </TextEquiv>
            </TextLine>
            <TextLine id="line_1686906379840_1544" custom="readingOrder {index:5;}">
                <Coords points="2187,1457 2601,1468 2824,1429 2965,1460 3048,1414 3191,1442 3192,1509 3158,1518 3032,1481 2187,1528"/>
                <Baseline points="2187,1498 2238,1497 2291,1496 2343,1494 2396,1493 2448,1491 2501,1490 2554,1488 2606,1487 2659,1485 2711,1484 2764,1482 2816,1481 2869,1480 2922,1479 2974,1479 3027,1478 3079,1478 3132,1479 3185,1479"/>
                <TextEquiv>
                    <Unicode>gedenter Matten und das Andere mahl zu</Unicode>
                </TextEquiv>
            </TextLine>
            <TextLine id="line_1686906379841_1546" custom="readingOrder {index:6;} person {offset:19; length:6;}">
                <Coords points="2187,1528 2510,1494 2741,1522 2865,1486 2919,1516 2969,1486 3209,1518 2973,1567 2645,1543 2536,1585 2480,1555 2344,1592 2186,1582"/>
                <Baseline points="2187,1560 2237,1557 2288,1555 2339,1553 2390,1551 2441,1550 2491,1548 2542,1547 2593,1545 2644,1544 2695,1544 2745,1542 2796,1542 2847,1541 2898,1541 2949,1541 2999,1541 3050,1541 3101,1541 3152,1541 3203,1541"/>
                <TextEquiv>
                    <Unicode>nacht Eymfinsteren Gaßlin an der hinderen</Unicode>
                </TextEquiv>
            </TextLine>
            <TextLine id="line_1686906379842_1548" custom="readingOrder {index:7;}">
                <Coords points="2186,1587 2394,1593 2484,1556 2561,1589 2647,1542 2957,1578 3192,1541 3193,1596 3120,1616 2929,1602 2841,1640 2749,1611 2715,1644 2657,1609 2567,1639 2505,1613 2450,1650 2339,1612 2186,1652"/>
                <Baseline points="2186,1618 2221,1616 2272,1614 2323,1613 2374,1611 2424,1608 2475,1607 2526,1607 2577,1605 2627,1605 2678,1604 2729,1602 2780,1602 2830,1601 2881,1599 2932,1598 2983,1596 3033,1595 3084,1592 3135,1589 3186,1587"/>
                <TextEquiv>
                    <Unicode>gaßen mit Ihme fleischliche Gemeindschafft</Unicode>
                </TextEquiv>
            </TextLine>
            <TextLine id="line_1686906379842_1550" custom="readingOrder {index:8;}">
                <Coords points="2186,1650 2207,1646 2231,1652 2243,1645 2264,1650 2293,1630 2318,1631 2340,1617 2343,1687 2262,1690 2248,1683 2203,1723 2185,1718"/>
                <Baseline points="2186,1682 2209,1681 2235,1679 2260,1677 2286,1676 2311,1676 2337,1677"/>
                <TextEquiv>
                    <Unicode>gehabt.</Unicode>
                </TextEquiv>
            </TextLine>
            <TextLine id="r4l11" custom="readingOrder {index:9;}">
                <Coords points="2236,1802 2320,1834 2612,1785 2745,1813 2867,1777 2920,1807 3138,1782 3136,1725 3040,1740 2888,1693 2830,1728 2692,1713 2650,1753 2386,1716 2234,1736"/>
                <Baseline points="2243,1796 2287,1794 2331,1793 2376,1791 2420,1790 2465,1788 2509,1787 2553,1785 2598,1783 2642,1781 2687,1779 2731,1778 2775,1776 2820,1775 2864,1773 2909,1772 2953,1771 2997,1770 3042,1769 3086,1769 3131,1767"/>
                <TextEquiv>
                    <Unicode>Ob Es sohnkenne und Wie Erheiße.</Unicode>
                </TextEquiv>
            </TextLine>
            <TextLine id="r4l13" custom="readingOrder {index:10;} person {offset:6; length:5; continued:true;}">
                <Coords points="2192,1905 2247,1881 2273,1892 2305,1877 2324,1891 2372,1881 2458,1885 2485,1874 2498,1883 2507,1880 2507,1848 2420,1860 2357,1829 2334,1843 2307,1835 2263,1860 2190,1826"/>
                <Baseline points="2198,1886 2223,1886 2248,1884 2273,1884 2299,1883 2324,1883 2349,1881 2374,1881 2400,1881 2425,1881 2450,1881 2475,1881 2501,1883"/>
                <TextEquiv>
                    <Unicode>Ja es kenne</Unicode>
                </TextEquiv>
            </TextLine>
            <TextLine id="line_1686906379843_1552" custom="readingOrder {index:11;} person {offset:0; length:10; continued:true;} person {offset:12; length:11;}">
                <Coords points="2184,1903 2247,1880 2504,1890 2549,1843 2648,1889 2777,1837 2909,1856 2983,1827 3061,1871 3184,1864 3213,1904 3060,1942 2870,1904 2607,1957 2363,1931 2326,1960 2280,1922 2218,1965 2183,1954"/>
                <Baseline points="2184,1931 2228,1929 2280,1926 2331,1923 2383,1921 2434,1920 2486,1918 2537,1917 2589,1916 2640,1915 2692,1914 2743,1913 2795,1913 2846,1912 2898,1911 2949,1911 3001,1910 3052,1909 3104,1908 3155,1907 3207,1905"/>
                <TextEquiv>
                    <Unicode>Er leiße H. Sapelhosfer vnd seye auch</Unicode>
                </TextEquiv>
            </TextLine>
            <TextLine id="line_1686906379844_1554" custom="readingOrder {index:12;} place {offset:21; length:8;}">
                <Coords points="2183,1961 2278,1923 2318,1960 2491,1938 2559,1971 2689,1932 2843,1967 3161,1932 3186,1984 3053,2027 2987,1988 2892,2015 2820,1988 2183,1999"/>
                <Baseline points="2183,1996 2233,1995 2286,1994 2338,1991 2391,1991 2443,1989 2496,1989 2549,1988 2601,1988 2654,1986 2706,1986 2759,1986 2811,1986 2864,1986 2917,1986 2969,1986 3022,1986 3074,1986 3127,1988 3180,1988"/>
                <TextEquiv>
                    <Unicode>letstlich drunden zu Arwangen im Schloß</Unicode>
                </TextEquiv>
            </TextLine>
            <TextLine id="line_1686906379845_1556" custom="readingOrder {index:13;}">
                <Coords points="2183,2011 2233,2040 2292,2001 2542,2018 2646,1989 2923,2027 2999,1999 3141,2016 3123,2070 2641,2044 2545,2083 2400,2053 2355,2087 2322,2065 2182,2090"/>
                <Baseline points="2183,2056 2227,2055 2275,2054 2323,2052 2371,2051 2418,2049 2466,2048 2514,2048 2562,2046 2609,2046 2657,2046 2705,2046 2753,2046 2800,2046 2848,2046 2896,2046 2944,2048 2991,2049 3039,2049 3087,2051 3135,2052"/>
                <TextEquiv>
                    <Unicode>ghm, und hab Ihns wollen bereden, daß Er</Unicode>
                </TextEquiv>
            </TextLine>
            <TextLine id="line_1686906379845_1558" custom="readingOrder {index:14;}">
                <Coords points="2182,2092 2402,2059 2546,2083 2651,2049 2909,2072 2964,2042 3149,2080 3149,2141 3113,2146 2925,2107 2182,2140"/>
                <Baseline points="2182,2114 2222,2114 2270,2114 2319,2112 2367,2111 2416,2111 2464,2110 2513,2109 2561,2109 2610,2108 2658,2108 2706,2108 2755,2108 2803,2106 2852,2106 2900,2106 2949,2106 2997,2106 3046,2106 3094,2106 3143,2106"/>
                <TextEquiv>
                    <Unicode>sich zur selben Zeit mit im Landt befunden</Unicode>
                </TextEquiv>
            </TextLine>
            <TextLine id="line_1686906379846_1560" custom="readingOrder {index:15;}">
                <Coords points="2182,2181 2429,2221 2494,2188 2799,2212 2975,2166 3107,2194 3107,2226 3030,2261 2781,2289 2245,2247 2181,2262"/>
                <Baseline points="2181,2248 2193,2247 2244,2244 2294,2241 2345,2239 2395,2237 2445,2237 2496,2237 2546,2237 2597,2237 2647,2237 2697,2237 2748,2238 2798,2238 2849,2238 2899,2238 2949,2237 3000,2236 3050,2234 3101,2232"/>
                <TextEquiv>
                    <Unicode>. Ob Es eigentlich Wuße daß Er so heiße</Unicode>
                </TextEquiv>
            </TextLine>
            <TextLine id="r4l20" custom="readingOrder {index:16;}">
                <Coords points="2200,2340 2332,2359 2469,2322 2591,2363 2766,2366 2985,2327 3069,2372 3138,2363 3139,2290 2940,2297 2822,2265 2766,2301 2680,2266 2580,2304 2201,2242"/>
                <Baseline points="2207,2324 2253,2322 2299,2321 2345,2321 2392,2321 2438,2321 2484,2321 2530,2322 2577,2322 2623,2323 2669,2324 2715,2325 2762,2325 2808,2327 2854,2327 2900,2328 2947,2328 2993,2328 3039,2328 3085,2328 3132,2328"/>
                <TextEquiv>
                    <Unicode>Es sey eben der so der Ihr Landt rogt</Unicode>
                </TextEquiv>
            </TextLine>
            <TextLine id="r4l22" custom="readingOrder {index:17;}">
                <Coords points="2951,2402 2962,2401 2971,2405 3009,2434 3025,2432 3025,2331 2996,2335 2985,2327 2971,2337 2951,2333"/>
                <Baseline points="2958,2393 2988,2394 3018,2393"/>
                <TextEquiv>
                    <Unicode>Von</Unicode>
                </TextEquiv>
            </TextLine>
            <TextEquiv>
                <Unicode>d. Ja Es seye wahr
Wann, zu Welcher Zeit und Wie offt es gesche¬
hen
Es seye vor ohngefehrt vier Jahren imfrühe¬
Eiug geschechen, daß Er Einsmahls am Tag in
gedenter Matten und das Andere mahl zu
nacht Eymfinsteren Gaßlin an der hinderen
gaßen mit Ihme fleischliche Gemeindschafft
gehabt.
Ob Es sohnkenne und Wie Erheiße.
Ja es kenne
Er leiße H. Sapelhosfer vnd seye auch
letstlich drunden zu Arwangen im Schloß
ghm, und hab Ihns wollen bereden, daß Er
sich zur selben Zeit mit im Landt befunden
. Ob Es eigentlich Wuße daß Er so heiße
Es sey eben der so der Ihr Landt rogt
Von</Unicode>
            </TextEquiv>
        </TextRegion>
    </Page>
</PcGts>
