4032 3024
842 1217 911 1310 .
815 1863 888 1953 E.
833 1942 885 2038 H
835 2094 885 2168 E
831 2203 881 2324 E
790 1000 873 1061 266
931 1064 1896 1186 Wo, und an Welchem Orth des Haußes Er
925 1140 1819 1250 ein gebrochen und Wie Ers gemacht habe.
925 1208 1853 1314 Er seye zu Erst auff den Soller gestiegen
911 1287 1908 1389 hernach den Schaub am Tach hinweg gemacht
924 1342 1890 1443 und einen laden außgebrochen durch welchen
910 1388 1896 1490 Er zum Pfenster hinein ins Obergaden ge¬
918 1445 1900 1536 stigen Es seyt aber das Pfenster mit Ihm hin¬
923 1499 1884 1596 eingefallen, Wie Er nun auff einem Trog gsin
911 1555 1878 1655 seye die Frauw im Hauß hinauf kommen, vnd
893 1613 1887 1705 Ihne gesechen, deßtwegen Er sich wider zum
907 1673 1854 1773 Pfenster hinauß auff den Soller Gemacht
912 1731 1674 1828 aber daselbsten ergriffen worden
924 1831 1920 1952 Ib dieser Einbruch Tags oder nachts geschechen
911 1929 1847 2036 Umb Mittag als die Leuth im Hauß zu
903 2003 1186 2082 Mittag geßen
902 2051 1867 2160 Ob Er nit auch zu Kernenriedt auff der¬
903 2129 1752 2214 gleichen Weis in Ein hauß gebrochen.
903 2207 1874 2313 Nein Erwuße nit wo kernen riedt seyt, vnd
888 2292 1608 2369 seye sein lebtag nie daselbst gsin
1999 1057 2093 1125 169
2104 1085 3107 1185 Ob Er nit nun und dann auch mit Veich umb¬
2105 1164 2947 1265 gangen, und einiches reich geführt habe?
2111 1255 3020 1330 kein. Er seye mit mit Veichumbgangen
2096 1308 2960 1405 und habe kein Veich gehabt, noch geführt
2084 1387 3093 1493 Ehngeacht nun diesem Gsellen alles krefftigen
2084 1450 3085 1539 Ernsts und mit Betronwung der Marter zuge¬
2073 1500 3057 1613 sprochen worden, hatt Er doch ein mehrers
2091 1565 2898 1661 als angezeigt mit bekennen wollen
1999 1122 2081 1144 169
2013 1132 2093 1209 E
2009 1254 2091 1359 H.
