4032 3024
948 1042 1873 1179 Wie es doch auff die Gedancken komen
944 1130 1870 1235 daß es und erwegs denen Manneren ge¬
940 1199 1849 1300 sagdt, Es habe sein Kindt umbgebracht.
930 1280 1867 1382 Es habe Ihns allezeit bedunckt und Ihme
933 1339 1895 1437 eingebildet, es heige sein Kindt umbgebracht
926 1396 1899 1486 Es habe ihns auch getrieben, daß es alle Leuthe
916 1441 1860 1537 so Ihns auß Gihtsmahnen wollen, fliehen
927 1493 1848 1591 müßen, und gewünscht daß alle Leuthe
910 1550 1899 1645 so fahlbahr wären, wie es, habe auch in keine
913 1609 1883 1686 Predigt mehr anhoren können, und seye lange
926 1679 1907 1762 Zeit nicht mehr zum Tisch des Lerren gangen
916 1716 1881 1816 Es beduncke Ihns Jetz es solte nicht möglich
920 1777 1886 1875 seyn, daß es die lugenen allen hätte können
911 1830 1885 1918 her vorbringen, und stehen Ihm Jetz alle Haar
905 1886 1655 1985 zu berg wann es daran gedencke
915 1978 1892 2090 Warumb es aber solche Einbildung gehabt
923 2044 1902 2143 und Ihme furkommen, daß es sein kindt vmb
911 2098 1080 2177 gebracht.
923 2151 1920 2243 der Bauotton habe Ihnse auf Eine Zeit als es
908 2224 1892 2309 Ihme angezeigt, daß es schwanger seye, geheißen
894 2263 1897 2374 haselwurtzen brauchen, das Kindt abzutreiben,
1656 2360 1792 2452 auch
803 1006 847 1054 25
866 1077 922 1140 E.
841 1247 894 1376 E.
833 1974 903 2084 2.
816 2154 882 2234 8.
2021 1082 2092 1160 253
2119 1077 3095 1180 auch habe Er Ihme befohlen etwann einen
2111 1139 3066 1241 Galant zum Vatter des Kindts anzugeben
2119 1232 3142 1351 Diesem nach Ward durch Muhll. Examinato¬
2102 1303 3133 1391 ren diesem Menschen sehr beweglichen zu gespro¬
2111 1362 3112 1444 hen. Daß weilen wegen seinen vielfälltigen
2113 1422 3138 1511 Verbrechen sein gewüßen Ihns biß daher so sehr
2113 1469 3124 1579 gnängstiget und getriben, daß es nirgendt ble¬
2104 1515 3087 1625 ben, auch keiner heilsamen Vermahnunge
2111 1584 3108 1661 statt geben können, so solle es dero wegen den
2122 1645 3139 1724 Allwußenden Gott die Ehr geben, und der hochen
2119 1696 3069 1791 Oberkeit die Ehngeben runde wahrheit alles¬
2111 1742 3089 1849 deßen, so es gethan in Aufrichtigkeit des her¬
2107 1804 3138 1911 tzens bekennen, und sein Gewüßen mit Verhäl¬
2117 1870 3072 1954 uug seiner Mißethaten nicht in Vernere Un¬
2121 1931 2370 2034 richi setzen
2083 1997 3129 2112 orüber es bezeuget, daß es alles angezeigt,
2113 2065 3081 2170 Waß es Vbels gethan und sein hertz Völlig ge¬
2126 2123 3104 2209 aumbt; und dinbe Ihns anfetzo, es sey Ihme
2111 2180 2784 2278 ein sein ob vom Hertzen gefallen
2125 2243 3116 2345 dieses ist also das Jenige Examen, so auf Er Gnl.
2105 2310 3051 2393 Befelch Mit diesem Menschen verrichtet worden
