4032 3024
938 972 1927 1056 12 Thorberg angezeigt, wer dieses dackbetth habe, dar
951 1021 1759 1114 auf es der Ohler auch widergeben müßen
956 1092 1915 1190 Waß es mit dem Knecht begehre, so sich bey dem
940 1662 971 1817 8
940 1815 956 1911 R
958 1147 1650 1227 echenmann im Sahl aufhalten soll
960 1201 1947 1301 Es habe vor ohngefehrt 10: Wuchen noch mit einem
947 1264 1912 1345 gestandenen Ihme unbekanndten Herren im
940 1314 1931 1398 Holtzlin, wo mann vom Sahl gegen Muri gaht, un¬
940 1370 1933 1443 Zucht getriben dieser Herr Trage eine Großefahl¬
940 1425 1912 1482 Be pervuque und habe ein grauwes leid an¬
943 1460 1920 1552 gehabt. Der Knecht so sich brin Lechenmann
946 1504 1968 1584 in Sahl oder bri Sahli außhalte, könne Villeicht
946 1567 1926 1648 wohl anzeigen wer dieser Herr seyt, dann Er bey
940 1609 1923 1705 Ihnen Vorbey gangen und habe sie gesechen mit
Ein anderen reden
968 1711 1767 1814 Ob Es sonsten mit weiters begangen
1105 1779 1242 1840 Es wuße
977 1785 1806 1900 Nein mit weiters, daß es begangen
940 1895 1848 2008 Im übrigen bestähte auch dieses Stählin die
940 1965 1877 2059 Ihme von Punten zu Puncten vorgeleseng 2.
940 2017 1942 2122 xamina von Sollothurn und Trachßelwaldt
845 970 941 1051 12 Thorberg angezeigt, wer dieses dackbetth habe, dar
868 1077 942 1184 R.
887 1200 915 1276 d
862 1649 940 1828 8
879 1816 940 1920 R
932 1347 940 1400 Holtzlin, wo mann vom Sahl gegen Muri gaht, un¬
931 1376 940 1428 Zucht getriben dieser Herr Trage eine Großefahl¬
934 1428 940 1477 Be pervuque und habe ein grauwes leid an¬
929 1623 940 1693 Ihnen Vorbey gangen und habe sie gesechen mit
940 1661 1308 1738 Ein anderen reden
922 1906 940 1993 Im übrigen bestähte auch dieses Stählin die
934 1985 940 2061 Ihme von Punten zu Puncten vorgeleseng 2.
928 2061 940 2101 xamina von Sollothurn und Trachßelwaldt
2170 1025 3166 1144 Den 3ten Febri 1712. haberd Mr Rhl.
2171 1098 3177 1202 Großweibel Wurstemberger und Ich der
2172 1160 3156 1268 Grichtschreiber auß Ihr Gnl. befelch den
2177 1215 3204 1324 von Hrn Landtrogten zu Bipp den 30. Jana
2174 1280 3163 1372 zu Oberkeitlichen Banden alhar geschickten
2147 1356 3138 1419 Leuth Verführer, Clande Dunant genant,
2159 1399 3201 1477 seinem Vorgeben nach auß dem Savoy gebühr¬
2173 1449 3103 1543 tig, in der Gefangenschafft examiniert
2057 1009 2141 1077 93.
2262 1515 3007 1623 Welcher bekennt wie volget.
2151 1589 3153 1667 Er diene als ein Nachtmeister H. Baron
2177 1659 3138 1742 de Malseigne de meches Hauptmann im
2161 1702 3163 1785 Regiment de Loraine. dieser sein Haupt¬
2179 1758 3151 1859 mann habe Ihn außgeschickt, wo Er könne
2175 1826 3114 1915 und möge, einiche Kerl zu engagieren
2167 1891 3199 1964 Ohnlangsten als Er von Zasel gekommen, habe
2167 1944 3195 2024 Er zu Bischweyl im Wuhrtshauß eine Rocrie
2174 1993 3189 2091 angetroffen, so dem Majoren im Villarischen
2153 2057 3168 2156 Regiment zugehordt. Alda habe der ser¬
2162 2105 3171 2214 gent selbsten Sym Beuwr Ihme offeriert
2155 2166 3174 2272 fahls Er Volck machen thue; Zwert frantzo
2150 2233 3180 2340 gen, so Er engagiert, zu überlaßen, diesen
2924 2301 3154 2395 frantzosen
