4032 3024
883 1027 885 1084 Ob bie mit die Ifr Sondel umb ein Mantean
760 995 864 1096 9
802 1127 874 1235 R.
770 1562 848 1693 G
783 1801 866 1899 R.
841 1919 864 2004 Nun ohngeacht alles Ernstlichen Zusprechens¬
847 2344 854 2441 Engel noch Jemand anderem etwas entwendt
883 1004 1896 1147 Ob bie mit die Ifr Sondel umb ein Mantean
911 1077 1832 1180 betrogen, und wie solches zugangen
886 1148 1892 1277 Ia das seye wahr, Sie habe die Phrndundel
905 1226 1913 1349 weib ein Manteau betragen und wie solches
865 1815 879 1883 R.
889 1290 1907 1406 zugangen beredt, daß sie selbigen zu
895 1359 1889 1468 Murten umb 2. R. verkauft, aber da¬
895 1431 1887 1542 Gelt darfür noch nicht bezogen, habe aber
892 1490 1813 1618 denselben alhier vmb 20. b verseht.
886 1571 1881 1714 1b Sie mit in hen Wagners Keller einiche¬
898 1656 1861 1764 Maas Wein genomen und biß dato Nie¬
893 1726 1311 1825 mahlen bezahlt?
881 1793 1909 1928 Ja sie habe funf Maas enömen und nicht bezalte
862 1888 1904 2026 Nun ohngeacht alles Ernstlichen Zusprechens¬
861 1984 1841 2103 und ermahnen Mehhl. Examinatoren hat
871 2069 1796 2174 disere Annel Javel zu keiner weitere
881 2127 1864 2249 belantnuß gebracht werden können, maßen
877 2205 1843 2317 selbige gantz und gar nicht gestehen wollen
862 2268 1854 2392 daß Sie weder MohgeEhrten Frau Rachtsherrn
852 2339 1868 2461 Engel noch Jemand anderem etwas entwendt
1962 1056 3101 1175 3 sonderen mit hochen betheürungen feß be¬
2084 1124 3107 1240 farret, daß Sie diser angeklagten diebstälen
2089 1185 3065 1306 halb gantz und gar unschuldig seye, deße
2108 1250 3077 1371 wegen Mhhl. Examinator selbige wider
2109 1321 3100 1429 an ihr ort führen laßen. Actum Vorstath¬
2365 1602 2959 1732 Barbara Müller
2258 1769 3087 1907 1. 21. Augusti 1713. habend
2071 1838 3103 1962 Er Gnl. dienere Mr Rthl. Großweibel
2074 1920 3087 2021 Im Hooß und Grichtschreiber Wyttenbach sich
2089 1978 3047 2075 in die Gefangenschafft begeben, daselbsten
2090 2032 3026 2124 das, wegen Vernebten diebstahls zu Ober¬
2785 1732 2802 1736 Barbara Müller
2084 2087 3040 2179 Wangen Gefängklich enthaltene Barbli
2087 2149 3064 2251 Müller Von Rohrbach zu examinieren.
2073 2207 3054 2285 WWelches über die an Ins getrückte Vol
2074 2267 3024 2376 fragen volgende bekandtnuß gethan
