4032 3024
954 1096 956 1168 folget
901 1310 961 1384 d Es habe Ihns Jemands darzu angeführt, vnd
958 1369 961 1451 Ihme Gesagdt mann kenne Ihns nit mehr¬
953 1454 960 1494 Es bekenne aber daß es beßer Gethan, wann
956 1493 960 1548 es wäre üßert Landts gebliben
952 1645 959 1692 einen Jungen geistlichen Herren angeben
958 1738 958 1768 so mit Ihme Sundtlich und fleischliche Ge¬
947 1854 957 1966 Ja es habe zu Arwangen einen Geistlichen
949 1969 956 2016 Jungen Herren Angeben, Welcher hier zu
952 2011 956 2062 Bern, und zu Orthschwaben im Wuhrtshauß,
952 2122 955 2196 Herren befunden:/ mit Ihme fleischliche Ge¬
948 2199 954 2229 meindtschafft gehabt.
883 1853 968 1980 d
963 1012 1933 1126 geweglichem Zusprechen examiniert wie
954 1082 1085 1178 folget
974 1158 1963 1267 Warumb Es seinen Eydt übertretten, vnd
973 1221 1438 1317 wider ins Landkomen
961 1308 1925 1407 d Es habe Ihns Jemands darzu angeführt, vnd
960 1369 1932 1468 Ihme Gesagdt mann kenne Ihns nit mehr¬
960 1427 1944 1524 Es bekenne aber daß es beßer Gethan, wann
960 1481 1615 1581 es wäre üßert Landts gebliben
1090 1551 1152 1607 mit
971 1547 1921 1674 Ob es drunden zu Arwangen im Schloß
958 1623 1911 1723 einen Jungen geistlichen Herren angeben
958 1682 1902 1789 so mit Ihme Sundtlich und fleischliche Ge¬
958 1735 1897 1837 meindtschaft gehabt haben solle. Item Wo
959 1796 1929 1900 und an welchem Orth solches vorgangen seye?
956 1856 1903 2003 Ja es habe zu Arwangen einen Geistlichen
956 1956 1887 2056 Jungen Herren Angeben, Welcher hier zu
955 2009 1886 2124 Bern, und zu Orthschwaben im Wuhrtshauß,
956 2058 1908 2181 Alda Er sich einsmahls mit anderen Jungen
954 2122 1881 2228 Herren befunden:/ mit Ihme fleischliche Ge¬
954 2168 1380 2268 meindtschafft gehabt.
1648 2259 1757 2361 E.
2094 1036 2138 1062 81
2093 1036 2179 1141 E.
2115 1222 2183 1342 R
2111 1832 2157 1951 H
2086 989 2137 1036 81
2125 1022 2181 1036 E.
2194 1024 3217 1119 Die lang zwuschen dem Einten und dem An¬
2190 1111 3214 1190 deren mahl, auch an welchem Orth in der Statt
2194 1148 2817 1246 die That seye verubt worden
2212 1225 3205 1342 Et wann 3. Wochen von Einem biß zum An¬
2186 1299 3130 1388 deren mahl, und zwar das letztere mahl
2185 1360 3184 1445 Drunden an der Matten, wüße aber mit
2186 1409 3183 1508 zu sagen in welchem Hauß, weilen es nacht
2174 1489 2287 1568 Ghin
2199 1541 3193 1671 Wie der Jenige Herr heiße, so diese Zwey
2196 1628 3216 1700 nahl mit Ihm sundtliche Gemeindtschafft gehabt
2183 1690 3168 1774 und ob es denselben kennte, wann es Ihn
2176 1748 2469 1836 sechen wurde
2178 1813 3189 1934 Wann es Ihn sechen thäte, so wolte Es Ihn
2179 1902 3176 1992 Wohl kennen, dann es Ihn etliche mahl am
2167 1949 3194 2047 Tag gesechen, Er trage seine eigene falblachte
2174 2008 3195 2118 zaar, habe selbige offtmahl in einem schwar¬
2174 2068 3179 2174 tzen band eingebunden, Mann habe Ihm ge¬
2163 2132 3204 2234 Sagdt, Er seye eines Ihrn Landtrogts von Watte
2710 2199 3188 2292 Setzte auch hinzu daß
2186 2192 2583 2288 Weyls. Sohn
2602 2220 2641 2264 1
2186 2250 3198 2340 nach deme es vormahls alhier außgeschmeitzt
2183 2323 3198 2397 worden, seye ein Kerl in Einer Weißgrannben
2966 2391 3148 2478 ahraggen
