4032 3024
910 1043 1889 1178 Herrn Wyhtenbachs den 8ten kuius, sich
908 1136 1888 1247 in die Gefangenschafft begeben und in bey
902 1197 1915 1304 Wesen hue Johann Rudolph Ehdingers Vol¬
893 1256 1785 1358 gendes Examen mit Ihme verrichtet.
903 1337 1892 1438 Gefragdt: Wie es heiße, Waß alters, Wo
913 1401 1792 1493 und an welchem Orth es daheumb seyt:
893 1456 1915 1569 Antwort: Es heiße Maria Madlena Leib
904 1526 1901 1634 und Guht, seyn ohngefehrt 25. Jahr alt, vnd
884 1594 1915 1688 Erigentlich zu Arwangen daheimb, sege aber
898 1646 1886 1746 auf dem Brugg-feldt in H. Zeihenders Ge¬
902 1698 1848 1805 legenheit (alda seine Ellteren etliche
893 1770 1914 1867 Jahr gewohntt) gebohren, und zu Wohlen
901 1822 1274 1921 getaufft worden
916 1926 1887 2023 Ob seine Ellteren noch beyleben, undt
895 1990 1448 2073 Wir sein Vatter Zeiße.
929 2051 1908 2162 Sein Vatter so ülli Leib und guht geheißen
912 2128 1876 2217 ere schon Vor 12. Jahren gestorben, seine
898 2182 1866 2283 Muter habe es nit lang gehabt, und selbige
901 2238 1392 2330 gar Jung verlohren.
796 1000 902 1108 256
827 2057 891 2170 .
2025 1118 2065 1132 E.
2017 1046 2090 1133 257
2135 1094 3131 1204 Wo es nach seiner Ellteren todt hinkommen
2135 1161 2816 1261 und er es auferzogen habe
2132 1257 3110 1327 Es seye nach seines Vatters Absterben gan
2118 1315 3153 1402 Moos Seedorf zu seinem Bruder, so Einzimmer
2132 1371 3110 1456 mann Namens Ull Leib und giht, kommen
2132 1438 3112 1516 bey deme es sich eine Zeitlang zugezogen
2138 1477 3132 1561 aber von seiner Geschweyen gar schnod gehal¬
2133 1532 3113 1629 ten worden. Nachwehrts habe es bey dem
2107 1586 3103 1690 Lechen Mann zu Jegistorf auch eine Zeit
2128 1645 2442 1749 lang gedienet.
2147 1703 3058 1832 Ob es verheurahtet seyt, und Wie ein
2123 1800 2418 1894 Mann heiße
2137 1865 3122 1993 Es habe ein Mann und nit Ein Mann der
2134 1930 3131 2039 so sein Mann seyn solte, heiße Jacob Moosen
2128 1998 3129 2098 auß dem Suchholterberg der Herrschafft dieß¬
2133 2055 3126 2147 Sach Selbiger habe alhier im Schallen werck
2130 2103 3086 2210 mit Ihme Khundtsame gemacht, Ihme die
2121 2169 3129 2257 Ehe versprochen und geschwängeret aber Ihns
2133 2227 2582 2326 mit z bilchen geführt
2131 2274 3111 2400 Wo, und an welchem Orth dieser Jacob Moser
2854 2375 3016 2467 sich e
2019 1121 2120 1207 E.
2052 1216 2109 1336 E.
2030 1729 2121 1847 E
2024 1879 2112 2001 R.
2016 2314 2093 2434 E.
