4032 3024
941 1463 1008 1556 8
947 1579 1010 1694 d
934 1756 1016 1868 E.
1022 960 1871 1074 Wurdtalso selbiger Erstlich befragdt?
1023 1057 1999 1155 Ob Er nit dem Hrn Brigadier Stürler Vor Et¬
1020 1118 1996 1190 Welchen Jahren als ein soldat in seiner Com¬
1019 1157 1980 1259 pagnie gedienet? und wie lang Er in solchen
1028 1213 1425 1293 Diensten gewesen:
1013 1270 1982 1395 Antwort. Ja. Er habe Ihme vor ohngefehrt
1028 1335 1963 1441 13: oder 14. Jahren als ein Soldat bey 8.
1015 1392 1481 1491 monat lang gedienet.
1045 1462 1981 1575 Ob Er als ein soldat von dem Hey Crigadies
1037 1525 1559 1619 seinen Abscheid bekommen:
1042 1607 1997 1708 ta, er habe nach geEndeter Campagne als
1031 1654 1969 1768 der Briden gemacht worden seinen soldaten
1028 1705 1387 1786 Abscheid bekomen
1028 1771 1988 1881 Ob Er nit nachwehrts nach erhaltenem seinem
1022 1830 1939 1943 Coldaten Abscheid, dem Hen Brigadies, noch
1017 1887 2006 2012 eine Zeitlang auch als ein Laquay oder Cnecht
1013 1934 1216 2011 gedienet?
1019 1995 1963 2099 Er habe zwar ohngefehrt bey 6. monathen
1019 2061 1943 2169 nach erhaltenem soldaten Abscheid bey hen
995 2121 1995 2228 Brigadier sich noch auf gehalten allein Er habe
990 2172 1925 2303 Ihme nit als Knecht gedienet, sonderen Es
1723 2269 1895 2357 habe stc
2163 2111 2223 2207 .
2252 956 3260 1085 habe H. Brigadier Ihne verhinderet, daß Er
2270 1049 3261 1122 mit denen übrigen abgedanckten soldaten
2268 1100 3214 1202 nit Vorthgehen können nachwehrts habe Er
2246 1153 3270 1256 Ihne bald in seinem dienst gebraucht, bald
2255 1222 3266 1320 habe Er Ihne gemacht die revie zu passieren
2264 1283 3281 1360 und dennoch Ihme keinen sold noch dienstgeldt
2271 1336 3273 1424 geben und als Er Cherix auff ein Zeit Ihme
2256 1392 3261 1502 zun Brigadier geldt geforderet, habe Er
2244 1476 3267 1559 ohme eine Maulschellen geben, dero Wegen
2243 1512 3264 1604 Er sich Vorthgemacht und Wider ins Landt
2245 1585 2413 1681 komen
2273 1651 3287 1768 Wie das seyn könne, daß Er sich beydem
2256 1724 3253 1826 Hry Brigadier bloßerdingen außgehalten
2253 1781 3253 1890 und nit als ein Knecht gedienet, da Er doch
2248 1854 3238 1951 nach seiner Widerkunft Einen Knechten
2250 1911 3223 2003 Abscheid mit Ihme ins Landt gebracht
2240 1963 3264 2061 maßen Er Ja sein Vatter selbigen bey dem
2256 2026 3258 2112 damahligen zen Cubernatoren vorgewiesen
2242 2099 3269 2218 Er wüße mit von dem Knechten Abscheidt
2244 2178 3280 2285 so sein Vatter dem damahligen Hrn Guberna¬
2234 2233 2796 2335 toren habe vorgewiesen.
3076 2275 3170 2402 L.
2169 921 2239 1004 19
