4032 3024
904 1002 1872 1125 frantzosen nun habe Er in Gegenwahrt
896 1085 1925 1182 des Sergenten gesagdt, sie sollend nach Biel
899 1139 1926 1237 gehen, Es befinden sich daselbsten offiurer
895 1214 1899 1286 die sie engagieren werden, allein Es seyend
895 1266 1874 1331 mir Ihren Zieen gsin zu denen Er dieses
883 1305 1848 1400 gesagdt, die Anderen zwenn aber so diesen
895 1360 1830 1435 nachgangen, seyend nit zu Ihmen kommen
897 1418 1936 1514 sonderen habend im Regiment Pfeiser dienst
1422 1480 1479 1522 ren
888 1480 1873 1571 genomen. In M. Ghl. Landen habe Er¬
890 1531 1858 1612 niemahlen kein Mann engagiert Weilen
877 1601 1908 1684 Er wüße daß solches Verbotten und das geldt
889 1641 1898 1738 so Er Ihnen auff die hand geben wurde, ver¬
887 1708 1936 1800 lohren wäre; Wohl aber habe Er mit zweyen
868 1745 1876 1855 Persohnen so von Stras burg kommen, dahin ge¬
878 1818 1926 1919 redt, fahls sie dienst zu nemen gesinnet, daß
869 1878 1628 1973 sie sich nacher Biel begeben sollen
879 1936 1872 2029 Auch habe Er in dem Sollothurnischen gebiet
875 1994 1868 2094 Etlichen gesagdt, daß Sie sich sollend nacher
869 2071 1878 2151 Biel begeben. Im übrigen seye Er nicht
882 2107 1911 2222 mehr als zweymahl auf Allhiesigem Ober¬
875 2172 1615 2282 keitlichen Grund und Toden gsin,
1653 2186 1881 2285 Es seyen
1615 2202 1653 2253 es
1677 2271 1779 2336 aber
2171 1024 3178 1143 aber drey oder Vier Andere die in hiesigen
2159 1083 2808 1173 Landen und Gebieth werben
2148 1135 3159 1254 Welche Er auf befragen, Wie Sie außsechen
2159 1214 3172 1317 und gekleidet seyen, die volgender gestalten
2158 1264 2411 1360 beschriben.
2134 1354 3182 1441 Der Erste Frage eine Weiße Cassaggen mit
2155 1412 3180 1503 Blauwen aufschlägen und zwey täschen neben
2170 1478 2637 1554 einanderen grad aben
2131 1545 3165 1650 Der Andern habe mir eine Rohte Veste vnd
2156 1609 3147 1709 Cassaggen darüber von Weiß leinigen Euch
2114 1696 3141 1802 Der dritte solle ein Schweitzer seyn, den
2147 1759 3028 1866 Er unden für Sollothurn angetroffen
2118 1842 3144 1956 Der 4te heiße La Violette Frage eine
2149 1904 3150 2014 Braune Cassaggey mit gespaltenen Auf¬
2143 1965 3181 2057 schlägen, Er habe mit diesen wärberen aller¬
2361 2041 2478 2083 Einti
2168 2041 3162 2137 nechst bym Schloß so e dem hen besen wald
2146 2096 3096 2192 zuständig, getrunken dieses Schloßlige
2150 2150 2961 2252 zwuschen Bischwyl vnd Vollothurn
2134 2210 3180 2319 Dieses ist also das Jenige so von die sem Clande
2155 2273 3162 2379 Dunant Erhalten worden, Welches hiemit Er
2143 2334 3120 2429 Gne. zu volg dero hochen befelchs, widrumb
2137 2382 3045 2484 hinderbracht wirdt. Actum vorstaht.
2058 1002 2135 1106 95
