<?xml version="1.0" encoding="UTF-8" standalone="yes"?>
<PcGts xmlns="http://schema.primaresearch.org/PAGE/gts/pagecontent/2013-07-15" xmlns:xsi="http://www.w3.org/2001/XMLSchema-instance" xsi:schemaLocation="http://schema.primaresearch.org/PAGE/gts/pagecontent/2013-07-15 http://schema.primaresearch.org/PAGE/gts/pagecontent/2013-07-15/pagecontent.xsd">
    <Metadata>
        <Creator>prov=University of Rostock/Institute of Mathematics/CITlab|PLANET AI GmbH/Gundram Leifert/gundram.leifert@planet-ai.de:name=Transkribus German Kurrent M2(htr_id=29820)::::v=2.6.7
prov=University of Rostock/Institute of Mathematics/CITlab|PLANET AI GmbH/Tobias Gruening/tobias.gruening@planet-ai.de:name=de.uros.citlab.module.baseline2polygon.B2PSeamMultiOriented:v=2.6.7
prov=University of Rostock/Institute of Mathematics/CITlab|PLANET AI GmbH/Tobias Gruening/tobias.gruening@planet-ai.de:name=/net_tf/LA73_249_0mod360.pb:de.uros.citlab.segmentation.CITlab_LA_ML:v=2.6.7
Transkribus</Creator>
        <Created>2022-05-02T16:07:27.979+02:00</Created>
        <LastChange>2023-06-17T16:06:15.609+02:00</LastChange>
        <TranskribusMetadata docId="1336518" pageId="52421282" pageNr="88" tsid="127190523" status="IN_PROGRESS" userId="42748" imgUrl="https://files.transkribus.eu/Get?id=ZLXCIFYIGHURNISPUEDIHLPW&amp;fileType=view" xmlUrl="https://files.transkribus.eu/Get?id=XZDCWGEJHINVPWGVDDDSLJXQ" imageId="30694421"/>
    </Metadata>
    <Page imageFilename="IMG_6642.jpg" imageWidth="4032" imageHeight="3024">
        <ReadingOrder>
            <OrderedGroup id="ro_1687513571329" caption="Regions reading order">
                <RegionRefIndexed index="0" regionRef="r1"/>
                <RegionRefIndexed index="1" regionRef="r2"/>
                <RegionRefIndexed index="2" regionRef="TextRegion_1687010762054_391"/>
                <RegionRefIndexed index="3" regionRef="TextRegion_1687010762054_390"/>
            </OrderedGroup>
        </ReadingOrder>
        <TextRegion orientation="0.0" type="marginalia" id="r1" custom="readingOrder {index:0;} structure {type:marginalia;}">
            <Coords points="809,980 809,1775 912,1775 912,980"/>
            <TextLine id="r1l1" custom="readingOrder {index:0;}">
                <Coords points="802,1035 813,1036 829,1025 842,1026 855,1016 865,1017 879,1029 903,1022 904,963 878,967 868,961 861,968 818,950 804,950"/>
                <Baseline points="809,1011 838,1011 867,1011 896,1014"/>
                <TextEquiv>
                    <Unicode>1622</Unicode>
                </TextEquiv>
            </TextLine>
            <TextLine id="r1l2" custom="readingOrder {index:1;}">
                <Coords points="865,1103 872,1103 873,1105 876,1102 888,1108 901,1100 909,1102 916,1031 906,1033 896,1031 893,1033 883,1029 873,1030"/>
                <Baseline points="875,1074 905,1077"/>
                <TextEquiv>
                    <Unicode>R.</Unicode>
                </TextEquiv>
            </TextLine>
            <TextLine id="r1l3" custom="readingOrder {index:2;}">
                <Coords points="845,1161 865,1161 876,1170 883,1170 891,1163 906,1171 919,1168 919,1095 911,1095 904,1102 899,1100 894,1106 883,1110 865,1110 855,1117 845,1117"/>
                <Baseline points="852,1158 882,1158 912,1158"/>
                <TextEquiv>
                    <Unicode>.</Unicode>
                </TextEquiv>
            </TextLine>
            <TextLine id="r1l4" custom="readingOrder {index:3;}">
                <Coords points="868,1287 881,1291 884,1289 891,1293 899,1288 903,1292 913,1292 913,1201 903,1200 899,1195 894,1200 881,1202 868,1198"/>
                <Baseline points="875,1266 906,1266"/>
                <TextEquiv>
                    <Unicode>2</Unicode>
                </TextEquiv>
            </TextLine>
            <TextLine id="r1l5" custom="readingOrder {index:4;}">
                <Coords points="864,1406 878,1409 897,1393 900,1393 903,1398 911,1400 917,1346 908,1346 896,1337 886,1339 880,1331 872,1331"/>
                <Baseline points="873,1383 906,1386"/>
                <TextEquiv>
                    <Unicode>2</Unicode>
                </TextEquiv>
            </TextLine>
            <TextLine id="r1l6" custom="readingOrder {index:5;}">
                <Coords points="865,1508 872,1509 888,1523 899,1520 906,1521 914,1448 904,1447 897,1440 886,1438 882,1442 872,1439"/>
                <Baseline points="873,1494 902,1497"/>
                <TextEquiv>
                    <Unicode>2.</Unicode>
                </TextEquiv>
            </TextLine>
            <TextLine id="r1l7" custom="readingOrder {index:6;}">
                <Coords points="819,1664 833,1665 846,1651 876,1658 888,1650 899,1656 908,1654 895,1563 876,1564 857,1586 844,1580 831,1583 820,1576 806,1578"/>
                <Baseline points="822,1641 847,1634 872,1632 897,1629"/>
                <TextEquiv>
                    <Unicode>E</Unicode>
                </TextEquiv>
            </TextLine>
            <TextLine id="r1l8" custom="readingOrder {index:7;}">
                <Coords points="824,1767 840,1766 851,1776 865,1769 875,1782 885,1784 896,1698 874,1698 863,1684 847,1691 834,1686"/>
                <Baseline points="834,1745 882,1751"/>
                <TextEquiv>
                    <Unicode>2</Unicode>
                </TextEquiv>
            </TextLine>
            <TextEquiv>
                <Unicode>1622
R.
.
2
2
2.
E
2</Unicode>
            </TextEquiv>
        </TextRegion>
        <TextRegion orientation="0.0" type="paragraph" id="r2" custom="readingOrder {index:1;} structure {type:paragraph;}">
            <Coords points="915,963 915,2445 1949,2445 1949,963"/>
            <TextLine id="r2l1" custom="readingOrder {index:0;}">
                <Coords points="1488,989 1495,989 1499,985 1512,985 1514,983 1522,983 1522,953 1514,953 1511,955 1508,952 1503,953 1500,956 1488,955"/>
                <Baseline points="1494,983 1515,983"/>
                <TextEquiv>
                    <Unicode>un</Unicode>
                </TextEquiv>
            </TextLine>
            <TextLine id="r2l2" custom="readingOrder {index:1;}">
                <Coords points="949,1024 1234,1047 1318,1013 1551,1047 1643,1013 1932,1058 1933,999 1722,1000 1636,962 1523,989 950,971"/>
                <Baseline points="957,1011 1005,1011 1053,1011 1102,1011 1150,1010 1199,1010 1247,1008 1295,1008 1344,1008 1392,1008 1441,1008 1489,1009 1537,1010 1586,1011 1634,1014 1683,1016 1731,1019 1779,1023 1828,1028 1876,1034 1925,1040"/>
                <TextEquiv>
                    <Unicode>Ob Er nit nun mnd dann falsche nurcz gemacht.</Unicode>
                </TextEquiv>
            </TextLine>
            <TextLine id="r2l3" custom="readingOrder {index:2;}">
                <Coords points="947,1083 1287,1071 1374,1119 1463,1066 1589,1071 1652,1111 1815,1085 1815,1039 1724,1025 1388,1047 1350,1021 1219,1051 947,1030"/>
                <Baseline points="954,1070 996,1070 1039,1069 1082,1068 1124,1068 1167,1067 1210,1067 1252,1065 1295,1065 1338,1064 1381,1064 1423,1062 1466,1062 1509,1062 1551,1064 1594,1065 1637,1066 1679,1068 1722,1070 1765,1073 1808,1077"/>
                <TextEquiv>
                    <Unicode>kein andere alß Rappen und Creuzer</Unicode>
                </TextEquiv>
            </TextLine>
            <TextLine id="r2l4" custom="readingOrder {index:3;}">
                <Coords points="948,1185 1129,1148 1331,1175 1447,1132 1566,1163 1800,1146 1885,1185 1921,1173 1922,1116 1724,1084 1663,1121 1465,1068 1378,1120 1280,1119 1212,1072 948,1086"/>
                <Baseline points="954,1148 1002,1146 1050,1145 1098,1143 1146,1142 1194,1140 1242,1139 1290,1138 1338,1137 1386,1136 1434,1136 1482,1134 1530,1136 1578,1136 1626,1137 1674,1139 1722,1141 1770,1145 1818,1148 1866,1153 1914,1158"/>
                <TextEquiv>
                    <Unicode>Ver ihme die Stampfel dar zu gegeben. vnd</Unicode>
                </TextEquiv>
            </TextLine>
            <TextLine id="r2l5" custom="readingOrder {index:4;}">
                <Coords points="935,1203 1029,1231 1113,1202 1139,1222 1236,1196 1402,1216 1434,1191 1500,1200 1490,1133 1332,1174 1238,1177 1188,1152 1022,1179 934,1161"/>
                <Baseline points="942,1196 969,1196 997,1196 1024,1196 1052,1196 1079,1196 1107,1196 1134,1196 1162,1195 1189,1194 1217,1194 1245,1193 1272,1193 1300,1191 1327,1191 1355,1190 1382,1190 1410,1188 1437,1188 1465,1188 1493,1187"/>
                <TextEquiv>
                    <Unicode>der selbige gemacht habe</Unicode>
                </TextEquiv>
            </TextLine>
            <TextLine id="r2l6" custom="readingOrder {index:5;}">
                <Coords points="935,1284 1084,1302 1254,1252 1408,1289 1758,1265 1879,1300 1932,1263 1931,1214 1851,1173 1655,1222 1533,1187 1397,1219 1114,1203 996,1241 934,1216"/>
                <Baseline points="942,1256 991,1257 1040,1257 1089,1257 1138,1256 1187,1254 1236,1253 1286,1251 1335,1250 1384,1247 1433,1246 1482,1245 1531,1244 1580,1242 1630,1242 1679,1244 1728,1245 1777,1247 1826,1250 1875,1254 1925,1260"/>
                <TextEquiv>
                    <Unicode>Sein Sohn habe die Stempfel gemacht und ihme</Unicode>
                </TextEquiv>
            </TextLine>
            <TextLine id="r2l7" custom="readingOrder {index:6;}">
                <Coords points="933,1344 954,1343 978,1329 991,1337 1000,1328 1016,1329 1049,1348 1058,1347 1055,1288 1041,1285 1033,1289 1007,1269 1000,1277 986,1275 979,1283 969,1281 964,1287 950,1280 930,1283"/>
                <Baseline points="938,1310 965,1311 993,1309 1021,1306 1049,1307"/>
                <TextEquiv>
                    <Unicode>geben</Unicode>
                </TextEquiv>
            </TextLine>
            <TextLine id="r2l8" custom="readingOrder {index:7;}">
                <Coords points="959,1411 1356,1367 1553,1376 1618,1412 1905,1404 1905,1322 1483,1303 1327,1354 1263,1357 1217,1313 1085,1362 958,1339"/>
                <Baseline points="965,1380 1011,1379 1058,1377 1104,1377 1151,1376 1198,1374 1244,1374 1291,1374 1338,1373 1384,1373 1431,1373 1478,1373 1524,1373 1571,1373 1618,1373 1664,1373 1711,1373 1758,1374 1804,1374 1851,1374 1898,1374"/>
                <TextEquiv>
                    <Unicode>so, an welchem ort und die lang Er solches</Unicode>
                </TextEquiv>
            </TextLine>
            <TextLine id="r2l9" custom="readingOrder {index:8;}">
                <Coords points="937,1437 1220,1459 1298,1427 1506,1425 1505,1383 1476,1372 1425,1396 1382,1376 1326,1406 1242,1410 937,1397"/>
                <Baseline points="944,1430 971,1430 999,1431 1027,1431 1055,1431 1082,1430 1110,1430 1138,1428 1166,1428 1193,1427 1221,1425 1249,1425 1277,1424 1304,1424 1332,1422 1360,1422 1388,1421 1415,1421 1443,1421 1471,1421 1499,1422"/>
                <TextEquiv>
                    <Unicode>Falschmunzengetriben.</Unicode>
                </TextEquiv>
            </TextLine>
            <TextLine id="r2l10" custom="readingOrder {index:9;}">
                <Coords points="925,1519 1577,1482 1624,1513 1666,1487 1828,1516 1932,1490 1932,1450 1416,1424 1278,1462 924,1455"/>
                <Baseline points="932,1490 981,1490 1031,1488 1080,1487 1130,1485 1180,1484 1229,1483 1279,1482 1329,1481 1378,1479 1428,1479 1478,1478 1527,1478 1577,1478 1627,1478 1676,1478 1726,1479 1776,1480 1825,1481 1875,1483 1925,1485"/>
                <TextEquiv>
                    <Unicode>In seines Sohns hauß dann Er kein eigene</Unicode>
                </TextEquiv>
            </TextLine>
            <TextLine id="r2l11" custom="readingOrder {index:10;}">
                <Coords points="927,1596 1031,1561 1134,1597 1301,1583 1410,1541 1443,1568 1714,1539 1956,1568 1955,1500 1886,1524 1661,1486 1623,1514 1548,1484 1128,1536 925,1514"/>
                <Baseline points="933,1557 983,1556 1034,1556 1085,1554 1136,1553 1187,1551 1237,1549 1288,1547 1339,1545 1390,1544 1441,1542 1491,1540 1542,1539 1593,1538 1644,1536 1695,1536 1745,1536 1796,1536 1847,1538 1898,1539 1949,1542"/>
                <TextEquiv>
                    <Unicode>behaufung habeEr Kreuzer und Rappen gemacht</Unicode>
                </TextEquiv>
            </TextLine>
            <TextLine id="r2l12" custom="readingOrder {index:11;}">
                <Coords points="935,1659 1251,1617 1527,1654 1603,1618 1796,1605 1861,1632 1932,1605 1892,1567 1818,1582 1741,1543 1309,1599 1220,1574 1135,1597 1072,1561 933,1602"/>
                <Baseline points="941,1626 990,1626 1039,1625 1088,1623 1137,1622 1187,1620 1236,1617 1285,1616 1334,1614 1383,1612 1433,1610 1482,1607 1531,1605 1580,1605 1629,1604 1679,1602 1728,1602 1777,1602 1826,1602 1875,1604 1925,1605"/>
                <TextEquiv>
                    <Unicode>Wie fur viel Er dergleichen falsche mund¬</Unicode>
                </TextEquiv>
            </TextLine>
            <TextLine id="r2l13" custom="readingOrder {index:12;}">
                <Coords points="923,1706 966,1687 1059,1712 1103,1687 1136,1704 1178,1684 1253,1694 1272,1680 1287,1686 1285,1631 1254,1616 1228,1643 1201,1637 1155,1656 1114,1637 1056,1667 1023,1657 1007,1668 922,1663"/>
                <Baseline points="929,1685 954,1685 979,1685 1004,1684 1029,1683 1054,1683 1079,1683 1104,1682 1129,1682 1154,1681 1179,1680 1204,1679 1229,1678 1254,1676 1280,1674"/>
                <TextEquiv>
                    <Unicode>gemacht habe?</Unicode>
                </TextEquiv>
            </TextLine>
            <TextLine id="r2l14" custom="readingOrder {index:13;}">
                <Coords points="928,1769 1565,1717 1845,1733 1923,1718 1922,1686 1823,1648 1610,1685 1477,1645 1446,1673 1357,1654 1284,1701 925,1704"/>
                <Baseline points="933,1742 982,1742 1031,1740 1080,1740 1129,1739 1178,1736 1227,1733 1277,1731 1326,1728 1375,1725 1424,1722 1473,1720 1522,1716 1571,1715 1621,1713 1670,1712 1719,1710 1768,1710 1817,1710 1866,1712 1916,1715"/>
                <TextEquiv>
                    <Unicode>ohngefehrd fur 2 Thaler Kappen und etwan</Unicode>
                </TextEquiv>
            </TextLine>
            <TextLine id="r2l15" custom="readingOrder {index:14;}">
                <Coords points="931,1832 1068,1792 1496,1823 1709,1776 1892,1808 1927,1804 1926,1750 1687,1718 929,1770"/>
                <Baseline points="936,1799 985,1796 1034,1795 1083,1794 1132,1792 1181,1790 1230,1788 1280,1788 1329,1787 1378,1784 1427,1784 1476,1782 1525,1781 1574,1779 1624,1778 1673,1778 1722,1776 1771,1775 1820,1774 1869,1773 1919,1772"/>
                <TextEquiv>
                    <Unicode>byy 17. bazen Kreizer, die Große Armut darin</Unicode>
                </TextEquiv>
            </TextLine>
            <TextLine id="r2l16" custom="readingOrder {index:15;}">
                <Coords points="927,1894 1223,1875 1263,1846 1327,1880 1531,1840 1855,1852 1862,1795 1765,1806 1707,1776 1493,1826 1426,1798 1152,1824 1074,1796 925,1826"/>
                <Baseline points="933,1860 979,1856 1025,1854 1071,1852 1117,1850 1163,1848 1209,1847 1256,1845 1302,1844 1348,1844 1394,1842 1440,1841 1486,1841 1532,1839 1579,1839 1625,1837 1671,1836 1717,1834 1763,1832 1809,1830 1856,1827"/>
                <TextEquiv>
                    <Unicode>Er sich befinde habe ihn dazu getriben, dise</Unicode>
                </TextEquiv>
            </TextLine>
            <TextLine id="r2l17" custom="readingOrder {index:16;}">
                <Coords points="918,1938 1076,1913 1438,1938 1590,1889 1809,1932 1926,1899 1925,1840 1780,1865 1530,1840 1459,1889 1286,1861 916,1883"/>
                <Baseline points="924,1917 973,1916 1023,1914 1073,1911 1123,1910 1172,1908 1222,1907 1272,1907 1322,1905 1371,1905 1421,1904 1471,1902 1521,1902 1570,1901 1620,1899 1670,1898 1720,1896 1769,1893 1819,1890 1869,1888 1919,1884"/>
                <TextEquiv>
                    <Unicode>Kappen und Krenzer habe Er dem H. Land¬</Unicode>
                </TextEquiv>
            </TextLine>
            <TextLine id="r2l18" custom="readingOrder {index:17;}">
                <Coords points="927,2007 1212,1968 1414,2008 1567,1996 1612,1963 1694,1993 1740,1963 1871,1969 1870,1923 1781,1919 1647,1945 926,1934"/>
                <Baseline points="933,1983 979,1980 1026,1976 1072,1974 1119,1971 1165,1970 1212,1968 1258,1967 1305,1967 1351,1965 1398,1965 1444,1964 1491,1964 1537,1964 1584,1962 1630,1962 1677,1961 1723,1959 1770,1958 1816,1956 1863,1953"/>
                <TextEquiv>
                    <Unicode>Tagt by seiner Behändigung übergeben.</Unicode>
                </TextEquiv>
            </TextLine>
            <TextLine id="r2l19" custom="readingOrder {index:18;}">
                <Coords points="927,2125 1047,2089 1584,2124 1670,2080 1903,2090 1913,2010 1843,2003 1763,2048 1673,2001 1533,2004 1458,2050 1265,2059 1124,2012 1067,2046 924,2037"/>
                <Baseline points="933,2102 981,2099 1030,2096 1079,2094 1127,2093 1176,2091 1225,2090 1273,2088 1322,2087 1371,2085 1420,2085 1468,2084 1517,2082 1566,2081 1614,2080 1663,2079 1712,2076 1760,2075 1809,2072 1858,2069 1907,2066"/>
                <TextEquiv>
                    <Unicode>Auf Vorstellen aber Mehhl. Examinatoren</Unicode>
                </TextEquiv>
            </TextLine>
            <TextLine id="r2l20" custom="readingOrder {index:19;}">
                <Coords points="909,2180 1038,2203 1167,2159 1439,2175 1471,2148 1750,2140 1797,2163 1869,2128 1868,2084 1586,2126 1530,2105 1351,2133 1147,2096 907,2130"/>
                <Baseline points="915,2166 962,2165 1009,2163 1057,2160 1104,2159 1151,2157 1199,2155 1246,2154 1293,2151 1341,2150 1388,2148 1435,2147 1483,2145 1530,2144 1577,2142 1625,2141 1672,2141 1719,2139 1767,2138 1814,2136 1862,2135"/>
                <TextEquiv>
                    <Unicode>daß Er schon in hievorigen Examen bekent</Unicode>
                </TextEquiv>
            </TextLine>
            <TextLine id="r2l21" custom="readingOrder {index:20;}">
                <Coords points="917,2239 976,2266 1209,2211 1679,2246 1743,2199 1882,2219 1881,2158 915,2186"/>
                <Baseline points="924,2226 971,2224 1019,2220 1066,2219 1114,2216 1161,2214 1209,2213 1256,2211 1304,2210 1351,2209 1399,2208 1447,2207 1494,2205 1542,2205 1589,2204 1637,2202 1684,2201 1732,2199 1779,2197 1827,2195 1875,2193"/>
                <TextEquiv>
                    <Unicode>daß Er für einen Tthaler Creuzer gemacht</Unicode>
                </TextEquiv>
            </TextLine>
            <TextLine id="r2l22" custom="readingOrder {index:21;}">
                <Coords points="918,2329 1088,2339 1215,2303 1336,2336 1417,2286 1572,2324 1644,2294 1874,2296 1871,2226 1825,2218 1738,2263 1582,2225 1491,2257 1386,2228 1138,2266 916,2249"/>
                <Baseline points="924,2301 971,2301 1018,2301 1065,2300 1112,2300 1159,2298 1206,2298 1253,2297 1300,2295 1347,2294 1395,2292 1442,2291 1489,2289 1536,2288 1583,2285 1630,2283 1677,2282 1724,2280 1771,2279 1818,2277 1866,2276"/>
                <TextEquiv>
                    <Unicode>Sagte Er, daß Er sich nit mehr so eigentlich</Unicode>
                </TextEquiv>
            </TextLine>
            <TextLine id="r2l23" custom="readingOrder {index:22;}">
                <Coords points="923,2386 1103,2400 1417,2352 1482,2384 1621,2351 1759,2390 1890,2344 1889,2307 1380,2310 1297,2347 1158,2303 1071,2344 1006,2310 921,2332"/>
                <Baseline points="929,2357 976,2360 1024,2362 1072,2364 1119,2366 1167,2366 1215,2366 1262,2366 1310,2364 1358,2363 1406,2361 1453,2359 1501,2357 1549,2353 1596,2350 1644,2346 1692,2343 1739,2340 1787,2336 1835,2333 1883,2330"/>
                <TextEquiv>
                    <Unicode>besinne, glaube aber daß es dabey eimnen</Unicode>
                </TextEquiv>
            </TextLine>
            <TextLine id="r2l24" custom="readingOrder {index:23;}">
                <Coords points="910,2451 961,2428 983,2428 1000,2443 1038,2432 1051,2437 1075,2421 1140,2434 1138,2399 1100,2400 1068,2382 1050,2392 1023,2376 997,2381 981,2372 958,2392 908,2394"/>
                <Baseline points="917,2432 944,2427 971,2423 998,2421 1025,2420 1052,2420 1079,2421 1106,2421 1133,2421"/>
                <TextEquiv>
                    <Unicode>gewesen.</Unicode>
                </TextEquiv>
            </TextLine>
            <TextEquiv>
                <Unicode>un
Ob Er nit nun mnd dann falsche nurcz gemacht.
kein andere alß Rappen und Creuzer
Ver ihme die Stampfel dar zu gegeben. vnd
der selbige gemacht habe
Sein Sohn habe die Stempfel gemacht und ihme
geben
so, an welchem ort und die lang Er solches
Falschmunzengetriben.
In seines Sohns hauß dann Er kein eigene
behaufung habeEr Kreuzer und Rappen gemacht
Wie fur viel Er dergleichen falsche mund¬
gemacht habe?
ohngefehrd fur 2 Thaler Kappen und etwan
byy 17. bazen Kreizer, die Große Armut darin
Er sich befinde habe ihn dazu getriben, dise
Kappen und Krenzer habe Er dem H. Land¬
Tagt by seiner Behändigung übergeben.
Auf Vorstellen aber Mehhl. Examinatoren
daß Er schon in hievorigen Examen bekent
daß Er für einen Tthaler Creuzer gemacht
Sagte Er, daß Er sich nit mehr so eigentlich
besinne, glaube aber daß es dabey eimnen
gewesen.</Unicode>
            </TextEquiv>
        </TextRegion>
        <TextRegion orientation="0.0" type="paragraph" id="TextRegion_1687010762054_391" custom="readingOrder {index:2;} structure {type:paragraph;}">
            <Coords points="2110,1004 3170,1004 3170,2350 2123,2350"/>
            <TextLine id="r3l1" custom="readingOrder {index:0;}">
                <Coords points="2134,1071 2396,1033 2579,1065 2740,1025 3097,1076 3177,1047 3176,997 3066,1012 3008,980 2962,1011 2885,982 2520,1012 2461,983 2401,1020 2264,984 2134,1029"/>
                <Baseline points="2141,1049 2192,1046 2243,1043 2295,1040 2346,1037 2398,1035 2449,1033 2501,1031 2552,1030 2604,1029 2655,1028 2706,1028 2758,1028 2809,1026 2861,1027 2912,1028 2964,1028 3015,1029 3067,1030 3118,1031 3170,1032"/>
                <TextEquiv>
                    <Unicode>Omit sein Sohn solches gewust, und auch der¬</Unicode>
                </TextEquiv>
            </TextLine>
            <TextLine id="r3l3" custom="readingOrder {index:1;}">
                <Coords points="2123,1117 2272,1091 2394,1110 2526,1083 2823,1084 2821,1028 2632,1062 2430,1061 2394,1035 2281,1067 2192,1050 2122,1069"/>
                <Baseline points="2130,1100 2164,1096 2198,1092 2232,1089 2267,1086 2301,1085 2335,1082 2370,1081 2404,1080 2438,1079 2473,1079 2507,1077 2541,1077 2575,1077 2610,1076 2644,1076 2678,1074 2713,1074 2747,1073 2781,1071 2816,1070"/>
                <TextEquiv>
                    <Unicode>gleichen Munz gemacht habe,</Unicode>
                </TextEquiv>
            </TextLine>
            <TextLine id="line_1687010762367_395" custom="readingOrder {index:2;}">
                <Coords points="2112,1222 2117,1236 2112,1236"/>
                <TextEquiv>
                    <Unicode>ber</Unicode>
                </TextEquiv>
            </TextLine>
            <TextLine id="line_1687010762370_402" custom="readingOrder {index:3;}">
                <Coords points="2113,1349 2116,1350 2125,1342 2136,1343 2151,1354 2164,1352 2167,1408 2159,1411 2127,1399 2114,1403"/>
                <Baseline points="2114,1394 2133,1392 2159,1385"/>
                <TextEquiv>
                    <Unicode>R.</Unicode>
                </TextEquiv>
            </TextLine>
            <TextLine id="r3l4" custom="readingOrder {index:4;}">
                <Coords points="2133,1177 2451,1134 2568,1162 2659,1121 3156,1130 3123,1067 2977,1061 2441,1119 2131,1113"/>
                <Baseline points="2139,1149 2189,1148 2240,1146 2290,1143 2341,1141 2391,1137 2442,1136 2492,1133 2543,1130 2593,1127 2644,1124 2694,1122 2745,1121 2795,1119 2846,1118 2896,1116 2947,1116 2997,1118 3048,1119 3098,1121 3149,1124"/>
                <TextEquiv>
                    <Unicode>In der Sohn habe solches gewüst und auch</Unicode>
                </TextEquiv>
            </TextLine>
            <TextLine id="line_1687010762371_404" custom="readingOrder {index:5;}">
                <Coords points="2114,1403 2116,1405 2123,1404 2127,1399 2134,1399 2134,1473 2123,1473 2114,1476"/>
                <Baseline points="2114,1461 2127,1461"/>
                <TextEquiv>
                    <Unicode>2</Unicode>
                </TextEquiv>
            </TextLine>
            <TextLine id="r3l5" custom="readingOrder {index:6;}">
                <Coords points="2675,1157 2980,1143 3052,1156 3061,1119 2918,1113 2853,1126 2832,1115 2675,1136"/>
                <Baseline points="2682,1149 2708,1149 2735,1149 2761,1148 2788,1148 2814,1146 2841,1146 2868,1145 2894,1145 2921,1144 2947,1143 2974,1143 3000,1143 3027,1143 3054,1143"/>
                <TextEquiv>
                    <Unicode>dise Errutzer und Rapppen</Unicode>
                </TextEquiv>
            </TextLine>
            <TextLine id="line_1687010762367_394" custom="readingOrder {index:7;}">
                <Coords points="2112,1191 2203,1160 2343,1179 2427,1135 2543,1167 2616,1136 3135,1134 3123,1181 2709,1175 2610,1206 2538,1180 2112,1230"/>
                <Baseline points="2117,1209 2167,1206 2218,1202 2268,1199 2319,1196 2370,1193 2420,1189 2471,1185 2521,1183 2572,1179 2623,1176 2673,1173 2724,1172 2774,1169 2825,1168 2876,1166 2926,1166 2977,1166 3027,1166 3078,1166 3129,1167"/>
                <TextEquiv>
                    <Unicode>selber geholffen disenmaih machee, un</Unicode>
                </TextEquiv>
            </TextLine>
            <TextLine id="line_1687010762376_407" custom="readingOrder {index:8;}">
                <Coords points="2116,1588 2120,1588 2116,1639"/>
                <TextEquiv>
                    <Unicode>2.</Unicode>
                </TextEquiv>
            </TextLine>
            <TextLine id="line_1687010762368_398" custom="readingOrder {index:9;}">
                <Coords points="2112,1237 2494,1189 2619,1215 2861,1176 2924,1211 3140,1177 3116,1228 2899,1265 2723,1232 2582,1271 2411,1242 2272,1285 2112,1259"/>
                <Baseline points="2112,1262 2112,1261"/>
                <TextEquiv>
                    <Unicode>dan der Sohn nit auch schon zuvor gemacht</Unicode>
                </TextEquiv>
            </TextLine>
            <TextLine id="line_1687010762369_400" custom="readingOrder {index:10;}">
                <Coords points="2112,1280 2366,1282 2478,1239 2580,1270 2680,1240 2755,1262 2819,1236 2921,1270 2923,1312 2301,1305 2268,1340 2113,1344"/>
                <Baseline points="2113,1324 2142,1322 2183,1317 2223,1314 2264,1311 2305,1308 2345,1305 2386,1303 2427,1301 2467,1299 2508,1298 2549,1296 2589,1295 2630,1293 2671,1292 2711,1291 2752,1290 2793,1290 2833,1290 2874,1289 2915,1289"/>
                <TextEquiv>
                    <Unicode>so hätte Er es nit wurden Lehren</Unicode>
                </TextEquiv>
            </TextLine>
            <TextLine id="r3l11" custom="readingOrder {index:11;} place {offset:24; length:6;}">
                <Coords points="2168,1396 2423,1408 2557,1363 2802,1389 3026,1344 3153,1381 3149,1302 2901,1326 2716,1290 2308,1361 2165,1332"/>
                <Baseline points="2175,1388 2223,1384 2271,1380 2320,1377 2368,1373 2417,1371 2465,1368 2514,1367 2562,1364 2611,1362 2659,1360 2707,1358 2756,1356 2804,1355 2853,1353 2901,1350 2950,1349 2998,1347 3047,1346 3095,1344 3144,1341"/>
                <TextEquiv>
                    <Unicode>Ver den Stampfel zu den Rappon gemacht:</Unicode>
                </TextEquiv>
            </TextLine>
            <TextLine id="r3l13" custom="readingOrder {index:12;}">
                <Coords points="2134,1470 2184,1455 2237,1481 2256,1460 2335,1475 2482,1453 2519,1473 2645,1423 2803,1436 2800,1384 2753,1373 2693,1404 2572,1410 2513,1391 2424,1409 2358,1393 2326,1413 2183,1396 2132,1428"/>
                <Baseline points="2141,1454 2173,1451 2206,1448 2239,1445 2271,1443 2304,1440 2337,1438 2369,1436 2402,1434 2435,1433 2468,1431 2500,1429 2533,1427 2566,1426 2598,1424 2631,1423 2664,1421 2696,1420 2729,1418 2762,1416 2795,1413"/>
                <TextEquiv>
                    <Unicode>der Sohn habe selbigen gemacht.</Unicode>
                </TextEquiv>
            </TextLine>
            <TextLine id="line_1687010762374_406" custom="readingOrder {index:13;}">
                <Coords points="2115,1505 2140,1509 2198,1458 2365,1489 2478,1453 2685,1480 2898,1436 3109,1445 3111,1485 3034,1507 2603,1503 2564,1537 2382,1512 2115,1552"/>
                <Baseline points="2115,1533 2129,1532 2180,1527 2231,1523 2283,1520 2334,1516 2385,1513 2437,1509 2488,1505 2539,1503 2591,1500 2642,1497 2693,1494 2744,1493 2796,1490 2847,1488 2898,1487 2950,1485 3001,1484 3052,1484 3104,1482"/>
                <TextEquiv>
                    <Unicode>2. Ob Er dem Sohn nit habe gehalsen Krenzer</Unicode>
                </TextEquiv>
            </TextLine>
            <TextLine id="r3l16" custom="readingOrder {index:14;}">
                <Coords points="2135,1602 2430,1571 2583,1595 2668,1553 2793,1583 2939,1540 3063,1560 3073,1490 2605,1504 2492,1552 2381,1513 2325,1558 2258,1536 2133,1560"/>
                <Baseline points="2141,1574 2187,1574 2233,1574 2280,1574 2326,1572 2372,1571 2419,1569 2465,1568 2511,1565 2558,1563 2604,1559 2650,1556 2697,1554 2743,1550 2789,1547 2836,1545 2882,1541 2928,1538 2975,1535 3021,1532 3068,1529"/>
                <TextEquiv>
                    <Unicode>machen, und auch selbsten gemacht habe</Unicode>
                </TextEquiv>
            </TextLine>
            <TextLine id="r3l17" custom="readingOrder {index:15;}">
                <Coords points="2149,1689 2207,1649 2376,1678 2425,1641 2479,1663 2631,1624 3153,1613 3138,1539 3079,1575 2660,1609 2518,1580 2145,1601"/>
                <Baseline points="2154,1646 2203,1644 2253,1643 2302,1641 2352,1639 2402,1637 2451,1634 2501,1632 2550,1629 2600,1626 2650,1623 2699,1620 2749,1617 2798,1614 2848,1612 2898,1609 2947,1607 2997,1605 3046,1602 3096,1601 3146,1601"/>
                <TextEquiv>
                    <Unicode>Er habe dem Sohn einest am Abend geschlag¬</Unicode>
                </TextEquiv>
            </TextLine>
            <TextLine id="r3l19" custom="readingOrder {index:16;}">
                <Coords points="2141,1716 2304,1712 2356,1748 2434,1704 2894,1712 3045,1663 3133,1672 3130,1625 3072,1609 2970,1648 2571,1636 2502,1666 2425,1641 2333,1687 2208,1649 2140,1688"/>
                <Baseline points="2147,1706 2195,1706 2244,1704 2293,1704 2342,1703 2391,1701 2440,1700 2489,1698 2538,1695 2587,1692 2636,1689 2684,1686 2733,1684 2782,1681 2831,1679 2880,1675 2929,1672 2978,1670 3027,1666 3076,1664 3125,1662"/>
                <TextEquiv>
                    <Unicode>allein er habe so hart zugeschlagen, daß</Unicode>
                </TextEquiv>
            </TextLine>
            <TextLine id="r3l20" custom="readingOrder {index:17;} person {offset:4; length:7;}">
                <Coords points="2133,1791 2221,1762 2336,1799 2469,1764 2541,1793 2661,1751 2948,1759 3144,1719 3076,1668 2995,1713 2947,1690 2359,1745 2298,1711 2130,1728"/>
                <Baseline points="2138,1766 2190,1766 2243,1764 2295,1764 2348,1763 2400,1761 2453,1759 2506,1757 2558,1754 2611,1751 2663,1748 2716,1745 2768,1742 2821,1738 2874,1736 2926,1731 2979,1728 3031,1725 3084,1722 3137,1718"/>
                <TextEquiv>
                    <Unicode>die Krenzer nit gerahten wollen, dan</Unicode>
                </TextEquiv>
            </TextLine>
            <TextLine id="r3l21" custom="readingOrder {index:18;}">
                <Coords points="2128,1827 2242,1851 2543,1819 2650,1853 2842,1804 3023,1824 3120,1794 3118,1737 2962,1781 2126,1787"/>
                <Baseline points="2135,1827 2183,1827 2232,1827 2281,1826 2330,1824 2379,1823 2428,1822 2477,1820 2526,1818 2575,1817 2624,1814 2672,1811 2721,1809 2770,1806 2819,1803 2868,1802 2917,1799 2966,1797 3015,1794 3064,1791 3113,1790"/>
                <TextEquiv>
                    <Unicode>das under theil seye gebrochen, und¬</Unicode>
                </TextEquiv>
            </TextLine>
            <TextLine id="r3l22" custom="readingOrder {index:19;}">
                <Coords points="2123,1905 2300,1911 2425,1880 2487,1909 2594,1908 2737,1866 2766,1891 2848,1884 2836,1811 2777,1848 2670,1856 2543,1820 2415,1858 2359,1834 2307,1859 2217,1835 2121,1848"/>
                <Baseline points="2129,1892 2164,1889 2200,1887 2235,1885 2271,1883 2306,1881 2342,1880 2377,1879 2413,1878 2448,1877 2484,1877 2520,1875 2555,1874 2591,1874 2626,1872 2662,1871 2697,1870 2733,1867 2768,1866 2804,1862 2840,1859"/>
                <TextEquiv>
                    <Unicode>haben also nit viel gemacht.</Unicode>
                </TextEquiv>
            </TextLine>
            <TextLine id="line_1687010762380_410" custom="readingOrder {index:20;}">
                <Coords points="2119,1937 2207,1892 2350,1886 2419,1923 2638,1881 2736,1911 2919,1866 3146,1875 3147,1917 2993,1957 2888,1919 2119,1964"/>
                <Baseline points="2119,1956 2162,1954 2217,1950 2271,1947 2325,1946 2380,1943 2434,1940 2488,1938 2543,1936 2597,1934 2651,1932 2706,1930 2760,1928 2814,1926 2869,1925 2923,1923 2977,1920 3032,1917 3086,1915 3141,1911"/>
                <TextEquiv>
                    <Unicode>E. Ob Er keine halb bazen, tem Zurichgelt</Unicode>
                </TextEquiv>
            </TextLine>
            <TextLine id="r3l24" custom="readingOrder {index:21;}">
                <Coords points="2135,2049 2307,2017 2372,2042 2526,1995 2720,2013 2824,1986 2901,2013 3118,1988 3117,1951 2584,1935 2433,1982 2267,1948 2132,1977"/>
                <Baseline points="2141,2009 2189,2008 2238,2007 2286,2005 2335,2003 2383,2001 2432,2000 2480,1997 2529,1995 2577,1992 2626,1990 2674,1988 2723,1986 2771,1983 2820,1982 2868,1980 2917,1979 2965,1978 3014,1977 3062,1976 3111,1976"/>
                <TextEquiv>
                    <Unicode>auch Plappert, ortlin oder dergleichen¬</Unicode>
                </TextEquiv>
            </TextLine>
            <TextLine id="r3l25" custom="readingOrder {index:22;}">
                <Coords points="2138,2101 2307,2074 2482,2092 2515,2064 2611,2092 2648,2053 2697,2080 2809,2071 2851,2058 2849,2007 2624,1998 2513,2043 2286,2021 2136,2048"/>
                <Baseline points="2144,2069 2180,2069 2217,2069 2254,2069 2291,2067 2327,2066 2364,2065 2401,2063 2438,2061 2475,2059 2511,2058 2548,2055 2585,2054 2622,2051 2659,2050 2695,2049 2732,2047 2769,2046 2806,2045 2843,2045"/>
                <TextEquiv>
                    <Unicode>gemacht oder gesehen machen.</Unicode>
                </TextEquiv>
            </TextLine>
            <TextLine id="r3l26" custom="readingOrder {index:23;}">
                <Coords points="2142,2171 3133,2133 3132,2086 3075,2105 3018,2070 2488,2120 2388,2076 2141,2100"/>
                <Baseline points="2148,2144 2196,2144 2245,2142 2294,2142 2343,2141 2392,2140 2441,2139 2490,2138 2539,2136 2588,2135 2637,2133 2685,2132 2734,2130 2783,2129 2832,2129 2881,2127 2930,2127 2979,2127 3028,2127 3077,2127 3126,2127"/>
                <TextEquiv>
                    <Unicode>ein Er habe gar keines dergleichen gelt</Unicode>
                </TextEquiv>
            </TextLine>
            <TextLine id="r3l28" custom="readingOrder {index:24;}">
                <Coords points="2144,2215 2300,2236 2462,2207 2517,2236 2727,2191 2774,2221 2899,2201 2958,2225 3087,2175 3086,2135 2969,2159 2441,2137 2280,2189 2143,2176"/>
                <Baseline points="2150,2202 2196,2202 2243,2204 2289,2204 2336,2202 2382,2202 2429,2201 2475,2201 2522,2199 2568,2197 2615,2195 2661,2193 2708,2192 2754,2189 2801,2187 2847,2186 2894,2184 2940,2182 2987,2180 3033,2178 3080,2177"/>
                <TextEquiv>
                    <Unicode>gemacht, habe auch sein Lebtag kein gelt</Unicode>
                </TextEquiv>
            </TextLine>
            <TextLine id="line_1687010762383_412" custom="readingOrder {index:25;}">
                <Coords points="2122,2237 2949,2231 3028,2190 3152,2198 3154,2257 2963,2287 2821,2256 2496,2271 2414,2302 2342,2270 2254,2317 2192,2286 2123,2304"/>
                <Baseline points="2126,2271 2177,2271 2228,2271 2279,2270 2330,2270 2381,2268 2432,2267 2483,2266 2534,2265 2585,2264 2636,2261 2687,2259 2738,2258 2789,2255 2840,2253 2891,2250 2942,2248 2993,2246 3044,2242 3095,2239 3147,2237"/>
                <TextEquiv>
                    <Unicode>gesechen machen, äußert denen angezeigten</Unicode>
                </TextEquiv>
            </TextLine>
            <TextLine id="r3l30" custom="readingOrder {index:26;}">
                <Coords points="2130,2351 2259,2364 2412,2330 2478,2362 2657,2368 2706,2339 2803,2352 2802,2303 2677,2306 2619,2283 2430,2317 2279,2296 2249,2319 2128,2287"/>
                <Baseline points="2136,2337 2170,2337 2205,2337 2240,2336 2274,2336 2309,2336 2344,2334 2378,2334 2413,2333 2448,2333 2482,2331 2517,2330 2552,2330 2586,2328 2621,2327 2656,2325 2690,2324 2725,2323 2760,2322 2795,2321"/>
                <TextEquiv>
                    <Unicode>Krenzeren und Raphpen.</Unicode>
                </TextEquiv>
            </TextLine>
            <TextEquiv>
                <Unicode>Omit sein Sohn solches gewust, und auch der¬
gleichen Munz gemacht habe,
ber
R.
In der Sohn habe solches gewüst und auch
2
dise Errutzer und Rapppen
selber geholffen disenmaih machee, un
2.
dan der Sohn nit auch schon zuvor gemacht
so hätte Er es nit wurden Lehren
Ver den Stampfel zu den Rappon gemacht:
der Sohn habe selbigen gemacht.
2. Ob Er dem Sohn nit habe gehalsen Krenzer
machen, und auch selbsten gemacht habe
Er habe dem Sohn einest am Abend geschlag¬
allein er habe so hart zugeschlagen, daß
die Krenzer nit gerahten wollen, dan
das under theil seye gebrochen, und¬
haben also nit viel gemacht.
E. Ob Er keine halb bazen, tem Zurichgelt
auch Plappert, ortlin oder dergleichen¬
gemacht oder gesehen machen.
ein Er habe gar keines dergleichen gelt
gemacht, habe auch sein Lebtag kein gelt
gesechen machen, äußert denen angezeigten
Krenzeren und Raphpen.</Unicode>
            </TextEquiv>
        </TextRegion>
        <TextRegion orientation="0.0" type="marginalia" id="TextRegion_1687010762054_390" custom="readingOrder {index:3;} structure {type:marginalia;}">
            <Coords points="1988,1004 2110,1004 2123,2350 1988,2350"/>
            <TextLine id="r3l2" custom="readingOrder {index:0;}">
                <Coords points="1980,1099 2000,1101 2023,1085 2035,1090 2042,1086 2068,1105 2105,1103 2108,1000 2096,999 2071,1011 2051,1007 2040,1011 2032,1005 2000,1015 1983,1007"/>
                <Baseline points="1988,1053 2015,1061 2043,1062 2071,1061 2099,1059"/>
                <TextEquiv>
                    <Unicode>1639</Unicode>
                </TextEquiv>
            </TextLine>
            <TextLine id="r3l6" custom="readingOrder {index:1;}">
                <Coords points="2063,1180 2074,1178 2086,1185 2094,1182 2080,1112 2073,1114 2066,1111 2064,1115 2051,1117"/>
                <Baseline points="2069,1172 2085,1169"/>
                <TextEquiv>
                    <Unicode>R</Unicode>
                </TextEquiv>
            </TextLine>
            <TextLine id="line_1687010762368_396" custom="readingOrder {index:2;}">
                <Coords points="2025,1182 2039,1182 2053,1189 2064,1176 2086,1185 2099,1182 2112,1222 2112,1236 2098,1237 2096,1240 2089,1237 2083,1245 2079,1245 2057,1236 2055,1240 2045,1243"/>
                <Baseline points="2048,1229 2075,1221 2102,1211"/>
                <TextEquiv>
                    <Unicode>ber</Unicode>
                </TextEquiv>
            </TextLine>
            <TextLine id="line_1687010762370_401" custom="readingOrder {index:3;}">
                <Coords points="2047,1360 2087,1342 2113,1349 2114,1403 2108,1405 2101,1401 2088,1413 2071,1405 2063,1411 2051,1408"/>
                <Baseline points="2057,1394 2082,1394 2108,1395 2114,1394"/>
                <TextEquiv>
                    <Unicode>R.</Unicode>
                </TextEquiv>
            </TextLine>
            <TextLine id="line_1687010762367_393" custom="readingOrder {index:4;}">
                <Coords points="2109,1193 2112,1191 2112,1230 2111,1231"/>
                <TextEquiv>
                    <Unicode>selber geholffen disenmaih machee, un</Unicode>
                </TextEquiv>
            </TextLine>
            <TextLine id="line_1687010762370_403" custom="readingOrder {index:5;}">
                <Coords points="2075,1418 2084,1417 2101,1401 2108,1405 2113,1402 2114,1403 2114,1476 2112,1478 2103,1476 2089,1485 2075,1481"/>
                <Baseline points="2082,1461 2114,1461"/>
                <TextEquiv>
                    <Unicode>2</Unicode>
                </TextEquiv>
            </TextLine>
            <TextLine id="line_1687010762368_397" custom="readingOrder {index:6;}">
                <Coords points="2104,1239 2112,1237 2112,1259 2105,1258"/>
                <Baseline points="2112,1261 2163,1257 2214,1255 2265,1250 2316,1248 2367,1245 2418,1242 2470,1240 2521,1238 2572,1236 2623,1234 2674,1232 2725,1230 2776,1229 2828,1228 2879,1226 2930,1226 2981,1224 3032,1223 3083,1223 3135,1221"/>
                <TextEquiv>
                    <Unicode>dan der Sohn nit auch schon zuvor gemacht</Unicode>
                </TextEquiv>
            </TextLine>
            <TextLine id="line_1687010762369_399" custom="readingOrder {index:7;}">
                <Coords points="2093,1280 2112,1280 2113,1344 2095,1345"/>
                <Baseline points="2102,1325 2113,1324"/>
                <TextEquiv>
                    <Unicode>so hätte Er es nit wurden Lehren</Unicode>
                </TextEquiv>
            </TextLine>
            <TextLine id="line_1687010762377_408" custom="readingOrder {index:8;}">
                <Coords points="2062,1579 2072,1580 2075,1577 2080,1581 2091,1574 2111,1590 2116,1588 2116,1639 2115,1663 2096,1663 2093,1666 2084,1662 2080,1665 2072,1656 2057,1655"/>
                <Baseline points="2064,1646 2109,1649"/>
                <TextEquiv>
                    <Unicode>2.</Unicode>
                </TextEquiv>
            </TextLine>
            <TextLine id="r3l27" custom="readingOrder {index:9;}">
                <Coords points="2047,2161 2060,2162 2068,2167 2091,2166 2110,2173 2116,2097 2095,2091 2075,2098 2071,2096 2064,2102 2052,2098"/>
                <Baseline points="2055,2147 2080,2149 2105,2151"/>
                <TextEquiv>
                    <Unicode>2</Unicode>
                </TextEquiv>
            </TextLine>
            <TextLine id="line_1687010762373_405" custom="readingOrder {index:10;}">
                <Coords points="2069,1499 2115,1505 2115,1552 2072,1559"/>
                <Baseline points="2078,1536 2115,1533"/>
                <TextEquiv>
                    <Unicode>2. Ob Er dem Sohn nit habe gehalsen Krenzer</Unicode>
                </TextEquiv>
            </TextLine>
            <TextLine id="line_1687010762380_409" custom="readingOrder {index:11;}">
                <Coords points="2045,1930 2106,1944 2119,1937 2119,1964 2047,1969"/>
                <Baseline points="2054,1961 2108,1957 2119,1956"/>
                <TextEquiv>
                    <Unicode>E. Ob Er keine halb bazen, tem Zurichgelt</Unicode>
                </TextEquiv>
            </TextLine>
            <TextLine id="line_1687010762383_411" custom="readingOrder {index:12;}">
                <Coords points="2118,2238 2122,2237 2123,2304 2120,2305"/>
                <TextEquiv>
                    <Unicode>gesechen machen, äußert denen angezeigten</Unicode>
                </TextEquiv>
            </TextLine>
            <TextEquiv>
                <Unicode>1639
R
ber
R.
selber geholffen disenmaih machee, un
2
dan der Sohn nit auch schon zuvor gemacht
so hätte Er es nit wurden Lehren
2.
2
2. Ob Er dem Sohn nit habe gehalsen Krenzer
E. Ob Er keine halb bazen, tem Zurichgelt
gesechen machen, äußert denen angezeigten</Unicode>
            </TextEquiv>
        </TextRegion>
    </Page>
</PcGts>
