4032 3024
1009 936 1010 988 Vatter der rohtmetzger vor diesem gewohnet, geboh¬
933 1043 1009 1147 E.
942 1161 997 1265 d
925 1348 1002 1478 X.
951 1563 1006 1664 R: Seine Ellteren habend Ihne wohl erzogen
989 1767 997 1801 als ein Knecht für 3 Jahrlang gedinget der Ihme
991 1810 995 1879 aber nit gehalten sonderen Ihne zum Soldaten ge¬
979 1986 984 2051 seye Er ohne abscheid dar von gangen und Vor ohn¬
1010 924 2047 1055 Vatter der rohtmetzger vor diesem gewohnet, geboh¬
1009 1053 1016 1080 E.
1010 985 1211 1048 ren worden
999 1348 1006 1381 X.
1040 1047 2040 1161 Ob seine Ellteren noch bey leben, Wie sie heißen
1025 1116 2035 1219 und an welchem Ohrt selbige Haußheblich geseßen.
1009 1172 2029 1278 Der Vatter heiße Michel Hoffer und die Muter
1007 1233 2024 1344 Anna Mader, seyen noch beyde beyleben undt
1006 1305 2016 1418 habend eine Zeit daher zu deiß weil gewohnt
1217 1354 1275 1402 noch
1022 1364 2015 1487 Ob Er sich alle Zeit bey seinen Ellteren aufge¬
1007 1446 2028 1542 halten, oder Wie Er sich ernehret, und waß seine
997 1492 1421 1584 bezangenschafft seye.
1000 1577 2002 1696 R: Seine Ellteren habend Ihne wohl erzogen
1004 1645 2018 1772 hiß Er 47. Jahr alt gsin, da habe Er zu Hrn Haust
1007 1702 1963 1821 nann von Goumoens in holländischen diensteil
995 1758 2030 1874 als ein Knecht für 3 Jahrlang gedinget der Ihme
991 1810 2015 1933 aber nit gehalten sonderen Ihne zum Soldaten ge¬
991 1877 1972 1980 macht und nachdeme Er Ihme bey Vierthalb Jahren
988 1918 1969 2038 gedienet und seinen Abscheid nit bekommen mögen
981 1965 1998 2093 seye Er ohne abscheid dar von gangen und Vor ohn¬
994 2017 2016 2164 gefahrt Einem Jahr Widrumb ins Land zu seinem
988 2091 2016 2238 Vatterkommen, seithero habe Er demselben geholfen
981 2132 1478 2242 Metgen und gewurchene
2172 974 2267 1075 H.
2199 1184 2265 1306 d
2149 1347 2257 1452 E.
2180 1517 2239 1633 A
2170 1770 2246 1917 2.
2171 1956 2223 2072 E.
2288 980 3337 1099 Ob dann sein Vatter Ihne das Metzgerhandt
2291 1072 3292 1140 gelehrt, und auch mit geführt, wann Er all
2283 1110 3148 1211 Wegen seye Hangen gen Reich kaufen
2293 1191 3289 1295 Ja Er habe Ihn das Handtwerck gelehrt vnd
2284 1254 3174 1357 oft mit Ihme geführt gan Reichkaußen
2288 1347 3325 1475 Ob Er Ihne auch glehrt stehlen vnd den Leutzen
2285 1431 2631 1526 eich entwenden
2288 1507 3327 1620 lein, sein Vatter habe Ihn solches nit gelehrt
2268 1590 3286 1690 sonder der Böse geist hab Ihmssolches in Sinn
2265 1654 3304 1753 geben allein ins künftig wolle Er sich gebühr¬
2255 1699 2914 1807 lich und Wesenlich einstellen.
2276 1810 3277 1915 Vari und zu Welcher Zeit Er angefangen
2257 1886 2473 1980 stählen?
2264 1957 3331 2086 Als Er wider heimbkomen, habe Er sich anfangs
2254 2047 3313 2158 Ehrlich verhalten, und dem Vatter gholften mizge¬
2240 2101 3262 2214 Da nun der Vatter offt mahlen fleisch zum
2246 2163 3290 2268 Nennthauß getragen und das Geldt mit dem
2242 2221 3292 2316 Meyger daselbsten vertruncken, habe es Ihn Ver¬
3083 2310 3244 2384 Großen
