<?xml version="1.0" encoding="UTF-8" standalone="yes"?>
<PcGts xmlns="http://schema.primaresearch.org/PAGE/gts/pagecontent/2013-07-15" xmlns:xsi="http://www.w3.org/2001/XMLSchema-instance" xsi:schemaLocation="http://schema.primaresearch.org/PAGE/gts/pagecontent/2013-07-15 http://schema.primaresearch.org/PAGE/gts/pagecontent/2013-07-15/pagecontent.xsd">
    <Metadata>
        <Creator>prov=University of Rostock/Institute of Mathematics/CITlab|PLANET AI GmbH/Gundram Leifert/gundram.leifert@planet-ai.de:name=Transkribus German Kurrent M2(htr_id=29820)::::v=2.6.7
prov=University of Rostock/Institute of Mathematics/CITlab|PLANET AI GmbH/Tobias Gruening/tobias.gruening@planet-ai.de:name=de.uros.citlab.module.baseline2polygon.B2PSeamMultiOriented:v=2.6.7
prov=University of Rostock/Institute of Mathematics/CITlab|PLANET AI GmbH/Tobias Gruening/tobias.gruening@planet-ai.de:name=/net_tf/LA73_249_0mod360.pb:de.uros.citlab.segmentation.CITlab_LA_ML:v=2.6.7
Transkribus</Creator>
        <Created>2022-05-02T16:07:27.549+02:00</Created>
        <LastChange>2023-06-16T11:17:18.543+02:00</LastChange>
        <TranskribusMetadata docId="1336518" pageId="52421144" pageNr="59" tsid="127085887" status="IN_PROGRESS" userId="42748" imgUrl="https://files.transkribus.eu/Get?id=YMYYHQSVAERQRRFSMBNJNCKI&amp;fileType=view" xmlUrl="https://files.transkribus.eu/Get?id=CWORVVOTVOSMOAWQECXACKCK" imageId="30694344"/>
    </Metadata>
    <Page imageFilename="IMG_6613.jpg" imageWidth="4032" imageHeight="3024">
        <ReadingOrder>
            <OrderedGroup id="ro_1687513569017" caption="Regions reading order">
                <RegionRefIndexed index="0" regionRef="TextRegion_1686906983306_1884"/>
                <RegionRefIndexed index="1" regionRef="TextRegion_1686906997757_1888"/>
                <RegionRefIndexed index="2" regionRef="TextRegion_1686907025364_1896"/>
                <RegionRefIndexed index="3" regionRef="r6"/>
            </OrderedGroup>
        </ReadingOrder>
        <TextRegion orientation="0.0" type="paragraph" id="TextRegion_1686906983306_1884" custom="readingOrder {index:0;} structure {type:paragraph;}">
            <Coords points="828,1026 836,932 1987,979 1937,2327 911,2327 964,1026"/>
            <TextLine id="r4l1" custom="readingOrder {index:0;}">
                <Coords points="965,1061 1015,1086 1117,1050 1266,1090 1358,1056 1489,1099 1597,1071 1692,1080 1679,1002 1630,999 1577,1035 1460,1000 1319,1032 1236,1000 1175,1037 1087,1006 967,1011"/>
                <Baseline points="972,1055 1007,1055 1043,1053 1079,1053 1114,1053 1150,1053 1186,1053 1221,1053 1257,1053 1293,1055 1329,1055 1364,1056 1400,1057 1436,1059 1471,1060 1507,1062 1543,1063 1578,1065 1614,1068 1650,1071 1686,1073"/>
                <TextEquiv>
                    <Unicode>sich die meiste Zeit aufgehalten?</Unicode>
                </TextEquiv>
            </TextLine>
            <TextLine id="r4l2" custom="readingOrder {index:1;}">
                <Coords points="970,1167 1340,1168 1422,1203 1468,1171 1667,1200 1704,1176 1747,1208 1880,1184 1881,1138 1801,1119 1734,1146 1656,1091 1515,1130 1386,1101 1324,1141 972,1101"/>
                <Baseline points="977,1152 1021,1152 1066,1154 1111,1154 1156,1154 1201,1155 1246,1157 1290,1157 1335,1158 1380,1161 1425,1162 1470,1163 1515,1166 1560,1168 1604,1169 1649,1170 1694,1173 1739,1175 1784,1176 1829,1178 1874,1179"/>
                <TextEquiv>
                    <Unicode>Er habe das Schneyder Handtwerck gelehrnet</Unicode>
                </TextEquiv>
            </TextLine>
            <TextLine id="r4l3" custom="readingOrder {index:2;} place {offset:29; length:4;}">
                <Coords points="962,1222 1646,1225 1825,1264 1926,1251 1928,1195 1846,1215 1709,1177 1657,1207 1453,1176 1421,1202 1342,1167 1287,1191 1091,1164 963,1190"/>
                <Baseline points="969,1205 1016,1205 1064,1206 1111,1206 1159,1208 1206,1209 1254,1210 1301,1211 1349,1214 1396,1215 1444,1217 1492,1218 1539,1221 1587,1223 1634,1224 1682,1226 1729,1227 1777,1229 1824,1230 1872,1231 1920,1232"/>
                <TextEquiv>
                    <Unicode>und sich die Meiste Zeit bey Bern Vmben auff</Unicode>
                </TextEquiv>
            </TextLine>
            <TextLine id="r4l4" custom="readingOrder {index:3;}">
                <Coords points="931,1284 962,1287 1017,1261 1033,1271 1044,1266 1059,1282 1093,1263 1130,1288 1131,1229 1101,1217 1095,1222 1086,1213 1041,1230 1016,1212 999,1227 987,1220 932,1221"/>
                <Baseline points="938,1251 964,1251 991,1251 1017,1251 1044,1251 1070,1251 1097,1253 1124,1254"/>
                <TextEquiv>
                    <Unicode>gehalten</Unicode>
                </TextEquiv>
            </TextLine>
            <TextLine id="r4l5" custom="readingOrder {index:4;}">
                <Coords points="947,1351 1104,1335 1143,1365 1267,1367 1355,1342 1572,1380 1658,1348 1864,1376 1864,1341 1674,1298 1477,1321 1086,1263 948,1303"/>
                <Baseline points="954,1337 999,1337 1044,1337 1089,1338 1134,1338 1179,1340 1224,1340 1270,1341 1315,1342 1360,1343 1405,1344 1450,1344 1495,1346 1540,1347 1586,1349 1631,1350 1676,1350 1721,1352 1766,1353 1811,1354 1857,1355"/>
                <TextEquiv>
                    <Unicode>Seit welcher Zeit Er angefangen anderen</Unicode>
                </TextEquiv>
            </TextLine>
            <TextLine id="r4l6" custom="readingOrder {index:5;}">
                <Coords points="941,1404 1024,1418 1112,1397 1135,1421 1241,1404 1449,1439 1496,1421 1531,1442 1629,1424 1631,1371 1590,1363 1464,1375 1356,1343 1138,1371 1000,1334 943,1361"/>
                <Baseline points="948,1382 981,1382 1015,1382 1049,1383 1083,1384 1116,1385 1150,1387 1184,1388 1218,1389 1251,1391 1285,1392 1319,1395 1353,1397 1386,1398 1420,1400 1454,1402 1488,1403 1521,1405 1555,1406 1589,1407 1623,1407"/>
                <TextEquiv>
                    <Unicode>Leuthen Guht an sich zu ziecen</Unicode>
                </TextEquiv>
            </TextLine>
            <TextLine id="r4l7" custom="readingOrder {index:6;}">
                <Coords points="971,1493 1293,1500 1423,1539 1587,1515 1615,1546 1875,1517 1876,1481 1824,1465 1517,1473 1135,1427 1081,1455 974,1416"/>
                <Baseline points="978,1487 1022,1487 1067,1488 1111,1488 1156,1490 1200,1491 1245,1493 1289,1494 1334,1496 1378,1498 1423,1500 1468,1502 1512,1504 1557,1506 1601,1507 1646,1508 1690,1509 1735,1511 1779,1512 1824,1512 1869,1512"/>
                <TextEquiv>
                    <Unicode>Vor einem halben Jahr seye Er das Erste¬</Unicode>
                </TextEquiv>
            </TextLine>
            <TextLine id="r4l8" custom="readingOrder {index:7;}">
                <Coords points="941,1538 1213,1546 1282,1579 1358,1553 1478,1592 1651,1568 1913,1594 1915,1547 1827,1517 1774,1549 1712,1524 1463,1541 943,1490"/>
                <Baseline points="948,1532 996,1533 1044,1536 1092,1539 1140,1541 1188,1543 1236,1545 1284,1548 1332,1550 1380,1551 1428,1554 1476,1555 1524,1557 1572,1559 1620,1561 1668,1562 1716,1565 1764,1566 1812,1568 1860,1569 1908,1571"/>
                <TextEquiv>
                    <Unicode>mahl mit 3ten Roßen in ungelegenheit kommen,</Unicode>
                </TextEquiv>
            </TextLine>
            <TextLine id="r4l9" custom="readingOrder {index:8;} person {offset:30; length:14;}">
                <Coords points="938,1596 1024,1623 1063,1590 1155,1621 1186,1598 1237,1637 1431,1605 1499,1639 1577,1610 1685,1650 1761,1621 1882,1637 1919,1592 1478,1592 1438,1564 1204,1576 1115,1539 1040,1563 940,1537"/>
                <Baseline points="945,1586 993,1587 1041,1589 1089,1590 1138,1592 1186,1595 1234,1598 1283,1599 1331,1602 1379,1604 1428,1607 1476,1610 1524,1611 1572,1614 1621,1616 1669,1618 1717,1620 1766,1622 1814,1623 1862,1625 1911,1625"/>
                <TextEquiv>
                    <Unicode>Welches sich also zugetragen; Christen Burch</Unicode>
                </TextEquiv>
            </TextLine>
            <TextLine id="r4l10" custom="readingOrder {index:9;} place {offset:4; length:7;}">
                <Coords points="929,1642 1171,1649 1239,1688 1355,1661 1408,1695 1519,1658 1617,1698 1675,1667 1911,1698 1914,1617 1684,1650 1597,1620 1479,1641 1430,1604 1223,1632 1187,1602 931,1597"/>
                <Baseline points="936,1638 984,1640 1032,1641 1081,1643 1129,1646 1178,1648 1226,1649 1275,1653 1323,1655 1372,1656 1420,1659 1468,1661 1517,1664 1565,1665 1614,1667 1662,1668 1711,1670 1759,1671 1808,1673 1856,1673 1905,1673"/>
                <TextEquiv>
                    <Unicode>von Stesfis burg habe Ihme etwas geldts geben</Unicode>
                </TextEquiv>
            </TextLine>
            <TextLine id="r4l11" custom="readingOrder {index:10;}">
                <Coords points="929,1701 1892,1742 1893,1696 1849,1682 1799,1706 1675,1667 1619,1700 1475,1665 1411,1694 1339,1661 1257,1687 1166,1650 931,1649"/>
                <Baseline points="936,1692 983,1694 1031,1696 1078,1697 1126,1698 1173,1700 1221,1701 1268,1704 1316,1705 1363,1706 1411,1709 1458,1710 1506,1712 1553,1713 1601,1715 1648,1717 1696,1719 1743,1721 1791,1723 1838,1725 1886,1728"/>
                <TextEquiv>
                    <Unicode>daß Er Zeug für drey Kindenrocklin kauffen</Unicode>
                </TextEquiv>
            </TextLine>
            <TextLine id="r4l12" custom="readingOrder {index:11;}">
                <Coords points="932,1760 1045,1777 1141,1749 1488,1796 1536,1765 1628,1802 1862,1781 1834,1739 1632,1714 1175,1733 934,1698"/>
                <Baseline points="938,1746 983,1746 1029,1748 1075,1748 1121,1749 1167,1749 1213,1751 1259,1752 1305,1754 1351,1756 1397,1758 1442,1760 1488,1761 1534,1763 1580,1764 1626,1767 1672,1769 1718,1770 1764,1772 1810,1773 1856,1773"/>
                <TextEquiv>
                    <Unicode>und Ihme machen solle, derselbe seye den Ver¬</Unicode>
                </TextEquiv>
            </TextLine>
            <TextLine id="r4l13" custom="readingOrder {index:12;}">
                <Coords points="941,1800 1932,1843 1933,1806 1858,1775 1627,1801 1554,1773 1467,1796 942,1755"/>
                <Baseline points="947,1794 998,1795 1050,1796 1101,1797 1153,1797 1204,1799 1256,1802 1307,1803 1359,1805 1410,1807 1462,1809 1513,1811 1565,1814 1616,1815 1668,1817 1719,1818 1771,1820 1822,1821 1874,1823 1926,1823"/>
                <TextEquiv>
                    <Unicode>richenen Sommer an Einem Abend zu Ihme kommen</Unicode>
                </TextEquiv>
            </TextLine>
            <TextLine id="r4l14" custom="readingOrder {index:13;}">
                <Coords points="928,1849 1320,1869 1383,1899 1885,1905 1869,1832 1666,1851 930,1799"/>
                <Baseline points="935,1845 982,1845 1029,1845 1076,1847 1124,1848 1171,1848 1218,1851 1265,1853 1313,1854 1360,1857 1407,1859 1454,1861 1502,1863 1549,1866 1596,1868 1643,1869 1691,1871 1738,1872 1785,1872 1832,1872 1880,1872"/>
                <TextEquiv>
                    <Unicode>und gesaget, Er solle gegen Zeihen ihren nachts</Unicode>
                </TextEquiv>
            </TextLine>
            <TextLine id="r4l15" custom="readingOrder {index:14;}">
                <Coords points="923,1897 1200,1904 1259,1940 1381,1914 1823,1939 1863,1911 1253,1884 1174,1854 1056,1872 1012,1842 924,1861"/>
                <Baseline points="929,1896 975,1896 1021,1895 1068,1896 1114,1896 1160,1898 1207,1900 1253,1902 1299,1905 1346,1907 1392,1910 1438,1912 1485,1915 1531,1918 1577,1920 1624,1922 1670,1924 1716,1925 1763,1926 1809,1926 1856,1926"/>
                <TextEquiv>
                    <Unicode>auffs Breitfeld zur Kinden gehen, und Ihme</Unicode>
                </TextEquiv>
            </TextLine>
            <TextLine id="r4l16" custom="readingOrder {index:15;}">
                <Coords points="923,1957 1901,1994 1903,1948 1814,1931 1759,1957 1557,1923 925,1912"/>
                <Baseline points="930,1944 978,1944 1026,1944 1074,1944 1123,1946 1171,1947 1219,1950 1268,1952 1316,1955 1364,1957 1413,1961 1461,1962 1509,1966 1557,1968 1606,1971 1654,1973 1702,1975 1751,1977 1799,1977 1847,1979 1896,1979"/>
                <TextEquiv>
                    <Unicode>daselbsten wahrten, Er habe etwelche stück Veich</Unicode>
                </TextEquiv>
            </TextLine>
            <TextLine id="r4l17" custom="readingOrder {index:16;} person {offset:41; length:8;}">
                <Coords points="927,2004 1101,1998 1139,2025 1215,1999 1312,2035 1348,2005 1494,2001 1833,2063 1884,2052 1887,1982 1674,2005 1549,1966 1398,1987 1265,1958 1204,1978 1165,1948 929,1956"/>
                <Baseline points="933,1995 980,1994 1027,1994 1074,1994 1122,1994 1169,1995 1216,1996 1263,1998 1311,2000 1358,2003 1405,2005 1452,2008 1500,2010 1547,2013 1594,2016 1641,2019 1689,2021 1736,2024 1783,2025 1830,2027 1878,2027"/>
                <TextEquiv>
                    <Unicode>die Er dorthin bringen wolle; Vnd als Er Stausfer</Unicode>
                </TextEquiv>
            </TextLine>
            <TextLine id="r4l18" custom="readingOrder {index:17;} person {offset:31; length:14;}">
                <Coords points="912,2073 1192,2056 1530,2072 1589,2111 1730,2082 1892,2103 1895,2042 1816,2062 1619,2022 1565,2053 1357,2007 1128,2029 916,1999"/>
                <Baseline points="920,2046 968,2046 1016,2045 1065,2045 1113,2046 1161,2048 1210,2049 1258,2051 1306,2053 1355,2057 1403,2060 1451,2062 1500,2065 1548,2067 1596,2072 1645,2073 1693,2076 1741,2078 1790,2081 1838,2082 1887,2082"/>
                <TextEquiv>
                    <Unicode>daselbsten gewahrtet, seye der Christen Burck</Unicode>
                </TextEquiv>
            </TextLine>
            <TextLine id="r4l19" custom="readingOrder {index:18;} person {offset:4; length:11;} place {offset:20; length:11;}">
                <Coords points="920,2098 1084,2132 1121,2107 1238,2138 1563,2124 1665,2164 1750,2136 1919,2151 1920,2119 1825,2085 1781,2112 1676,2084 1589,2110 1509,2069 1031,2085 990,2053 920,2079"/>
                <Baseline points="926,2097 975,2097 1024,2099 1074,2100 1123,2102 1172,2103 1222,2105 1271,2108 1320,2109 1370,2111 1419,2114 1468,2116 1518,2118 1567,2121 1616,2124 1666,2126 1715,2127 1764,2130 1814,2132 1863,2135 1913,2136"/>
                <TextEquiv>
                    <Unicode>und Hanns Meyer von Blumenstein mit dreyen</Unicode>
                </TextEquiv>
            </TextLine>
            <TextLine id="r4l20" custom="readingOrder {index:19;}">
                <Coords points="904,2176 1069,2160 1107,2199 1153,2165 1345,2163 1527,2214 1697,2191 1727,2221 1944,2186 1922,2143 1666,2164 1565,2125 1351,2151 906,2120"/>
                <Baseline points="911,2157 962,2156 1013,2156 1064,2156 1116,2157 1167,2159 1218,2160 1270,2163 1321,2166 1372,2169 1424,2172 1475,2175 1526,2177 1577,2180 1629,2182 1680,2184 1731,2186 1783,2187 1834,2187 1885,2187 1937,2186"/>
                <TextEquiv>
                    <Unicode>Roßen daher komen, die Sin Ihme übergeben und</Unicode>
                </TextEquiv>
            </TextLine>
            <TextLine id="r4l21" custom="readingOrder {index:20;}">
                <Coords points="913,2216 1600,2264 1660,2238 1797,2284 1913,2257 1888,2193 1729,2223 1606,2184 1559,2217 1465,2183 1350,2203 1292,2169 915,2173"/>
                <Baseline points="920,2210 969,2210 1018,2210 1068,2210 1117,2210 1166,2211 1216,2213 1265,2216 1314,2217 1364,2220 1413,2223 1462,2225 1512,2228 1561,2231 1610,2234 1660,2236 1709,2238 1758,2240 1808,2243 1857,2244 1907,2244"/>
                <TextEquiv>
                    <Unicode>begehrt, daß Er selbige umb den Lohn wolle helffen</Unicode>
                </TextEquiv>
            </TextLine>
            <TextLine id="r4l22" custom="readingOrder {index:21;}">
                <Coords points="1712,2335 1721,2336 1732,2348 1750,2351 1777,2346 1793,2334 1817,2340 1818,2285 1804,2281 1799,2285 1768,2285 1758,2276 1741,2274 1735,2281 1726,2275 1713,2278"/>
                <Baseline points="1719,2312 1750,2313 1781,2312 1812,2315"/>
                <TextEquiv>
                    <Unicode>nach</Unicode>
                </TextEquiv>
            </TextLine>
            <TextLine id="r1l1" custom="readingOrder {index:22;}">
                <Coords points="873,1036 882,1034 888,1037 892,1034 900,1034 900,940 891,940 882,931 873,931"/>
                <Baseline points="879,1001 894,1001"/>
                <TextEquiv>
                    <Unicode>01</Unicode>
                </TextEquiv>
            </TextLine>
            <TextEquiv>
                <Unicode>sich die meiste Zeit aufgehalten?
Er habe das Schneyder Handtwerck gelehrnet
und sich die Meiste Zeit bey Bern Vmben auff
gehalten
Seit welcher Zeit Er angefangen anderen
Leuthen Guht an sich zu ziecen
Vor einem halben Jahr seye Er das Erste¬
mahl mit 3ten Roßen in ungelegenheit kommen,
Welches sich also zugetragen; Christen Burch
von Stesfis burg habe Ihme etwas geldts geben
daß Er Zeug für drey Kindenrocklin kauffen
und Ihme machen solle, derselbe seye den Ver¬
richenen Sommer an Einem Abend zu Ihme kommen
und gesaget, Er solle gegen Zeihen ihren nachts
auffs Breitfeld zur Kinden gehen, und Ihme
daselbsten wahrten, Er habe etwelche stück Veich
die Er dorthin bringen wolle; Vnd als Er Stausfer
daselbsten gewahrtet, seye der Christen Burck
und Hanns Meyer von Blumenstein mit dreyen
Roßen daher komen, die Sin Ihme übergeben und
begehrt, daß Er selbige umb den Lohn wolle helffen
nach
01</Unicode>
            </TextEquiv>
        </TextRegion>
        <TextRegion orientation="0.0" type="marginalia" id="TextRegion_1686906997757_1888" custom="readingOrder {index:1;} structure {type:marginalia;}">
            <Coords points="856,1067 962,1077 948,1535 860,1543"/>
            <TextLine id="r2l1" custom="readingOrder {index:0;}">
                <Coords points="896,1182 905,1181 914,1174 923,1175 926,1172 936,1173 945,1170 934,1102 910,1105 894,1116 891,1113 885,1115"/>
                <Baseline points="900,1164 936,1158"/>
                <TextEquiv>
                    <Unicode>H.</Unicode>
                </TextEquiv>
            </TextLine>
            <TextLine id="r2l2" custom="readingOrder {index:1;}">
                <Coords points="887,1370 895,1370 904,1374 917,1365 928,1365 937,1281 929,1280 923,1274 917,1277 913,1271 899,1267"/>
                <Baseline points="897,1343 924,1346"/>
                <TextEquiv>
                    <Unicode>2</Unicode>
                </TextEquiv>
            </TextLine>
            <TextLine id="r3l1" custom="readingOrder {index:2;}">
                <Coords points="907,1507 916,1508 919,1504 926,1506 927,1504 937,1502 931,1423 923,1423 917,1426 909,1420 900,1422"/>
                <Baseline points="912,1497 930,1496"/>
                <TextEquiv>
                    <Unicode>E</Unicode>
                </TextEquiv>
            </TextLine>
            <TextEquiv>
                <Unicode>H.
2
E</Unicode>
            </TextEquiv>
        </TextRegion>
        <TextRegion orientation="0.0" type="paragraph" id="TextRegion_1686907025364_1896" custom="readingOrder {index:2;}">
            <Coords points="2022,1128 2022,987 3226,991 3209,2428 2138,2428 2166,1109"/>
            <TextLine id="r7l1" custom="readingOrder {index:0;} place {offset:5; length:10;} place {offset:18; length:14;}">
                <Coords points="2179,1114 3216,1116 3216,1086 3121,1047 2922,1067 2753,1029 2604,1076 2452,1027 2264,1066 2179,1032"/>
                <Baseline points="2186,1100 2237,1100 2288,1100 2339,1099 2390,1098 2441,1098 2492,1098 2544,1097 2595,1097 2646,1097 2697,1097 2748,1097 2799,1097 2850,1097 2902,1098 2953,1100 3004,1101 3055,1102 3106,1104 3157,1106 3209,1109"/>
                <TextEquiv>
                    <Unicode>nach Neuwenburg a La saigne Berg führen</Unicode>
                </TextEquiv>
            </TextLine>
            <TextLine id="r7l2" custom="readingOrder {index:1;}">
                <Coords points="2159,1173 2315,1186 2400,1155 2547,1190 2771,1144 3180,1183 3180,1134 2927,1098 2847,1129 2549,1098 2159,1122"/>
                <Baseline points="2165,1161 2215,1159 2265,1157 2316,1154 2366,1152 2417,1152 2467,1151 2517,1149 2568,1149 2618,1149 2669,1149 2719,1149 2769,1151 2820,1151 2870,1152 2921,1152 2971,1154 3021,1154 3072,1155 3122,1157 3173,1157"/>
                <TextEquiv>
                    <Unicode>Dieses habe Er gethan und die Pferdt biß nach</Unicode>
                </TextEquiv>
            </TextLine>
            <TextLine id="r7l3" custom="readingOrder {index:2;} place {offset:0; length:5;}">
                <Coords points="2180,1225 2687,1236 2724,1211 2855,1245 2976,1203 3086,1243 3176,1226 3176,1185 2910,1157 2807,1184 2754,1155 2544,1190 2483,1157 2451,1182 2400,1155 2362,1190 2276,1159 2179,1177"/>
                <Baseline points="2186,1209 2235,1208 2284,1208 2333,1208 2382,1206 2432,1206 2481,1206 2530,1206 2579,1206 2628,1206 2678,1206 2727,1206 2776,1206 2825,1206 2874,1206 2924,1206 2973,1206 3022,1205 3071,1205 3120,1205 3170,1203"/>
                <TextEquiv>
                    <Unicode>Locle geführt, für seinen Lohn habend Sie Ihme</Unicode>
                </TextEquiv>
            </TextLine>
            <TextLine id="r7l4" custom="readingOrder {index:3;}">
                <Coords points="2169,1290 2289,1301 2340,1278 2397,1298 2483,1280 2530,1296 2602,1259 2679,1273 2679,1238 2635,1212 2579,1236 2507,1213 2445,1237 2366,1219 2308,1233 2285,1212 2247,1231 2169,1224"/>
                <Baseline points="2175,1262 2201,1262 2227,1262 2253,1262 2279,1262 2306,1262 2332,1262 2358,1262 2384,1262 2410,1262 2437,1262 2463,1262 2489,1262 2515,1262 2541,1260 2568,1260 2594,1259 2620,1259 2646,1257 2673,1256"/>
                <TextEquiv>
                    <Unicode>Das Tags 10: b. geben</Unicode>
                </TextEquiv>
            </TextLine>
            <TextLine id="r7l5" custom="readingOrder {index:4;}">
                <Coords points="2180,1373 2469,1349 2537,1381 2567,1351 2783,1346 2875,1381 2944,1345 3070,1382 3195,1343 3194,1303 3135,1286 2966,1318 2901,1292 2548,1322 2443,1284 2179,1309"/>
                <Baseline points="2187,1359 2237,1356 2287,1355 2337,1353 2387,1352 2437,1352 2487,1350 2537,1350 2587,1349 2637,1349 2687,1349 2737,1349 2787,1347 2837,1347 2887,1347 2937,1347 2987,1347 3037,1346 3087,1346 3137,1344 3188,1343"/>
                <TextEquiv>
                    <Unicode>Ob Er nit damahlen als dies oß entführt</Unicode>
                </TextEquiv>
            </TextLine>
            <TextLine id="r7l6" custom="readingOrder {index:5;} place {offset:19; length:12;}">
                <Coords points="2182,1430 2265,1399 2513,1429 2671,1403 3095,1424 3094,1344 2971,1383 2785,1346 2706,1373 2466,1382 2391,1349 2182,1373"/>
                <Baseline points="2189,1404 2234,1403 2279,1401 2324,1401 2369,1400 2414,1400 2459,1398 2504,1398 2549,1397 2594,1397 2639,1397 2684,1395 2729,1395 2774,1395 2819,1395 2864,1395 2909,1397 2954,1397 2999,1398 3044,1398 3089,1400"/>
                <TextEquiv>
                    <Unicode>worden, draußen zu Allmendingen gsin</Unicode>
                </TextEquiv>
            </TextLine>
            <TextLine id="r7l7" custom="readingOrder {index:6;}">
                <Coords points="2189,1504 2212,1496 2220,1503 2234,1499 2246,1506 2259,1497 2282,1493 2300,1506 2312,1501 2335,1507 2334,1458 2298,1446 2283,1447 2271,1439 2266,1445 2233,1425 2214,1436 2186,1425"/>
                <Baseline points="2195,1490 2221,1491 2248,1490 2274,1488 2301,1487 2328,1488"/>
                <TextEquiv>
                    <Unicode>Nein</Unicode>
                </TextEquiv>
            </TextLine>
            <TextLine id="r7l8" custom="readingOrder {index:7;}">
                <Coords points="2182,1599 2784,1615 3056,1566 3153,1581 3141,1542 3029,1514 2969,1546 2895,1501 2823,1534 2661,1513 2544,1566 2180,1525"/>
                <Baseline points="2189,1590 2236,1589 2284,1587 2332,1586 2380,1584 2428,1584 2476,1583 2523,1581 2571,1581 2619,1580 2667,1580 2715,1578 2763,1577 2811,1577 2858,1575 2906,1574 2954,1572 3002,1571 3050,1569 3098,1568 3146,1565"/>
                <TextEquiv>
                    <Unicode>Ob Er nit gewußt daß diese Pferdt den</Unicode>
                </TextEquiv>
            </TextLine>
            <TextLine id="r7l9" custom="readingOrder {index:8;} place {offset:11; length:12;}">
                <Coords points="2168,1666 3186,1656 3184,1592 3139,1582 3069,1614 2954,1585 2728,1626 2479,1601 2268,1630 2167,1597"/>
                <Baseline points="2174,1653 2224,1652 2274,1650 2324,1649 2375,1647 2425,1647 2475,1646 2525,1646 2576,1644 2626,1644 2676,1643 2726,1643 2777,1642 2827,1641 2877,1641 2927,1640 2978,1638 3028,1638 3078,1637 3128,1635 3179,1632"/>
                <TextEquiv>
                    <Unicode>Baniren zu Allmendingen zustendig seyen.</Unicode>
                </TextEquiv>
            </TextLine>
            <TextLine id="r7l10" custom="readingOrder {index:9;}">
                <Coords points="3102,1724 3117,1725 3121,1726 3127,1732 3139,1733 3139,1671 3131,1671 3127,1675 3118,1677 3113,1676 3108,1671 3102,1671"/>
                <Baseline points="3108,1721 3132,1721"/>
                <TextEquiv>
                    <Unicode></Unicode>
                </TextEquiv>
            </TextLine>
            <TextLine id="r7l11" custom="readingOrder {index:10;}">
                <Coords points="2166,1770 2256,1747 2428,1768 2512,1731 2624,1757 2715,1727 2778,1755 2868,1728 3056,1754 3100,1739 3100,1701 2833,1673 2738,1705 2593,1683 2390,1709 2321,1673 2165,1701"/>
                <Baseline points="2172,1734 2218,1734 2264,1733 2310,1733 2356,1733 2402,1731 2448,1731 2494,1730 2540,1730 2586,1728 2632,1728 2678,1727 2724,1727 2770,1725 2816,1725 2862,1725 2908,1724 2954,1724 3000,1724 3046,1724 3093,1724"/>
                <TextEquiv>
                    <Unicode>Er habe solches nit ehr gewußt als biß Er</Unicode>
                </TextEquiv>
            </TextLine>
            <TextLine id="r7l12" custom="readingOrder {index:11;} place {offset:6; length:16;}">
                <Coords points="2163,1808 2565,1781 2684,1817 2852,1784 2923,1817 3166,1794 3182,1755 2710,1728 2417,1774 2162,1768"/>
                <Baseline points="2169,1794 2219,1794 2269,1793 2320,1791 2370,1791 2420,1790 2471,1789 2521,1788 2571,1788 2622,1787 2672,1787 2722,1787 2773,1785 2823,1785 2873,1785 2924,1785 2974,1785 3024,1784 3075,1784 3125,1784 3176,1784"/>
                <TextEquiv>
                    <Unicode>inßem Neuwenburgischen Wider heimbkommen</Unicode>
                </TextEquiv>
            </TextLine>
            <TextLine id="r7l13" custom="readingOrder {index:12;}">
                <Coords points="2132,1885 2555,1839 2717,1867 3167,1844 3142,1787 2923,1818 2856,1785 2652,1816 2564,1780 2131,1815"/>
                <Baseline points="2138,1851 2189,1850 2240,1847 2291,1845 2342,1844 2393,1842 2444,1841 2496,1841 2547,1839 2598,1839 2649,1838 2700,1838 2751,1838 2802,1837 2854,1836 2905,1836 2956,1835 3007,1833 3058,1832 3109,1830 3161,1829"/>
                <TextEquiv>
                    <Unicode>Da habe Ihm sein Ratter gesagt, daß diese Roß</Unicode>
                </TextEquiv>
            </TextLine>
            <TextLine id="r7l14" custom="readingOrder {index:13;} place {offset:17; length:12;}">
                <Coords points="2165,1898 2383,1927 2435,1901 2502,1931 2620,1891 2784,1922 3141,1910 3140,1859 3083,1842 2901,1874 2645,1839 2399,1879 2165,1866"/>
                <Baseline points="2172,1899 2220,1898 2268,1896 2316,1896 2364,1895 2412,1895 2460,1893 2508,1893 2556,1892 2604,1892 2653,1891 2701,1890 2749,1889 2797,1889 2845,1888 2893,1887 2941,1886 2989,1884 3037,1883 3085,1882 3134,1880"/>
                <TextEquiv>
                    <Unicode>denen bauwren zu Allmendingen genommen</Unicode>
                </TextEquiv>
            </TextLine>
            <TextLine id="r7l15" custom="readingOrder {index:14;}">
                <Coords points="2160,1968 2183,1968 2196,1954 2214,1951 2255,1955 2261,1950 2281,1963 2287,1958 2299,1963 2323,1954 2321,1915 2305,1917 2289,1908 2273,1917 2244,1903 2197,1904 2180,1895 2156,1902"/>
                <Baseline points="2166,1956 2191,1951 2216,1949 2241,1947 2266,1946 2291,1946 2316,1947"/>
                <TextEquiv>
                    <Unicode>worden</Unicode>
                </TextEquiv>
            </TextLine>
            <TextLine id="r7l16" custom="readingOrder {index:15;}">
                <Coords points="2156,2035 2676,2026 2877,2059 3201,2018 3200,1979 3130,1971 2916,1995 2507,1954 2404,1994 2156,1985"/>
                <Baseline points="2162,2034 2213,2031 2265,2028 2316,2027 2368,2025 2420,2024 2471,2024 2523,2024 2574,2022 2626,2022 2678,2022 2729,2022 2781,2022 2832,2022 2884,2022 2936,2022 2987,2022 3039,2021 3090,2019 3142,2018 3194,2015"/>
                <TextEquiv>
                    <Unicode>Ob sein Vatter etwas dar von gewußt, als diese</Unicode>
                </TextEquiv>
            </TextLine>
            <TextLine id="r7l17" custom="readingOrder {index:16;}">
                <Coords points="2148,2108 2583,2110 2582,2058 2550,2058 2496,2028 2400,2046 2378,2032 2351,2053 2260,2031 2219,2056 2185,2032 2147,2046"/>
                <Baseline points="2154,2085 2180,2083 2206,2080 2233,2078 2259,2076 2285,2075 2312,2073 2338,2073 2365,2073 2391,2073 2417,2073 2444,2073 2470,2073 2496,2073 2523,2073 2549,2073 2576,2072"/>
                <TextEquiv>
                    <Unicode>Roß hinwegkommen.</Unicode>
                </TextEquiv>
            </TextLine>
            <TextLine id="r7l18" custom="readingOrder {index:17;}">
                <Coords points="2162,2207 2262,2176 2696,2210 3147,2182 3146,2134 3014,2109 2884,2158 2553,2115 2161,2121"/>
                <Baseline points="2168,2175 2216,2175 2265,2176 2313,2177 2362,2177 2411,2177 2459,2177 2508,2177 2556,2177 2605,2177 2654,2175 2702,2175 2751,2175 2799,2174 2848,2172 2897,2171 2945,2169 2994,2168 3042,2166 3091,2164 3140,2162"/>
                <TextEquiv>
                    <Unicode>Eir habe solches erst vernommen, nachdeme Sie</Unicode>
                </TextEquiv>
            </TextLine>
            <TextLine id="r7l19" custom="readingOrder {index:18;}">
                <Coords points="2153,2235 2254,2257 2295,2237 2340,2252 2389,2226 2430,2254 2521,2245 2520,2192 2495,2207 2439,2188 2417,2205 2334,2176 2303,2188 2263,2177 2247,2190 2235,2180 2190,2214 2153,2209"/>
                <Baseline points="2159,2228 2184,2229 2209,2229 2235,2229 2260,2228 2285,2228 2311,2228 2336,2226 2361,2226 2387,2226 2412,2225 2437,2225 2463,2225 2488,2225 2514,2226"/>
                <TextEquiv>
                    <Unicode>entfuhrt gewesen</Unicode>
                </TextEquiv>
            </TextLine>
            <TextLine id="r7l20" custom="readingOrder {index:19;} place {offset:7; length:7;}">
                <Coords points="2179,2324 2390,2345 2605,2317 2661,2350 2714,2324 2758,2346 3123,2325 3123,2281 2850,2250 2756,2285 2643,2262 2595,2286 2532,2244 2344,2286 2179,2267"/>
                <Baseline points="2186,2315 2232,2313 2279,2312 2325,2312 2372,2312 2418,2312 2465,2312 2511,2313 2558,2313 2604,2315 2651,2315 2697,2316 2744,2316 2790,2316 2837,2316 2883,2315 2930,2315 2976,2313 3023,2311 3069,2307 3116,2304"/>
                <TextEquiv>
                    <Unicode>Waß zu Signauw vorgangen, und Waß Er¬</Unicode>
                </TextEquiv>
            </TextLine>
            <TextLine id="r7l21" custom="readingOrder {index:20;}">
                <Coords points="2151,2371 2175,2359 2238,2388 2275,2365 2337,2388 2361,2373 2431,2397 2485,2384 2520,2396 2552,2377 2622,2383 2622,2324 2571,2325 2552,2344 2505,2318 2462,2334 2437,2323 2414,2341 2351,2330 2298,2344 2257,2316 2229,2338 2187,2323 2151,2344"/>
                <Baseline points="2157,2367 2182,2365 2208,2363 2233,2362 2259,2361 2284,2360 2310,2360 2335,2360 2361,2360 2386,2360 2412,2360 2437,2360 2463,2360 2488,2360 2514,2360 2539,2360 2565,2360 2590,2359 2616,2358"/>
                <TextEquiv>
                    <Unicode>dorthen gemacht habe?</Unicode>
                </TextEquiv>
            </TextLine>
            <TextLine id="r7l22" custom="readingOrder {index:21;}">
                <Coords points="2957,2430 2978,2430 2993,2443 3040,2443 3036,2344 3011,2336 3004,2343 2989,2343 2971,2360 2964,2355 2954,2355"/>
                <Baseline points="2963,2414 2997,2414 3032,2411"/>
                <TextEquiv>
                    <Unicode>H.</Unicode>
                </TextEquiv>
            </TextLine>
            <TextLine id="r5l1" custom="readingOrder {index:22;}">
                <Coords points="2051,1095 2060,1092 2063,1096 2074,1098 2087,1094 2094,1086 2105,1090 2123,1076 2136,1078 2136,1024 2123,1024 2118,1020 2098,1028 2061,999 2051,997"/>
                <Baseline points="2057,1062 2093,1059 2129,1062"/>
                <TextEquiv>
                    <Unicode>105</Unicode>
                </TextEquiv>
            </TextLine>
            <TextEquiv>
                <Unicode>nach Neuwenburg a La saigne Berg führen
Dieses habe Er gethan und die Pferdt biß nach
Locle geführt, für seinen Lohn habend Sie Ihme
Das Tags 10: b. geben
Ob Er nit damahlen als dies oß entführt
worden, draußen zu Allmendingen gsin
Nein
Ob Er nit gewußt daß diese Pferdt den
Baniren zu Allmendingen zustendig seyen.

Er habe solches nit ehr gewußt als biß Er
inßem Neuwenburgischen Wider heimbkommen
Da habe Ihm sein Ratter gesagt, daß diese Roß
denen bauwren zu Allmendingen genommen
worden
Ob sein Vatter etwas dar von gewußt, als diese
Roß hinwegkommen.
Eir habe solches erst vernommen, nachdeme Sie
entfuhrt gewesen
Waß zu Signauw vorgangen, und Waß Er¬
dorthen gemacht habe?
H.
105</Unicode>
            </TextEquiv>
        </TextRegion>
        <TextRegion orientation="0.0" type="marginalia" id="r6" custom="readingOrder {index:3;} structure {type:marginalia;}">
            <Coords points="2060,1265 2054,2358 2153,2362 2159,1269"/>
            <TextLine id="r6l1" custom="readingOrder {index:0;}">
                <Coords points="2088,1509 2095,1509 2114,1521 2120,1517 2128,1521 2149,1519 2156,1420 2145,1421 2121,1442 2113,1442 2101,1449 2092,1446"/>
                <Baseline points="2096,1491 2144,1494"/>
                <TextEquiv>
                    <Unicode>H</Unicode>
                </TextEquiv>
            </TextLine>
            <TextLine id="r6l2" custom="readingOrder {index:1;}">
                <Coords points="2086,1600 2097,1602 2103,1608 2108,1606 2119,1617 2131,1612 2136,1616 2140,1612 2158,1614 2163,1520 2128,1521 2120,1517 2115,1522 2106,1516 2102,1520 2090,1520"/>
                <Baseline points="2093,1593 2123,1596 2153,1596"/>
                <TextEquiv>
                    <Unicode>D.</Unicode>
                </TextEquiv>
            </TextLine>
            <TextLine id="r6l3" custom="readingOrder {index:2;}">
                <Coords points="2084,1770 2098,1770 2105,1775 2116,1773 2119,1776 2129,1776 2140,1666 2130,1663 2121,1665 2113,1661 2104,1663 2095,1659"/>
                <Baseline points="2094,1737 2126,1740"/>
                <TextEquiv>
                    <Unicode>d</Unicode>
                </TextEquiv>
            </TextLine>
            <TextLine id="r6l4" custom="readingOrder {index:3;}">
                <Coords points="2084,2063 2100,2068 2121,2057 2129,2065 2142,2066 2149,1973 2142,1973 2135,1965 2130,1967 2124,1962 2112,1965 2107,1961 2091,1961"/>
                <Baseline points="2093,2037 2138,2040"/>
                <TextEquiv>
                    <Unicode>B</Unicode>
                </TextEquiv>
            </TextLine>
            <TextLine id="r6l5" custom="readingOrder {index:4;}">
                <Coords points="2079,2197 2090,2199 2091,2197 2103,2209 2107,2210 2115,2204 2118,2209 2124,2210 2141,2117 2130,2117 2125,2114 2119,2117 2116,2113 2101,2119 2094,2118"/>
                <Baseline points="2090,2172 2123,2178"/>
                <TextEquiv>
                    <Unicode>H.</Unicode>
                </TextEquiv>
            </TextLine>
            <TextLine id="r6l6" custom="readingOrder {index:5;}">
                <Coords points="2093,2360 2105,2358 2114,2360 2125,2351 2129,2355 2137,2354 2137,2284 2128,2284 2123,2280 2119,2284 2114,2283 2111,2286 2103,2279 2093,2279"/>
                <Baseline points="2100,2331 2130,2331"/>
                <TextEquiv>
                    <Unicode>E</Unicode>
                </TextEquiv>
            </TextLine>
            <TextEquiv>
                <Unicode>H
D.
d
B
H.
E</Unicode>
            </TextEquiv>
        </TextRegion>
    </Page>
</PcGts>
