4032 3024
910 1579 994 1697 D
929 1793 983 1875 R.
944 1892 1000 2007 E.
998 908 2044 1053 droßen, derowegen als selbiger Metzger einen
1001 997 2018 1103 Stier geschlachtet, Sie Er nachts hinab gangen
1010 1064 2003 1161 und eine Spahlen sambt der Zaut und etwas
997 1130 2015 1223 nieren feißte (: so zusamen 53. Rb. gewogen;
1011 1166 2038 1280 uß dem Stier Gehauwen, solches heimb getra
1010 1234 2021 1334 gen und in einer Beundten ins Wurch versteckt;
995 1291 2005 1388 Es seyen aber die Leuth des Morgends nachen
1726 1357 1830 1403 selbigen
1007 1342 1970 1447 komen das fleisch gefunden, und solches wider
994 1407 2009 1506 genomen, da nun sein Vatter solches erfahren
1002 1463 1991 1568 habe Er Ihne nit mehr bey sich dulden wollen
992 1522 1904 1630 dero wegen Er sich darvon machen mußen
1018 1607 2023 1721 Ob Er mit, ehe und bevor Er sich letztlich hin weg
997 1672 2027 1777 begeben, einiche Schaaff zu Ittigen und habstetten
993 1723 1234 1818 entwendet
1007 1784 2027 1908 Nein Er habe. Niemandt einiches Schaofent
1006 1849 1146 1919 kendt.
1001 1915 2039 2035 Ober nit vor etwas Zeits bey Neßelbanck durch
1001 1974 1937 2091 des nachts ein Schaaf auff dem halb und die
995 2015 1750 2136 .S. h. Schue in den Händen getragen
994 2084 1989 2261 Nein. Er haben niemahlen bey Veßelbanck durch,
989 2179 1921 2312 einiches Schaaf weder tags noch nachts getragen.
2195 1074 2239 1127 2
2152 1504 2288 1674 E.
2148 1829 2229 1939 H
2045 2251 2096 2303 4
2061 2273 2254 2354 Maritleuth
2066 2326 2266 2406 von Erleubach
2268 985 3302 1121 Alß nun hierüber Ihme Hoosfer Erastlich zu
2298 1074 3311 1182 gesprochen und vorgehalten worden, daß Hage¬
2303 1138 3283 1240 wuße Leuth Ihme nachgelossen also daß
2270 1201 3322 1302 Er das Schaaf und die Schne dafinden gelaßen
2264 1261 3276 1358 Ihnen zu entrinnen, so hat Er dennoch
2293 1313 3267 1421 alles gelaugnet, und nit gestehen wollen
2276 1382 3313 1452 daß Ers gewesen, sonderen sagdte, Es möchte
2288 1446 2991 1535 Villeicht sein Bruder gsin seyn.
2294 1547 3262 1667 Ob Er mit Vor etwas Zeits zu Miensingen
2291 1632 3280 1702 dem können wührt daselbsten einer Kuhe
2285 1703 3292 1784 ab der Weydeutwendt und Wie es darmit
2274 1739 2553 1836 hergangen?
2275 1793 3276 1929 Ja, Er habe dei Lönwenetihrt die Kuhe
2284 1893 3296 1971 helffensiemen welches also zegangen Er sey
3157 1934 3278 1990 ets
2285 1940 3291 2040 zu Thun auß der Brugg gestanden, da seye
2282 2006 3270 2106 der Cchristen däntzler zu Ihme komen, vndt
2292 2065 3289 2148 als sie von dannen mit Einanderen auf mun¬
2290 2117 3251 2199 zigen zu gangen, Vnd des Abends da es ange¬
2285 2176 3267 2245 fangen nachten nit weit vom wührts hauß
2281 2229 3289 2300 zum können sich auf einen Banckgesetzt, haben
2297 2277 3258 2364 die gehördt wie die Leutt in selbigem wührts
2292 2336 3219 2422 hauß so ein wurstes geschrei und wesen ver¬
3056 2394 3188 2469 führt
