4032 3024
948 987 1896 1112 Außgestoßen, und etwelche Gluende Kohlen
955 1077 1940 1178 auß das Betthgeleget, welche aber durch Bottes
955 1117 1901 1219 Vorsechung erlöschen, daß nicht weiters als et
953 1173 1913 1263 dann ein plätzlin eines halb batzens groß auf
939 1230 1930 1325 dem dackbett gebrönnt gewesen. Alß nun seine
937 1277 1911 1386 Tochter zwuschen 8. Vnd 9. Uhren ins gemach
939 1337 1899 1428 komen, habe Sie die erloschene kohlen darauf
949 1395 1903 1489 noch ashen gewesen, gefunden und mit großem
932 1450 1864 1547 schracken Ihnen allen gezeigdt denselben
925 1512 1903 1610 Tag durch habend Sie im Grembgardten einen
923 1565 1882 1665 Rauch von einem seiner gesechen und sie ge¬
935 1626 1886 1719 glaubt, wie offt geschicht, daß etwann die bätt
928 1680 1875 1771 ler im holtz feiner gemacht und glaube muße
935 1741 1884 1826 das Anng Waßer die Kohlen von die sem feunbe
927 1793 1644 1888 gereicht und daher getragen haben.
2021 1019 2064 1127 14
2117 1026 3153 1149 Nachdeme nun hierauff MrHhl. Examina
2126 1120 3169 1205 tor mit Zuzeuchung Ihr Hnl. Sieneren Mönthl.
2113 1163 3134 1274 Großweibel und Grichtschreibers Vnderemn 18.
2122 1224 3120 1333 finjus sich widermahlen in die Gefangenschafft
2129 1283 3130 1370 begeben, und gedeutes Ann Waßer über den
2121 1342 3099 1454 von Irn Zollner Rohr gegebenen umbstandt¬
2125 1398 3155 1483 lichen Bericht wegen des eingelegdten Feunder
2124 1467 3036 1575 nidrumb gantz Ernstwöhrtig examiniert.
2108 1520 3114 1656 Ist Selbiges des bey der Neunenbrugg Be¬
2128 1597 3107 1701 gangenen und vormahls bekandten diebstahls
2123 1658 3117 1763 an Betthgetandt nochmahlen gestendig verbli¬
2120 1726 3156 1810 ben, mit beyfuegen daß die große hüngers noht
2117 1782 3108 1897 Ihns darzu getrieben. Des eingelegdten
2123 1826 3130 1951 feines halben aber wolte es anfangs nichts
2125 1881 3144 1996 bekennen, sonderen vorgeben daß andere Leuthe
2123 1954 3107 2069 solches auf Ihns hin gethan haben; Alß aber
2119 2020 3143 2113 Michhl. Examinator Cehme darüber gantz ernst¬
2128 2076 3144 2176 lich zugesprochen und vorgestellt, daß auß allen
2121 2135 3085 2239 Vmbstanden heiter erhalt, daß diese feuwrige
2121 2193 3093 2304 Kohlen durch Ihns auf das Betth gelegdt worden
2125 2250 3127 2362 dann sonsten durch eben dieses pfenster in das ge¬
2950 2315 3052 2404 nach
