4032 3024
844 1321 845 1339 ren als Er von dem Stierlin schon weit hin
839 1401 842 1491 Sohn der Hanns Bucher vnd deßelben Mutter
823 1749 829 1840 Er aber habe gelaugnet selbiget angebunden
812 1803 826 1899 zu haben, sonsten habe Er weiters mit gehordt
811 2140 813 2194 daher komen
797 2259 813 2376 biß Er schon(: wie verdeutet,) weit von dem
787 1058 848 1169 E.
791 1198 857 1332 E.
776 2008 819 2053 E
767 2209 796 2310 E
872 1064 1846 1215 Ob nit, wie Er noch bey dem Stierlin ge¬
861 1139 1875 1280 standen, Leuth darzukommen, vnd mit Ihme ge¬
856 1186 951 1233 vndt
873 1229 1893 1353 kein, seye Niemand darzu kommen, sonde¬
844 1297 1860 1386 ren als Er von dem Stierlin schon weit hin
845 1356 1850 1458 abgewesen, haben seines Vatters Bruders
840 1401 1845 1503 Sohn der Hanns Bucher vnd deßelben Mutter
843 1473 1305 1566 ehme nochgeruffen
848 1573 1579 1698 Waß sie Ihme nachgeruffen
842 1693 1828 1812 arumb Er Ihres Stierlin angebunden,
825 1749 1869 1865 Er aber habe gelaugnet selbiget angebunden
822 1803 1862 1942 zu haben, sonsten habe Er weiters mit gehordt
829 1872 1210 1982 daß sie gesagdt.
836 2001 1847 2085 Ob Er nit von deßwegen von dem Stierlin
817 2052 1868 2171 abgelaßen, daß Er gesechen den Hannß Bucher
813 2118 1118 2216 daher komen
835 2235 1787 2351 Er habe den Hannß Bucher nit gesechen
813 2266 1790 2405 biß Er schon(: wie verdeutet,) weit von dem
1578 2389 1770 2472 Stierlin
1990 1071 2089 1164 199
2079 1108 2653 1227 Stierlin hinweg gewesen.
2057 1189 3080 1324 eilen nun dieser Peter Bucher diß mahlen
2078 1276 3022 1370 nichts weiters bekandtlich seyn wollen, als
2077 1339 3035 1432 abend Ihr Hnl. dienere es für dißmahle
2053 1393 2595 1488 darbey bewenden laßen
