4032 3024
803 958 1912 1077 R Er habe Ein gewußer Krauß solches
971 1037 1897 1128 hine gesagt, da habe Er den Buechter
956 1096 1918 1188 geheißen solches probieren, allein
953 1156 1912 1245 dises, Nämlich daß Er die Stempfel
955 1207 1842 1311 gemacht, vnd den Düchler geheißen
969 1269 1879 1340 halb Bazen nemen und bazen da¬
952 1322 1929 1432 rauß zuschlagen wie auch das Kürfer
959 1391 1913 1479 umbzuschmelzen seye alles in der
961 1456 1935 1563 Erste vor ohngefehrd 4. Jahren geschehen.
2154 1000 3122 1130 Ren 13. Januarij 1713. bard durch
2254 1072 3150 1191 Neshln H. Hennlicher Raht und herr
2086 1131 3151 1252 Beinlichern Sinner mit Zuthun Mochl.
2153 1183 3133 1307 Großweibel Wurstembergers diser
2138 1243 3077 1388 All Müller nochmahlen mit Vorher
2133 1306 3143 1442 gangenen krafftigen Ermahnung Erust:
2136 1366 3122 1507 wortiglichen folgends auch mit anwer¬
2137 1425 3092 1570 dung Einfach, und lährer Marter
2140 1499 2955 1633 xaminiect und also befragt.
2144 1591 3118 1697 ObEr von dem daßler niemahlen weder
2144 1654 3094 1756 gelt noch materi gelt zumachenein¬
2138 1703 3135 1837 pfangen oder hingegen Ihme falscher.
2127 1796 2449 1894 gelt geben:
2162 1818 3155 1958 kein Er habe von demselben niemahlen
2146 1891 3145 2013 oder gelt noch anders empfangen habe
2132 1953 3067 2082 Ihme auch kein falsches gelt geben.
2154 2020 3063 2156 16 Er auch Niemahl gesechen oder
2146 2085 3132 2208 vermerkt, daß diser daßler falsches
2129 2154 3076 2270 gelt oder Mater gelt zumachen byy
2147 2234 2460 2331 ihme gehabt.
2156 2274 3111 2391 lein Er haben bey demselben nichts der
2140 2342 3018 2452 gleichen gesachen noch vermerkt.
1975 1017 2057 1124 199
2066 1615 2110 1707 2
2061 1867 2140 1964 2
2053 2075 2127 2151 2.
2038 2304 2118 2395 2
