4032 3024
923 1044 1711 1169 ich dißmahlen aufhalten thue
888 1856 911 1945 d
932 1155 1908 1277 Selbiger habe heuwr im Ernheling vnder
907 1226 1861 1331 H. Hauptmann Sturler Kriegs dienstge¬
906 1282 1891 1380 nomen, und befindt sich diß mahlen in Hol¬
905 1337 1880 1414 land; Es seye auch mit Ihme forth, in hol¬
911 1401 1897 1490 land, biß nach Breda gereiset, aber weilen
900 1452 1891 1551 Es das Weiber Volck daselbsten nicht verstehen
899 1502 1880 1607 können, sich nit lang dorthauß gehalten, son¬
897 1564 1723 1656 deren wider ins Land alhar begeben
906 1652 1917 1766 Wann Ihme, seinem Vorgeben nach dieser
903 1725 1851 1820 Jacob Mooser die Ehe versprochen; War
898 1781 1866 1878 umb Er Ihns dann nit Zwilchen geführt:
1720 1850 1796 1905 hus
918 1862 1900 1957 Er habe Ihm Offtmahls Verheißen under
901 1922 1872 2020 wegen zilchen zuführen, aber solches mit
891 1985 1081 2076 geleistet
882 2052 1848 2162 .Ob Es nit hie bevor im Schallen Werch gsin,
892 2123 1785 2212 und auß waß Ursachen es darein kommen
888 2186 1886 2300 Es habe ein gewußes Mensch außem Schang¬
1634 2257 1731 2306 rh
1752 2254 1831 2300 et
893 2257 1848 2353 name Ihme gestohlne Kleider zuverkauffen
1660 2343 1785 2415 geben
816 1016 873 1072 58
834 1681 896 1759 E.
813 1857 890 1975 d
884 1249 909 1308 H. Hauptmann Sturler Kriegs dienstge¬
900 1312 907 1336 nomen, und befindt sich diß mahlen in Hol¬
905 1344 906 1383 land; Es seye auch mit Ihme forth, in hol¬
896 1477 902 1530 Es das Weiber Volck daselbsten nicht verstehen
882 1526 900 1575 können, sich nit lang dorthauß gehalten, son¬
896 1571 899 1634 deren wider ins Land alhar begeben
819 2099 883 2156 .Ob Es nit hie bevor im Schallen Werch gsin,
852 1167 903 1268 E
2031 1286 2110 1375 E.
2033 1671 2121 1784 E.
2038 1836 2101 1948 B
2028 2171 2092 2311 E.
2025 1052 2102 1133 259
2535 1045 3127 1132 nach Thun getragen vnd daselbsten
2141 1086 3100 1175 geben, Welche es zu thun verkauffen wollen
2121 1671 2124 1689 E.
1976 1121 2347 1212 umb j. thaller Verkanfft
2134 1158 3153 1252 darüber es eingezogen worden und ins Schallen
2143 1198 2412 1280 Verck kommen
2149 1278 3108 1353 36. Es nit ohnlängsten alhier umb einen Poß
2138 1337 3102 1431 oder Schein angehalten und vorgeben, daß es
2140 1389 3146 1484 zu seinem Vermeinten Mann in Holland reifen
2136 1458 2276 1531 Wolle
2138 1519 3083 1625 to es habe umb einen Schein angehalten
2151 1585 2670 1675 und auch einen bekommen
2167 1661 3107 1758 Varumb es dann nit Vorth und auff Hol¬
2145 1747 2464 1835 und zu gangen
2147 1809 3133 1927 Es habe bey Ihr Hrtl. Herren Schultheißen
2141 1891 3132 1977 auch umb einen Zehrpfenuig angehalten, aber
2136 1948 3099 2042 nichts bekommen, so habe Ihme damahlen ein
2125 2006 3127 2102 Herr gesagdt, Es solle Getzund nit hin ab gegen
2141 2069 3068 2160 Colland zu reisen, Es mochte underwegen in
2143 2121 2446 2215 inglück komen
2132 2190 3089 2305 Wo es sich nach erlangdtem Paß hinbegeben
2136 2265 3038 2339 und ob es nit auß Neinvenburg zu gangen:
2888 2350 2968 2440 H
2916 2410 2943 2479 E
