4032 3024
802 1075 891 1137 182
838 1955 893 2071 H
1609 954 1722 1002 e
937 959 1856 1060 Worauff Ergesagt, daß Er von disen
945 1031 1938 1115 allei ganz und gar mit lufe, und sey,
937 1093 1881 1162 daß in diser Schriff nicht ein einziges
937 1130 1899 1220 wort bahr seye äußert daß einer
918 1174 1881 1268 Johann Baptist einmahl be ihm über
937 1225 1908 1330 Tacht gen, habe aber demselben weder
936 1281 1896 1415 dergleichen Vögelin gezeigt, noch gelt
955 1378 1284 1473 inder gelegt.
922 1486 1836 1630 Worüber Rehll. Examinatores
947 1578 1902 1681 disem Raber ernstwortigklichen Vor¬
945 1634 1887 1735 gestelt daß dises an Ihrändl. Von
938 1711 1894 1799 hochen Ständen überschriben worden
942 1781 1872 1885 denen dergleichen sachen, dann Sie nicht
931 1835 1895 1946 daren nicht, könten zu zumkommen.
932 1930 1895 2045 Er glaube wohl, daß solches von hochen
943 1989 1903 2130 Ständen geschriben aberes seye ih¬
945 2073 1899 2167 nen von inwahrhafften Leuten also¬
953 2133 1920 2241 vorgeben worden, und könne auch
942 2202 1918 2323 beyn daß ein anderer seinen Nahmen
1113 2279 1210 2323 niß¬
922 2277 1395 2383 salschlich gebraucht.
1715 2304 1804 2399 e
2002 997 2070 1096 2
1986 1072 2037 1160 83
2013 1125 2079 1193 R. Nein Er habe wohl von einem Mannl
2077 1421 2079 1479 kleinen haußl in der Eyim herben
2064 1564 2079 1621 Kinden in großem Jünger und mangel
2085 982 3113 1073 Ob nit ein gewußer Mann ihme ein fuhlin
2091 1043 2491 1135 abgekaufft habe.
2079 1077 3036 1197 R. Nein Er habe wohl von einem Mannl
2099 1138 3110 1267 30 R. eenfangen, aber nit für ein bühlin,
2080 1214 3139 1322 sonderen für Eine Wurzen die Er ihme anstatt
2096 1267 3112 1367 einer allrannengeben, und habe sich die
2080 1340 2880 1444 sach also zugetragen alß Er in
2079 1396 3066 1499 kleinen haußl in der Eyim herben
2086 1461 3072 1567 Aiter mit seinem Weib und 5. kleinen
2079 1525 3136 1620 Kinden in großem Jünger und mangel
2084 1600 3132 1697 sich befunden, da komme eines Abends ein
2092 1662 3128 1776 hubscher Junger gesell zu ihme ins Hauß
2102 1704 3147 1833 und sagte, Er solle einem gewußen Rodolt
2101 1786 3135 1901 Roht von großen afflteren eine Allran¬
2101 1830 3141 1941 nen verkaufft, welchem Er Räber geant¬
2101 1897 3135 2014 wortet, Er vuße und habe keine Allean
2105 1941 3141 2068 nen, dorauff der Junge gesell gesagt,
2704 2013 2856 2073 Andang
2097 2025 3056 2138 Er solle dem Roht nur eine durze
2113 2076 3144 2183 geben, so wollend Sie hernach das gelt
2112 2144 3112 2259 so Er von deren Reht darfur bekommen
2098 2207 3141 2323 weit, mit Einanderen Theillen, darauf
2095 2271 3144 2381 habe Er dem Roht einebreite wagerih
2962 2328 3110 2418 urhen
