4032 3024
973 974 1936 1124 Erselb dritt da durch gangen, Sieligen gesuchen
972 1055 1894 1163 da sie schon umb ghauwen gsin, aber Er wüße
972 1116 1546 1210 mit wer sie umb gehanen habe
963 1183 1933 1298 Nachdeme nun in der Gühle auß diesem
974 1256 1864 1363 Stalder gantz und gar nichts zubringen ge
981 1312 1923 1413 wesen, die nacht auch starct eingebrochen, hate
954 1371 1937 1482 Muhl. Examinator Ihne wider an seinohrt
969 1434 1659 1534 führen laßen. Actum vorstahl.
897 936 939 1035 Jo
2015 1004 2336 1067 mit mehrer Erläutze Ehristina Stäbli
2011 924 2171 999 g Ha
2015 949 2336 1047 deses Camenist 8
2007 1038 2271 1115 rung hienach ein
2037 1079 2177 1158 gescheiben
2336 952 2927 1072 mit mehrer Erläutze Ehristina Stäbli
2335 912 2474 999 deses Camenist 8
2278 1035 3046 1146 von Oberhaßli im Weißlandtf
2260 1049 2278 1111 rung hienach ein
2167 1150 3180 1254 Als zu volg Oberkeitlichen Beffelds vom
2182 1206 3183 1303 I. Gan. 1712. diesers Mensch, so von dem
2176 1280 3204 1373 Her Landtrogten zu Arwangen hinder
2179 1333 3192 1420 Welchem es von Unzuch wegen eingezogen
2183 1384 3186 1484 worden. examiniert und volgends mit sei¬
2194 1434 3182 1536 ner Bekandtnuß sub s2 t dito zu Oberkeit
2189 1498 3190 1599 Handen zwahrsamblich alhar geschickt worden
2188 1556 3185 1664 habend Ihr Gnl. die Vergicht der Richtigkeit
2191 1616 3220 1701 befunden, daß mit mehrerem Ernst das Waß
2188 1670 3141 1772 es begangen und bißhero verschwigen haben
2188 1720 3174 1823 mochte, auch mih mehr vmbstanden von Ihme
2182 1765 3209 1886 gebracht werden solle. Derowegen Michhl.
2181 1838 3205 1941 Rahts Herren zugsfürgeren Comittiert. Wel¬
2191 1884 3147 1998 cher den Ast. hujus mit Zuthun Ihr Gel.
2191 1959 3189 2057 Dieneren Hrn Großweibel und des Griht¬
2197 2011 3210 2117 Schreibers sich in den Oberen Stittahl begeben
2205 2081 3159 2165 ind diesers Mensch mit Vorher gangenem
2188 2143 3182 2232 beweglichem zusprechen, examiniert. Wie
2193 2204 2361 2295 olget
3018 2222 3112 2352 2
