4032 3024
794 1242 860 1344 E.
779 1392 843 1499 H
771 1549 871 1676 D
791 1717 841 1814 H
776 1995 827 2089 E
791 2131 834 2234 E.
736 1021 835 1129 298
835 1006 1899 1142 4mit einer Floschen an dem hals die Stalt hierub¬
871 1054 1050 1136 gesich et
884 1095 1906 1200 dier Thaleren Geldt entwendt, aber darob
883 1163 1891 1282 ertappet und ins Schällenwerck gethan worden
887 1234 1858 1357 Die Langes seye, daß es idrumb auß
887 1320 1502 1418 dem Schallenwerck kommen
874 1418 1873 1527 Anfangs Letst verwichenen Hounet seye es
861 1472 1351 1567 Wider darauß kommen
881 1572 1890 1679 Wo es sich seithar außgehalten, und Wor mit
867 1636 1226 1731 es sich ernehret?
863 1702 1893 1811 Es habe sich allezeit umb die Statt herumb aus¬
850 1789 1865 1877 gehalten und Bald in der Statt holtz getragen,
847 1847 1806 1935 bald etwas anders verrichtet, habe auch ein
851 1903 1813 2000 mahl auß dem Breitfeld helfen honwen
863 1987 1851 2099 Ob Es nit auch noch andere diebs gespielen
847 2058 1762 2162 mehr als nur das Thun auwerli habe
839 2156 1588 2270 Nein, Es habe sonst keine mehr¬
824 2243 1849 2350 Wolte auch im übrigen ohngeacht alles Ernst
838 2319 1794 2390 lichen zusprechent nit gestehen, daß es etwas
844 2362 1361 2440 weiters entwendt habe.
2119 1256 2189 1265 Den 23. Augusti 1713. habend Vorgedachte
2255 1071 2901 1206 Ehristen dantzler vndt
2258 1160 2950 1267 Hanns Freyer von Trub
1975 1063 2068 1167 299.
2077 1265 3108 1370 Den 23. Augusti 1713. habend Vorgedachte
2734 1267 2853 1271 Hanns Freyer von Trub
2092 1348 3040 1443 Ihr Gnl. Dienere zu volg Oberkeitlichen
2098 1422 3054 1509 befelchs vom 21. dito, die auß dem Schallen
2105 1455 3108 1544 werdk in die Gefangenschafft geführten Christen
2102 1521 3027 1618 Däntzler und Hauns Kreyer von Trub über
2097 1579 3083 1672 den von zru Inspectoren Bundel eingegebe¬
2099 1636 3096 1697 nen Bericht dero Evasion auß dem Schallen
2101 1684 3053 1777 Werck betreffend, ernstwöhrtig examiniert
2089 1753 2268 1857 worden
2082 1801 3045 1932 Da dann der dantzler angezeigt, daß das
2091 1875 3031 1981 Maletschloß an dem deckel der S. h.) heimb
2096 1933 3056 2043 ligkeit, durch welche Sie vormahls hinaußkommen,
2096 1988 3024 2084 niemand anders als der Krayer könne zi
2101 2040 3060 2131 nbeg gethan haben. Dann Er dantzler und auch
2094 2091 3085 2203 der Mihel hooffer damahlen übel kranckgsin
2091 2159 3043 2259 und keiner von Ihnen beyden hinaußen den
2088 2212 3068 2313 hooß gangen, als allein der Freyer, welchen
2091 2270 3077 2377 auch den deckel an der s.S. h:/ Heimblichkeit
2884 2335 3092 2423 aufgestoßen
