4032 3024
905 1021 1951 1153 einkauffe, so könne Sie Allwegen etwas dar von nemen
903 1099 1909 1193 hierauß habe Sie der Tochter dieses geldt abgenommen
899 1165 1926 1268 und Gehalten Nachwehrts habe selbige noch Etliche
899 1228 1917 1322 5. t und thaler und zu letst für ohngefehrt 6. J.
905 1284 1920 1380 funf batzler und Zechen Creutzler vnd also alles in
898 1345 1920 1444 allein 26. R. sambt einem Betth und 3t Manns¬
899 1398 1905 1495 hembderen gebracht. Ihre Stuberin seye hierauf
903 1454 1891 1551 angst worden und der Tochter gar offt zugesprochen
903 1508 1890 1605 und ermahnt, dieses Geldt wider an das ohrt zu¬
892 1564 1876 1666 thun da sie selbiges genommen, dann wann Ihr
890 1648 1898 1721 Vatter solches erfuhre, wurde es Ihnen gar übel
897 1685 1863 1773 ergehen, (: Welches die Tochter Wahr zu seyn auch
894 1737 1908 1832 bestähtiget: Nun dieses geldt habe Sie in des Jun¬
899 1813 1889 1890 gen advocaten Zeunders Hauß zubehalten geben,
896 1849 1878 1947 Nachdeme Sie aber erfahren, daß mann darvon
896 1911 1863 2006 verwechslet, habe sie selbiges dorth wegnemen
912 1968 1641 2059 und an ein ander ohrt thun wollen
887 2014 1888 2100 Das Betth dann betreffend habe Sie der Stuberin
894 2078 1927 2170 der Tochter gesagdt, weilen Sie nit vermöglich seye
905 2129 1912 2227 Anschlitt zukauffen wolle Sie selbiges der Barbli
900 2194 1898 2293 Strachenberger Minthl. alt Landtrogt urstember¬
1678 2270 1835 2353 gers
2134 1037 3130 1147 Hers Köhinversetzen und dar von unschlitt kauffen
2123 1115 3144 1192 und nachwehrts auß dem erlösenden Kertzen galdt
2124 1162 2499 1256 solches widerlösen
2106 1232 3140 1326 Wie wohlen nun der Kauser Langhauß noch
2125 1300 3135 1364 viel Leinwaadt, tuch, garn und dergleichen sachen
2121 1366 3156 1432 so Ihme entwendt worden seyn sollen, diese Stu¬
2126 1408 3156 1502 Herm angeklaget, so hatt doch selbige ein mehrers
2128 1461 3099 1567 als angezeigt, empfangen oder das geringste
2109 1517 3155 1622 selbsten genomen zuhaben nit geständig seyn wollen
2110 1661 3136 1777 Alß nun sub 12t hujus Vermög Ihr Gel.
2117 1736 3066 1832 Befelch diese Stuberin Widermahlen hierüber
2115 1788 3121 1897 alles krefftigen Ernsts enaminiert worden, Ist
2116 1843 3156 1941 selbige auf dieser Ihrer bekandtnuß nochmahlen
2116 1897 3144 2009 beharret und einichen Leinwaadt, Es seye Tisch
2126 1961 3138 2061 Cachen keinlachen Zwächelin, such noch garn ein¬
2108 2009 3138 2117 pfangen oder genommen zuhaben, nicht gestendig
2123 2080 3149 2181 seyn wollen: Es seye zwar nicht minder dann
2113 2135 3117 2230 daß Sie der Zeendern einschlechtes Leinlachen
2123 2193 3101 2289 sambt einem groben Tischlachen zuverkaufen an¬
2116 2247 3102 2346 gebotten allein es seye Ihr eigen und nit des
2882 2324 3124 2414 Langhansten
2026 1002 2118 1098 157
