4032 3024
795 936 1913 1056 Wd. Er habe von dem Ingols, alß Er sein
953 1025 1917 1140 Knecht gein begehrt, daß Er Ihn solle
970 1092 1933 1213 ehren beschlecht und fusie Schloß dießen
956 1180 1901 1274 Ob mit Ein gewußer herr von Aasel
962 1224 1918 1313 fmahls zu ihme kommen, und das
955 1289 1841 1400 derselbe byy ihme zuthun gehabt.
954 1371 1902 1481 die Sach mit dem Herren von Basel¬
946 1444 1906 1539 verhalte sich also: Es seye zu erst der
947 1504 1915 1576 Andveß Zimmermann von Thieracheren
934 1566 1887 1677 zu Ihme kommen, und ihne byy Hauß
936 1628 1896 1733 abgehahlt mit Verdenten, daß Ein
936 1692 1899 1773 Bern von dasel sich im Wirtschauß¬
946 1753 1864 1833 zur Suderen befinde, und mit ihme
921 1810 1933 1911 Reden wolle. Alß Er dahin kommen habe
939 1864 1879 1979 er H. von dasel. deßen Nahmen
936 1936 1888 2035 Haußmannsere ihne Begemeiner
915 1999 1893 2099 Springburzen gefragt, und ihne er¬
927 2054 1894 2163 sucht zutrachten, daß Er une zur hand
921 2124 1906 2232 bringen könne; tunche Zeit hernach¬
928 2194 1891 2304 habe Er ihn abermahlen nach Signau
924 2260 1897 2367 zumwaren beschilt, und ihme bidrumb
1678 2331 1861 2431 Von
865 1165 931 1252 2
843 1362 915 1454 d
1993 979 3094 1072 195 von der Springburzen geredt mit Vor¬
2114 1037 3122 1142 Prechen 20000 Thaler und mehr zugeben
2125 1096 3132 1190 kann Er eine bekommen könne, habe ihme
2122 1155 3153 1273 guch etliche mahl desstwegen zugeschriben
2114 1206 3126 1328 darvon Er nach dahein ein brieff in gei
2128 1270 3097 1394 nem Trog habe, zween Brieffen aber
2105 1333 3115 1461 habe Er ihme uneröffnet widerumb¬
2126 1383 3117 1530 zuruk geschikt. Diser Haußman
2127 1456 3150 1619 von Sasel nun sete zum drittenmahl
2134 1524 2984 1641 und deßen Sohn Einmahl zu s
2129 1590 3075 1712 Müllers hauß kommen und ihne
2146 1638 3132 1778 allwegen umb dise Burzen ersucht
2129 1703 3064 1833 mit Verdenten daß Sie selbige zu
2114 1777 3083 1879 darinstatt brauchen wollen, alda
2116 1827 3155 1972 Ein Schaz, uber dem eine eiserne Thuren
2128 1892 3129 2005 im boden vergraben seye, vnd habe
2107 1954 3166 2083 Ein geist, so selbigen Verwahre, angezeigt
2138 2027 3118 2135 daß Sie die Thuren mit einer Burzen
2132 2075 3157 2215 aufthun werden die im Schweizerlam
2137 2136 3135 2277 zufinden Nun seit einem Jahr daher
2136 2196 3124 2327 habe Er den Haußmann nicht mehr
2150 2254 3157 2384 alß einmahl gesechen, alß Er ohnlängsten
2139 2327 3145 2462 durch den Graben auff zum Näber geritten.
