4032 3024
874 1071 1889 1193 keiner Bekandtnuß gebracht werden mögen, son¬
872 1150 1905 1257 deren mit allerley nichtigen außfluchten beharret
880 1197 1823 1310 daß Ihme durch faltsche anklag überscheche.
859 1254 1907 1359 dieses ist also das Jenige so mit diesem Pfenti ver¬
871 1310 1741 1435 ichtet worden. Actum 25 7bd. 1713.
741 1015 818 1105 128
1018 1496 1183 1609 tas
1239 1592 1735 1717 Ramen
929 1680 1883 1816 Mit Hannß Pfeuti d 30en Dh.
1085 1763 1512 1862 1913. Verführt
827 1892 1846 2035 lachdeme Ihr Gril. hievoriges
843 1951 1882 2088 den 25ten Septembris letsthin mit dem Hannß
819 2015 1828 2132 Pfeuti verführte ernstwöhrtliche Examen
841 2087 1867 2209 vorgetragen worden, und selbige darüberhin
831 2151 1853 2256 befunden; daß dieser Pfeuti allein ansechen
834 2209 1858 2322 nach sein hert nit geraumbt auch nit durch
839 2282 1806 2381 auß die Wahrheit angezeigt habe; dero
1538 2381 1762 2484 Wegen
2027 1537 2034 1538 Sept.
1997 1095 2084 1186 329
2124 1135 3049 1246 Wegen auch Erkennt; daß noch weiters
2129 1210 3044 1313 und mit mehrerem Ernst, an Ihne gesetzt,
2115 1279 3100 1361 und also nit allein mit Betronntung, sondere
2108 1320 3048 1426 auch würcklicher Anwendung der Jahren
2093 1387 3058 1465 Marter Eseaminiert werden solle; Alß
2108 1438 3052 1538 ist zu Vollstreckung sothanen Ihr Gul
2991 1496 3058 1578 be
2104 1502 2982 1601 Befelchs dieser Hanns Pfeuti den 3e
2104 1560 3084 1662 Oetobris 1713. anfängklich ernstwohrtigklich
2104 1624 3061 1722 hernach auch mit Betroun-und würcklicher
2101 1676 3051 1777 Annbendung der Lähren Marter exami¬
2096 1733 3015 1840 niert und also erstlichen befragdt worden
2086 1817 3071 1929 Wo ter das Muhlig- und Keinige Tuch, so Er
2090 1891 2985 2000 der zugegen stehenden Kaherin zu ver¬
2090 1956 2860 2049 kauffen geben, hargenomen habe
2078 2038 3036 2162 R. Er habe Ihre niemahlen kein tuch geben.
2075 2141 3024 2239 Worauf die Kocherin Ihme under auge¬
2084 2198 3051 2298 dagdte, daß Er Ihra Ja das such in Einen
2071 2252 3056 2356 Sack zugebracht, und seye selbiges noch Nas
2071 2313 3044 2402 Ghi, dann Er es zu vor in Einer holen Eich
2068 2363 2514 2471 verborgen gehabt.
2887 2385 3033 2472 deßen etc.
1957 1536 2091 1669 Sept.
2077 1863 2089 1933 Wo ter das Muhlig- und Keinige Tuch, so Er
2001 2050 2081 2176 R. Er habe Ihre niemahlen kein tuch geben.
2074 2143 2078 2221 Worauf die Kocherin Ihme under auge¬
2071 2273 2073 2314 Sack zugebracht, und seye selbiges noch Nas
2068 2403 2068 2405 verborgen gehabt.
