4032 3024
984 979 1806 1128 Ben 16. January. 1713.
858 1829 909 1900 2
862 1974 913 2085 2.
849 2141 907 2217 2
920 1244 923 1307 keimlicher Sinner und Ihr Gnad
915 1313 922 1381 Diener Herren Großreibel Wur¬
914 1436 920 1486 tiglichen Examinieit beforderst aber
904 1491 920 1552 kräfftiglich ermahnt, worden Gott¬
913 1552 919 1640 die Ehr zugeben, und der hochendber¬
913 1638 918 1682 kelt alß deßen Statthalterin die
851 2240 909 2346 d. Ja Er habe ihm eine geben, aber nit eine
930 1064 1938 1223 Ist diser Cristen Räber durch Mehhl.
912 1998 926 2084 2.
928 1168 1811 1273 Rahtsherren Wyttenbach, Herren
922 1237 1903 1333 keimlicher Sinner und Ihr Gnad
921 1293 1899 1379 Diener Herren Großreibel Wur¬
925 1357 1921 1452 steinberger nochmahlen ernst vor¬
920 1408 1920 1509 tiglichen Examinieit beforderst aber
919 1474 1897 1580 kräfftiglich ermahnt, worden Gott¬
918 1543 1900 1644 die Ehr zugeben, und der hochendber¬
917 1607 1824 1696 kelt alß deßen Statthalterin die
929 1658 1883 1757 dahrheit zubekennen, ward also ge¬
923 1733 1072 1824 fragt,
1810 1763 1920 1857 r
934 1791 1786 1898 Warumb Er dem H. Haußmann
925 1858 1878 1964 begehrte wurzen nit überliferet
931 1926 1398 2026 und geben habe.
934 1975 1884 2070 Wann es ihme schon sein Leben Kostete,
929 2051 1908 2161 so wüsste Er keine solche Burzen zufinden,
932 2125 1894 2228 ob Er dan dem H. Haußman mit eine
934 2182 1294 2267 wurzen geben
908 2242 1890 2350 d. Ja Er habe ihm eine geben, aber nit eine
917 2298 1822 2410 gute sonderen ein schluchen wurzen
1821 2358 1867 2455 2
2029 1756 2076 1832 2
1979 1013 2082 1099 1897
2039 1071 2083 1155 Zu
2098 1147 2098 1170 van seinem weib ein halbgulden ditlin
2099 1208 2100 1293 geben haben, weilen Er da übernacht
2099 1281 2100 1289 gsin
2047 1321 2101 1390 2. Ob mit diser Herr von dafel etlichemahl
2043 1568 2086 1648 2
2031 1431 2103 1514 2 Er seye nit mehr alß Einmahl und der
2039 1973 2091 2042 2
2100 1698 2106 1741 wurzen geben können?
2107 1807 2108 1861 Er habe hieran wohl übel gefehlt, bätte
2105 1856 2108 1883 aber Gott und eine hoche oberkeit deßst
2101 1901 2109 1961 wegen umb Verzeihung
2109 2043 2111 2090 darum Er nit gangen
2032 2098 2112 2162 ReWweillen Erwohl gewust, daß die ge¬
2102 2193 2113 2264 gebene wurzenmit nuze dan Er
2107 2262 2114 2307 gute Burzen gehabt, hätte er selbige
2100 2320 2115 2361 schon längsten geben, und zwarslche viel
2106 2362 2116 2441 wohlfeiller, alß man hine darfür angebotten.
2110 985 3156 1100 Er habe doch gelt von dem Haußman bekommen.
2122 1066 3159 1155 kein, oder es müße der Haußmanet¬
2098 1145 3144 1216 van seinem weib ein halbgulden ditlin
2099 1176 3138 1292 geben haben, weilen Er da übernacht
2100 1253 2208 1340 gsin
2100 1273 3171 1385 2. Ob mit diser Herr von dafel etlichemahl
2109 1364 2532 1448 zu ihme kommen.
2102 1412 3162 1512 2 Er seye nit mehr alß Einmahl und der
2109 1479 2906 1580 Sohn einmahl zu ihme kommen.
2950 1535 3151 1637 so lang.
2122 1543 2944 1652 Warum Er dan disen Herren
2123 1599 3098 1719 rachen gezogen, dann Er ihme keine
2105 1673 2811 1785 wurzen geben können?
2107 1745 3128 1860 Er habe hieran wohl übel gefehlt, bätte
2108 1813 3153 1885 aber Gott und eine hoche oberkeit deßst
2108 1877 2797 1968 wegen umb Verzeihung
2116 1931 3144 2055 Ob Er mit hinab sollen gehn basel und
2110 2012 2698 2119 darum Er nit gangen
2111 2082 3153 2188 ReWweillen Erwohl gewust, daß die ge¬
2112 2153 3091 2261 gebene wurzenmit nuze dan Er
2113 2208 3120 2316 gute Burzen gehabt, hätte er selbige
2114 2243 3163 2375 schon längsten geben, und zwarslche viel
2115 2318 3157 2439 wohlfeiller, alß man hine darfür angebotten.
