4032 3024
885 1168 892 1243 klagdt habe es faltschlich angeben, dann derselbe
889 1234 891 1259 mit Ihme niemahlen etwas ungebührlichs zu
875 1277 890 1331 schaffen gehabt; Es seye aber warend seiner
887 1335 889 1408 Schwangerschafft zweymahl nach Ifferten vndt
878 1720 880 1775 Wegvorgelosten und Ihns über gractiert, dar¬
842 2000 874 2072 t:Venn es damahlen zum Vatter seines ohnehe
794 2237 852 2342 E.
904 1034 1941 1159 geret und seye der rechte Vatter seines Kindts
906 1103 1927 1217 den von Seedorff, welchen es damahlen ange¬
891 1168 1925 1249 klagdt habe es faltschlich angeben, dann derselbe
890 1204 1895 1329 mit Ihme niemahlen etwas ungebührlichs zu
889 1260 1916 1373 schaffen gehabt; Es seye aber warend seiner
887 1323 1900 1440 Schwangerschafft zweymahl nach Ifferten vndt
895 1400 1881 1485 hangen und dem pauotton solches angezeigt
897 1426 1882 1538 das Erstemahl habe Er gesagdt, Er wolle grad der
887 1497 1906 1603 von Wann es Ihn angebe, das Anderemahl
889 1565 1843 1636 aber, als es zum paccotton hineinkomen
893 1610 1860 1705 habe Er Ihm getrout und Ihns Geheißen
889 1655 1885 1751 sich auß der Statt packen seye Ihme auch den
879 1716 1894 1813 Wegvorgelosten und Ihns über gractiert, dar¬
881 1770 1882 1872 auff es sich Vider herauß nach Biglen begeben
893 1831 1879 1931 und werde Jetz auff künfftige Pingsten Kund
880 1881 1876 1983 Jahr, daß es daselbsten Kindtbetterin worden.
873 1970 1918 2094 t:Venn es damahlen zum Vatter seines ohnehe
905 2041 1348 2125 ichen Kindts angeben
922 2092 1864 2215 den Dauid Gurtzeler von Sendorf, so nun
890 2173 1263 2258 nehro gestorben
901 2226 1873 2343 So der dannd Guetzeler sich damahlen auch vor¬
1674 2312 1902 2426 Vhorgricht
790 1003 874 1113 248
2024 1054 2107 1142 249
2143 1063 2797 1173 Echorgricht alhier gestellt habe
2146 1154 3129 1271 Da Er habe sich gestellt, und alle gefangen
2121 1229 3115 1335 schafften durch gangen, auch Wegen seiner
2145 1280 3115 1366 Unschuld den Eydt thun wollen; Aber Mann
2140 1343 3111 1417 habe Ihme solches nit zugelaßen, sonderen
2138 1391 3129 1489 die Herren des Thorgrichts haben Ihra der
2119 1435 3150 1542 Eugueren mehr geglaubt als aber dem Gurtze¬
2140 1501 3116 1600 ler, Dannenher auch Migh. befohlen, daß
2129 1565 3133 1655 die Gemeind Seedorff das Kind erhalten solle
2733 1614 2835 1656 ist desto
2128 1602 3148 1691 Welche gemeind dann auch seitter seiner Mutter
2125 1669 3088 1761 zu Biglen den Lohn gegeben, daß sie selbiges er¬
2126 1720 2976 1817 halten thue, Wie noch Würcklich gescheche
2127 1814 3093 1921 Woher es den Gürtzeler gelehrt kennen, daß
2132 1880 2869 1971 es anlas genommen Ihne anzugeben.
2150 1952 3147 2024 Sie habend auff dem Liebefeld neben Einander
2132 2009 3146 2102 gedienet, und hätte der Gurtzeler Ihns damahls
2120 2063 3077 2151 Hern geEhelichet, Wann es seiner hätte wollen
2129 2114 3105 2209 innemen, Aber es habe Ihn Vor einer Schwan
2110 2159 2567 2259 Herschaft mit geschetzt.
2174 2231 3087 2342 Vons mit auch von Einem, Namens Abraham
2135 2314 3120 2401 Josteli von Stottin vorgeben, das Er, Ihns geschwänge¬
2118 2372 2209 2463 pel.
2958 2380 3012 2482 E
2060 1172 2140 1292 H.
2051 1856 2109 1922 E
2039 1916 2092 2069 E
