4032 3024
812 1324 856 1343 E
811 1516 813 1598 R
718 1041 808 1129 330
810 1719 812 1729 E.
823 1090 1896 1215 Deßen ohngeachtet beharrete Er dennoch steis
838 1161 1899 1284 und Vest, daß Er Ichra niemahlen kein tuch geben
863 1244 1886 1373 Ob Er dann auch laugnen dorffe, daß Er die
826 1325 1885 1421 geklagdten 4. Leiben brodt auß einem Commer¬
836 1387 1858 1482 häußlin byi Brembgardten nit entwendt
830 1434 925 1507 habe
829 1518 1857 1639 Er habe niemahlen kein Brodt auß einichem
829 1596 1813 1690 So merläußlig entwendt, und wuße dar
817 1640 1024 1725 Von mit
836 1712 1870 1836 3b Mann Ihne zu Pryburg nit auch gestreckt
828 1794 1778 1897 und mit Einem Stein aufgezogen habe.
827 1867 1859 1971 ta leider aber Er seye gantz unschuldig gsin
829 1985 1844 2110 Ob Er dann nit einiches Silbergschier gehabt.
815 2054 1135 2147 und getragen:
829 2107 1849 2227 Er glaube Ja Er habe Silber gschirr getragen
817 2173 1840 2287 habe denen gsellen aber, die Ihme solches zu¬
810 2244 1637 2329 tragen geben, alles wider zugestellt.
806 2317 1855 2431 E. Ob Er aber nit wohl gewußt, daß diese gsellen
1649 2410 1754 2500 nit
797 1266 856 1340 E
731 1510 811 1599 R
838 1227 880 1234 und Vest, daß Er Ichra niemahlen kein tuch geben
719 1714 810 1822 E.
863 1258 876 1323 Ob Er dann auch laugnen dorffe, daß Er die
728 1871 785 1939 R
733 1929 793 1981 1
740 2002 799 2087 E.
734 2110 798 2220 A
739 2293 807 2408 E. Ob Er aber nit wohl gewußt, daß diese gsellen
1975 1099 2078 1197 391
2107 1136 3026 1239 nit des Vermögens eine solche quantitet
2108 1205 3070 1304 Silbergschier zuhaben, und also selbiges gestoh
2065 2111 2077 2206 2
2057 2294 2061 2355 d.
2099 1268 2518 1346 len haben müßen
2105 1314 3055 1429 Anfangs sagdte Er Er habe keine sonder¬
2104 1387 3053 1483 Jahre Gemeindschafft mit Ihnen gehabt und
2100 1445 3073 1527 habe da mit konnen wüßen, ob solches gestohlen
2106 1520 3037 1584 seyt oder nit. Nach Vielem Varieren aber
2104 1547 3066 1642 lber bekennte Er entlich, Ja, Er habe gewusit
2092 1605 2942 1699 daß dieses Silber gschirr gestohlen seye
2088 1669 3039 1782 Weilen Er nun gewüßt, daß dieses Silber
2086 1737 3039 1841 gschirr gestohlen seyt, Warumb Er es dann
2085 1805 2401 1887 elffen Fragen
2076 1883 3075 1993 R EEs seye Einer von diesen Gesellen Ihme Vmb
2080 1959 3015 2049 bley Ertz schuldig gsin, der habe versprochen
2070 2017 2646 2108 Ihne hernach zu bezahlen
2074 2088 3020 2219 Wie diese Gsellen Sheißen denen Er diese
2083 2178 2692 2271 diebs burde ttragen geholffen?
2097 2243 3061 2353 der Einte heiße Schue thöni vnd der andere
2064 2295 3016 2410 Hanns fuhrer des Reichen Keßlers Sohn von
2052 2374 2323 2465 Laugnannt.
2031 1322 2090 1434 E.
1993 1680 2086 1795 E.
2002 1795 2075 1873 habe
2002 2105 2070 2215 2
1996 2245 2061 2356 d.
2104 1419 2105 1447 Jahre Gemeindschafft mit Ihnen gehabt und
2099 1454 2103 1512 habe da mit konnen wüßen, ob solches gestohlen
2089 1624 2095 1668 daß dieses Silber gschirr gestohlen seye
2088 1669 2092 1747 Weilen Er nun gewüßt, daß dieses Silber
2086 1768 2087 1795 gschirr gestohlen seyt, Warumb Er es dann
2014 1902 2080 2004 R EEs seye Einer von diesen Gesellen Ihme Vmb
2068 2016 2075 2100 Ihne hernach zu bezahlen
2048 2406 2055 2457 Laugnannt.
