4032 3024
921 1435 1010 1554 E.
985 936 1913 1058 heiße als Hannsgeorg, Ehe er denselben¬
992 1000 1958 1139 zu Thun angetroffen, habe Er zu vor sein lebtag
986 1065 1760 1172 keine Khundtsame mit Ihme gehabt.
977 1132 1949 1259 Repliciert Es konne nit seyn und scheine gantz
989 1212 1969 1311 unmöglich, daß Einer der einen Menschen zuvor
1001 1270 1933 1370 ne Gesechen und keine bekanndtschafft mit Ihme
975 1315 1934 1407 Gehabt denselben dörffe anreden und grad also
984 1372 1901 1486 bald zu nuchten, daß Ihme solle helffen stählen
998 1434 1933 1552 Es seye gantz und gar nit anderst, Als Waß
982 1518 1908 1628 Er bereits hierüber gesagdt Namblichen Als Er
980 1577 1867 1678 Dem Mutzger auff sein befragen, Wo Er hin
983 1627 1879 1722 wolle, geantwortet, zur Cander alda Arbeit
986 1693 1951 1783 zu suchen, habe der Metzger gesagdt, Es seye keine
981 1737 1894 1835 Arbeit mehr daselbsten, und darauff alsobald
986 1788 1881 1894 den Vorschlag gethan denen Leuthen so vom
973 1850 1951 1946 Erlenbacher Marit komen ein stück Veich zu ent
985 1895 1907 2014 wenden da seye der Lust ankommen solches zu¬
976 1939 1931 2075 thun, und habend diesem nach die Kuhe genommen
980 2005 1686 2120 und mornderst im holtz gemetzget.
995 2064 1937 2235 Ob Wahr seye, daß Er einen theil vom fleisch
984 2158 1878 2276 der gemetzgeten Kuhe, habe zu des Metzgeds
1703 2270 1898 2348 Ellteren
2141 1885 2226 1986 E
2154 1063 2232 1178 d
2222 1160 2223 1164 in das Hauß da des Metzgers Ellteren ge¬
2219 1203 2227 1258 wohnet getragen
2168 1310 2232 1392 E. Hieraußnun seyn klar zu ersuchen daß Er den
2216 1364 2225 1427 Metzger und seine Ellteren zu vor schon müße
2207 1435 2221 1502 gekennt haben, und mit Ihnen Khundtsame ge¬
2209 1503 2218 1530 habt dann Er sonsten das fleisch nit zu Ihnen
2219 1594 2221 1597 wurde getragen haben.
2193 1627 2272 1717 B. Er habe Einmahl zu vor gar keine khundt
2212 1842 2212 1861 er nit fählen
2204 1960 2212 1997 von deßtwegen Er ins Schallenwerck komen
2209 2004 2211 2090 Ob Er selbiges nit dem Keinifeger zu kaufe
2219 2134 2234 2142 gebracht, Vnd wo Er solches har bekomen:
2174 2151 2254 2232 Zu Ja Er habe solches dem keinfeger gekaufft
2193 2242 2206 2320 Lender kerli erhandlet, Er glaube aber, daß
2227 1131 2233 1147 d
2255 1055 3238 1153 Ja, es seye Wahr, Er habe einen Theilfleisch
2222 1116 3235 1227 in das Hauß da des Metzgers Ellteren ge¬
2219 1179 2581 1276 wohnet getragen
2224 1289 3228 1392 E. Hieraußnun seyn klar zu ersuchen daß Er den
2221 1356 3208 1449 Metzger und seine Ellteren zu vor schon müße
2218 1408 3173 1501 gekennt haben, und mit Ihnen Khundtsame ge¬
2217 1469 3216 1559 habt dann Er sonsten das fleisch nit zu Ihnen
2219 1524 2743 1622 wurde getragen haben.
2206 1606 3226 1715 B. Er habe Einmahl zu vor gar keine khundt
2216 1674 3195 1774 same mit Ihnen gehabt, sonderen gedenckt
2219 1753 3228 1831 teil der Sohn bey diesem handel seye, so könne
2212 1792 2488 1874 er nit fählen
2257 1864 3198 1983 Wie es mit dem Jenigen Gätzi zugangen
2211 1940 3187 2031 von deßtwegen Er ins Schallenwerck komen
2211 1994 3214 2092 Ob Er selbiges nit dem Keinifeger zu kaufe
2219 2046 3050 2150 gebracht, Vnd wo Er solches har bekomen:
3045 2111 3122 2167 Ver¬
2201 2112 3225 2226 Zu Ja Er habe solches dem keinfeger gekaufft
2215 2198 3201 2284 Allein selbiges habe Er zu vor von Einem Ober
2202 2244 3183 2346 Lender kerli erhandlet, Er glaube aber, daß
3050 2307 3181 2388 Wann
2561 1055 2574 1055 Ja, es seye Wahr, Er habe einen Theilfleisch
2111 960 2861 1072 33 Ellteren ins Hauß getragen.
