4032 3024
862 1085 1850 1189 darein zirchen, sonderen die That ehr selbsten
851 1140 1908 1270 tollen gethan haben. Endtlichen seye Ihme Peut¬
854 1188 1913 1317 gestanden daß Ihr Sohn und noch ein sub vorduren
866 1260 1900 1350 die Balhen aufgehannten und such darauß genomen
862 1300 1637 1373 welches Er ihres mih en augen erhalten wehle.
851 1334 1868 1423 4achwehrts habe mann ohne Pfeuti zu Balm
856 1369 1891 1475 im Buchegg berg durch die Profoßen gefängtlich an
850 1423 1870 1527 ge nemen und zum Oberherren im Buch Eggber¬
870 1472 1166 1551 fuhren laßen
845 1527 1883 1620 Ee betheuntrete aber höchlich daß Er nit wüße
851 1586 1819 1673 in welchem Hauß und an welchem orth die
854 1638 1163 1726 Hallen Gsin seye
869 1714 1804 1795 Ob Er nit des Kochers frauwen auch einen
847 1787 1882 1864 Keßelhaffen Verkuuffte zugebracht, vnd Verkauft
872 1854 1795 1959 ta allein Er seye sein Eigengsin vnd habe
875 1918 1459 2018 elbigen auß nocht verkauft.
1134 1983 1186 2059 Von
878 1992 1810 2111 Varumb Er zu Reiben sich hinweg begeben:
862 2090 1880 2187 Mann habe alle hindersaßen außem beschoffbiet
844 2153 1861 2243 hinweg getreben und darunder Ichne auch allein
858 2202 1848 2294 mann habe Iohme seines Verhaltenshalben eine
838 2256 1348 2348 attealation zugestellt.
761 1026 823 1082 122
767 1872 836 1969 H
776 2000 854 2098 2
782 2105 832 2182 A
1999 1136 2073 1154 D
1972 1072 2064 1152 223
2111 1141 2843 1254 Ob Er mit mit beyenen gehandlet
2115 1230 2805 1340 Nein anderst nit als mit hönig
2088 1362 3084 1474 Z. Ob Ec nit Vormahls in der Gefangenschafft alhier
2072 1938 2081 1973 H
2065 2192 2066 2193 A
2096 1436 3027 1526 gestanden und bekennt, daß Er im Köndtzthal
2101 1496 2449 1584 önig genommen?
2107 1563 2649 1681 Nein, Er habe es nit gethan
2092 1664 3030 1774 Wie Er doch laugnen dörffe Er seye Vor dem
2090 1718 3030 1830 beyen häuslin mit Einem Duttelin erdappet
2088 1797 2252 1881 Worden
2339 1837 2407 1904 mit
2079 1830 3045 1969 Mein Er seyn bey einem beyen häußlin sonderen
2092 1918 2803 2027 auß in der straas genommen worden
2068 1985 3070 2103 2 Ob Er nit damahlen einen Schurtz auch entwendt:
2073 2058 3085 2188 Ja Eir habe zu Schlien einen Schuetz entwendt, welchen
2067 2145 2732 2248 Er fur sein findt brauchen wollen.
1995 1147 2072 1236 D
2016 1251 2087 1359 E.
2007 1583 2071 1680 .
2006 1380 2090 1479 Z. Ob Ec nit Vormahls in der Gefangenschafft alhier
1997 1873 2073 1988 H
2015 2097 2065 2193 A
2020 2001 2071 2106 2 Ob Er nit damahlen einen Schurtz auch entwendt:
