<?xml version="1.0" encoding="UTF-8" standalone="yes"?>
<PcGts xmlns="http://schema.primaresearch.org/PAGE/gts/pagecontent/2013-07-15" xmlns:xsi="http://www.w3.org/2001/XMLSchema-instance" xsi:schemaLocation="http://schema.primaresearch.org/PAGE/gts/pagecontent/2013-07-15 http://schema.primaresearch.org/PAGE/gts/pagecontent/2013-07-15/pagecontent.xsd">
    <Metadata>
        <Creator>prov=University of Rostock/Institute of Mathematics/CITlab|PLANET AI GmbH/Gundram Leifert/gundram.leifert@planet-ai.de:name=Transkribus German Kurrent M2(htr_id=29820)::::v=2.6.7
prov=University of Rostock/Institute of Mathematics/CITlab|PLANET AI GmbH/Tobias Gruening/tobias.gruening@planet-ai.de:name=de.uros.citlab.module.baseline2polygon.B2PSeamMultiOriented:v=2.6.7
prov=University of Rostock/Institute of Mathematics/CITlab|PLANET AI GmbH/Tobias Gruening/tobias.gruening@planet-ai.de:name=/net_tf/LA73_249_0mod360.pb:de.uros.citlab.segmentation.CITlab_LA_ML:v=2.6.7
Transkribus</Creator>
        <Created>2022-05-02T16:07:27.965+02:00</Created>
        <LastChange>2023-06-17T16:05:44.963+02:00</LastChange>
        <TranskribusMetadata docId="1336518" pageId="52421277" pageNr="87" tsid="127190517" status="IN_PROGRESS" userId="42748" imgUrl="https://files.transkribus.eu/Get?id=XCPZXHJDZBILJVMQSFECMZVY&amp;fileType=view" xmlUrl="https://files.transkribus.eu/Get?id=SJPWBTPILLMVZVUFSSYDOEOH" imageId="30694419"/>
    </Metadata>
    <Page imageFilename="IMG_6641.jpg" imageWidth="4032" imageHeight="3024">
        <ReadingOrder>
            <OrderedGroup id="ro_1687513571149" caption="Regions reading order">
                <RegionRefIndexed index="0" regionRef="TextRegion_1687010712695_365"/>
                <RegionRefIndexed index="1" regionRef="TextRegion_1687010694660_352"/>
                <RegionRefIndexed index="2" regionRef="TextRegion_1687010729959_371"/>
                <RegionRefIndexed index="3" regionRef="TextRegion_1687010737000_376"/>
                <RegionRefIndexed index="4" regionRef="TextRegion_1687010737000_375"/>
            </OrderedGroup>
        </ReadingOrder>
        <TextRegion orientation="0.0" type="heading" id="TextRegion_1687010712695_365" custom="readingOrder {index:0;}">
            <Coords points="1998,1030 2122,1030 3170,1030 3170,1073 2608,1086 2122,1093 1998,1093"/>
            <TextLine id="line_1687010694789_356" custom="readingOrder {index:0;}">
                <Coords points="2008,1003 2026,1006 2032,1001 2042,1010 2052,1004 2068,1009 2081,1001 2089,1007 2097,1005 2103,1012 2116,1009 2111,1084 2096,1090 2079,1081 2072,1087 2052,1085 2042,1093 2003,1093"/>
                <Baseline points="2012,1058 2043,1062 2074,1059 2105,1067"/>
                <TextEquiv>
                    <Unicode>161</Unicode>
                </TextEquiv>
            </TextLine>
            <TextLine id="r1l1" custom="readingOrder {index:1;} person {offset:0; length:13;}">
                <Coords points="2304,1087 2377,1095 2456,1065 2528,1074 2567,1101 2643,1072 2691,1097 2735,1062 2778,1077 2820,1057 2805,994 2700,1029 2609,1000 2466,1027 2419,986 2302,990"/>
                <Baseline points="2310,1068 2335,1067 2360,1067 2385,1065 2410,1065 2435,1064 2460,1063 2486,1062 2511,1062 2536,1061 2561,1061 2586,1061 2611,1059 2636,1059 2662,1059 2687,1058 2712,1058 2737,1057 2762,1056 2787,1056 2813,1055"/>
                <TextEquiv>
                    <Unicode>Jacob Jungols</Unicode>
                </TextEquiv>
            </TextLine>
            <TextEquiv>
                <Unicode>161
Jacob Jungols</Unicode>
            </TextEquiv>
        </TextRegion>
        <TextRegion orientation="0.0" type="marginalia" id="TextRegion_1687010694660_352" custom="readingOrder {index:1;} structure {type:marginalia;}">
            <Coords points="1999,1656 2123,1656 2129,1701 2170,2035 2135,2090 2123,2470 1998,2470"/>
            <TextLine id="line_1687010694788_355" custom="readingOrder {index:0;}">
                <Coords points="2003,1093 2042,1093 2041,1094 2023,1098 2003,1096"/>
                <TextEquiv>
                    <Unicode>161</Unicode>
                </TextEquiv>
            </TextLine>
            <TextLine id="r1l15" custom="readingOrder {index:1;}">
                <Coords points="1991,1731 2004,1734 2011,1727 2019,1733 2037,1728 2047,1736 2054,1733 2065,1739 2076,1732 2089,1742 2107,1734 2122,1735 2122,1658 2076,1675 2044,1699 2014,1689 1991,1691"/>
                <Baseline points="1998,1712 2027,1713 2056,1712 2085,1712 2115,1715"/>
                <TextEquiv>
                    <Unicode>anbey</Unicode>
                </TextEquiv>
            </TextLine>
            <TextLine id="line_1687010688961_331" custom="readingOrder {index:2;}">
                <Coords points="2114,1192 2123,1189 2124,1234 2114,1235"/>
                <Baseline points="2121,1226 2124,1225"/>
                <TextEquiv>
                    <Unicode>Überkeitlichen befelchs Mehhen. H. Heimlicher</Unicode>
                </TextEquiv>
            </TextLine>
            <TextLine id="line_1687010688967_341" custom="readingOrder {index:3;}">
                <Coords points="2021,2007 2043,2002 2074,1976 2085,1975 2117,1979 2143,1997 2155,1998 2155,2058 2139,2082 2106,2072 2072,2086 2053,2071 2038,2077 2021,2068"/>
                <Baseline points="2028,2052 2058,2054 2088,2052 2118,2052 2148,2055"/>
                <TextEquiv>
                    <Unicode>besren</Unicode>
                </TextEquiv>
            </TextLine>
            <TextLine id="line_1687010688962_333" custom="readingOrder {index:4;} place {offset:14; length:12;} person {offset:31; length:7;}">
                <Coords points="2104,1469 2126,1475 2127,1524 2106,1527"/>
                <Baseline points="2112,1506 2127,1505"/>
                <TextEquiv>
                    <Unicode>Landvögten zu Trachselwald und Signann</Unicode>
                </TextEquiv>
            </TextLine>
            <TextLine id="line_1687010688963_335" custom="readingOrder {index:5;}">
                <Coords points="2121,1514 2127,1514 2127,1578 2123,1581"/>
                <TextEquiv>
                    <Unicode>zu oberkeitlichen banden allher gesandte falsche</Unicode>
                </TextEquiv>
            </TextLine>
            <TextLine id="line_1687010688964_336" custom="readingOrder {index:6;}">
                <Coords points="2140,1797 2141,1805 2141,1806"/>
                <TextEquiv>
                    <Unicode>und Anwendung der Marter zu Examinieren</Unicode>
                </TextEquiv>
            </TextLine>
            <TextLine id="line_1687010688965_339" custom="readingOrder {index:7;}">
                <Coords points="2128,1803 2141,1803 2145,1835 2129,1836"/>
                <Baseline points="2135,1823 2143,1823"/>
                <TextEquiv>
                    <Unicode>und ward demnach zu Erst hervorgelaßen</Unicode>
                </TextEquiv>
            </TextLine>
            <TextLine id="line_1687010688968_343" custom="readingOrder {index:8;} person {offset:41; length:4; continued:true;}">
                <Coords points="2070,2083 2137,2086 2135,2090 2133,2143 2073,2160"/>
                <Baseline points="2078,2126 2133,2126"/>
                <TextEquiv>
                    <Unicode>R. In erseye ein buchsenschmit, und habe das¬</Unicode>
                </TextEquiv>
            </TextLine>
            <TextLine id="line_1687010688969_345" custom="readingOrder {index:9;}">
                <Coords points="2066,2201 2131,2201 2130,2257 2067,2261"/>
                <Baseline points="2073,2244 2127,2243 2130,2242"/>
                <TextEquiv>
                    <Unicode>2. Ob Er sein handwert alle Zeit getriben, und warfür</Unicode>
                </TextEquiv>
            </TextLine>
            <TextLine id="line_1687010688969_346" custom="readingOrder {index:10;}">
                <Coords points="2129,2262 2128,2297 2128,2263"/>
                <TextEquiv>
                    <Unicode>arbeit Er Jederweillen gemacht habe?</Unicode>
                </TextEquiv>
            </TextLine>
            <TextLine id="line_1687010688970_349" custom="readingOrder {index:11;}">
                <Coords points="2075,2284 2128,2302 2126,2382 2076,2369"/>
                <Baseline points="2082,2352 2127,2352"/>
                <TextEquiv>
                    <Unicode>R. Er habe dises handwerk schon lang getriben</Unicode>
                </TextEquiv>
            </TextLine>
            <TextEquiv>
                <Unicode>161
anbey
Überkeitlichen befelchs Mehhen. H. Heimlicher
besren
Landvögten zu Trachselwald und Signann
zu oberkeitlichen banden allher gesandte falsche
und Anwendung der Marter zu Examinieren
und ward demnach zu Erst hervorgelaßen
R. In erseye ein buchsenschmit, und habe das¬
2. Ob Er sein handwert alle Zeit getriben, und warfür
arbeit Er Jederweillen gemacht habe?
R. Er habe dises handwerk schon lang getriben</Unicode>
            </TextEquiv>
        </TextRegion>
        <TextRegion orientation="0.0" type="paragraph" id="TextRegion_1687010729959_371" custom="readingOrder {index:2;} structure {type:paragraph;}">
            <Coords points="2122,1077 2608,1086 3170,1073 3170,1817 2144,1828 2129,1701"/>
            <TextLine id="r1l3" custom="readingOrder {index:0;}">
                <Coords points="2144,1192 2340,1137 2418,1169 2537,1142 2767,1176 2818,1146 3113,1174 3163,1148 3162,1084 3108,1055 3022,1100 2861,1071 2807,1111 2143,1063"/>
                <Baseline points="2151,1154 2201,1149 2251,1147 2301,1145 2352,1143 2402,1142 2452,1142 2502,1142 2553,1142 2603,1142 2653,1143 2703,1143 2754,1143 2804,1145 2854,1145 2904,1145 2955,1143 3005,1143 3055,1142 3105,1140 3156,1137"/>
                <TextEquiv>
                    <Unicode>en gen Januarij 1713. habens zufolg.</Unicode>
                </TextEquiv>
            </TextLine>
            <TextLine id="line_1687010688961_330" custom="readingOrder {index:1;}">
                <Coords points="2123,1189 2342,1139 2501,1181 2558,1144 3020,1177 3077,1146 3111,1173 3170,1150 3171,1213 2984,1211 2910,1246 2702,1208 2124,1234"/>
                <Baseline points="2124,1225 2173,1220 2225,1215 2277,1211 2329,1208 2381,1206 2433,1205 2486,1205 2538,1205 2590,1205 2642,1206 2694,1206 2746,1208 2798,1209 2851,1209 2903,1209 2955,1209 3007,1209 3059,1207 3111,1205 3164,1200"/>
                <TextEquiv>
                    <Unicode>Überkeitlichen befelchs Mehhen. H. Heimlicher</Unicode>
                </TextEquiv>
            </TextLine>
            <TextLine id="r1l5" custom="readingOrder {index:2;} person {offset:0; length:4;}">
                <Coords points="2141,1296 2758,1260 3045,1283 3177,1265 3177,1220 2803,1245 2672,1208 2544,1244 2140,1215"/>
                <Baseline points="2148,1283 2199,1278 2250,1274 2301,1272 2352,1269 2403,1267 2454,1266 2505,1265 2556,1263 2607,1263 2659,1262 2710,1262 2761,1262 2812,1262 2863,1260 2914,1260 2965,1260 3016,1259 3067,1257 3118,1256 3170,1254"/>
                <TextEquiv>
                    <Unicode>Roht und H. keimlicher Sinner mit zuzeuchung</Unicode>
                </TextEquiv>
            </TextLine>
            <TextLine id="r1l6" custom="readingOrder {index:3;}">
                <Coords points="2133,1371 2266,1335 2324,1368 2459,1319 2732,1324 2793,1362 3132,1306 2725,1261 2132,1311"/>
                <Baseline points="2139,1343 2188,1336 2237,1332 2286,1328 2336,1325 2385,1323 2434,1321 2484,1320 2533,1319 2582,1318 2632,1317 2681,1317 2730,1317 2779,1316 2829,1316 2878,1315 2927,1314 2977,1313 3026,1311 3075,1308 3125,1305"/>
                <TextEquiv>
                    <Unicode>Ihr Sndl. dieners Modhl Großreibel¬</Unicode>
                </TextEquiv>
            </TextLine>
            <TextLine id="r1l7" custom="readingOrder {index:4;}">
                <Coords points="2132,1391 2231,1421 2314,1381 2578,1411 2693,1364 2769,1414 2807,1384 2926,1410 3159,1382 3157,1319 2931,1353 2898,1324 2698,1349 2487,1322 2319,1368 2218,1335 2131,1372"/>
                <Baseline points="2139,1395 2189,1391 2240,1386 2290,1383 2341,1380 2392,1378 2442,1376 2493,1376 2544,1374 2594,1373 2645,1373 2696,1373 2746,1371 2797,1371 2848,1371 2898,1370 2949,1370 3000,1368 3050,1367 3101,1365 3152,1362"/>
                <TextEquiv>
                    <Unicode>Vurstembergers sich in die gefangenschafft</Unicode>
                </TextEquiv>
            </TextLine>
            <TextLine id="r1l8" custom="readingOrder {index:5;}">
                <Coords points="2297,1415 2304,1415 2307,1420 2314,1422 2315,1420 2319,1422 2330,1420 2333,1422 2346,1412 2354,1413 2356,1396 2349,1395 2343,1399 2334,1391 2327,1393 2316,1382 2312,1382 2306,1387 2300,1386"/>
                <Baseline points="2304,1409 2348,1413"/>
                <TextEquiv>
                    <Unicode>mmt</Unicode>
                </TextEquiv>
            </TextLine>
            <TextLine id="r1l9" custom="readingOrder {index:6;}">
                <Coords points="2143,1492 2594,1421 3003,1445 3100,1397 2759,1409 2718,1376 2582,1411 2140,1411"/>
                <Baseline points="2148,1451 2195,1446 2242,1443 2289,1439 2337,1436 2384,1433 2431,1431 2478,1429 2526,1428 2573,1427 2620,1425 2667,1425 2715,1424 2762,1424 2809,1422 2856,1422 2904,1421 2951,1419 2998,1418 3045,1416 3093,1413"/>
                <TextEquiv>
                    <Unicode>begeben, daselbsten die von denen Herren</Unicode>
                </TextEquiv>
            </TextLine>
            <TextLine id="line_1687010688962_332" custom="readingOrder {index:7;} place {offset:14; length:12;} person {offset:31; length:7;}">
                <Coords points="2126,1475 2179,1489 2265,1454 2878,1426 3113,1441 3115,1490 2987,1475 2932,1512 2665,1481 2600,1512 2536,1486 2127,1524"/>
                <Baseline points="2127,1505 2161,1503 2211,1500 2261,1499 2311,1496 2360,1494 2410,1492 2460,1490 2510,1487 2559,1486 2609,1484 2659,1482 2709,1480 2758,1479 2808,1476 2858,1474 2908,1472 2957,1470 3007,1468 3057,1466 3107,1463"/>
                <TextEquiv>
                    <Unicode>Landvögten zu Trachselwald und Signann</Unicode>
                </TextEquiv>
            </TextLine>
            <TextLine id="line_1687010688963_334" custom="readingOrder {index:8;}">
                <Coords points="2127,1514 2299,1536 2353,1500 2435,1522 2553,1485 2689,1527 2801,1481 2963,1517 3037,1480 3157,1485 3159,1527 3034,1562 2926,1533 2817,1575 2187,1549 2127,1578"/>
                <Baseline points="2129,1556 2180,1556 2231,1556 2282,1554 2333,1554 2384,1553 2435,1551 2487,1550 2538,1548 2589,1546 2640,1544 2691,1542 2742,1540 2793,1538 2845,1536 2896,1534 2947,1532 2998,1529 3049,1527 3100,1526 3152,1523"/>
                <TextEquiv>
                    <Unicode>zu oberkeitlichen banden allher gesandte falsche</Unicode>
                </TextEquiv>
            </TextLine>
            <TextLine id="r1l12" custom="readingOrder {index:9;}">
                <Coords points="2138,1608 2292,1636 2723,1601 2762,1635 2807,1601 2858,1624 3169,1582 3168,1534 3028,1563 2911,1533 2817,1575 2618,1548 2469,1588 2194,1553 2138,1581"/>
                <Baseline points="2145,1605 2195,1605 2246,1607 2297,1607 2348,1607 2399,1607 2450,1607 2500,1605 2551,1604 2602,1602 2653,1601 2704,1599 2755,1598 2806,1595 2856,1593 2907,1590 2958,1589 3009,1587 3060,1584 3111,1583 3162,1580"/>
                <TextEquiv>
                    <Unicode>Munzer über dero bereits gethane bekant¬</Unicode>
                </TextEquiv>
            </TextLine>
            <TextLine id="r1l13" custom="readingOrder {index:10;}">
                <Coords points="2147,1668 2684,1675 2944,1643 3135,1672 3133,1607 3078,1596 2891,1629 2687,1601 2444,1642 2146,1636"/>
                <Baseline points="2153,1658 2201,1658 2250,1659 2299,1659 2348,1659 2396,1658 2445,1658 2494,1656 2543,1656 2591,1655 2640,1652 2689,1651 2738,1649 2786,1647 2835,1646 2884,1644 2933,1643 2981,1642 3030,1641 3079,1640 3128,1640"/>
                <TextEquiv>
                    <Unicode>nußen in mehrerem Ernst wortiglichen</Unicode>
                </TextEquiv>
            </TextLine>
            <TextLine id="r1l14" custom="readingOrder {index:11;}">
                <Coords points="2148,1751 2344,1746 2386,1710 3010,1691 3145,1718 3161,1655 2146,1686"/>
                <Baseline points="2153,1707 2203,1707 2253,1709 2303,1709 2353,1709 2403,1707 2453,1707 2503,1706 2553,1706 2603,1704 2654,1703 2704,1701 2754,1700 2804,1698 2854,1696 2904,1695 2954,1694 3004,1692 3054,1691 3104,1689 3155,1688"/>
                <TextEquiv>
                    <Unicode>auch den Eint und anderen mit bedramwung</Unicode>
                </TextEquiv>
            </TextLine>
            <TextLine id="line_1687010688964_337" custom="readingOrder {index:12;}">
                <Coords points="2140,1748 2520,1746 2626,1709 2724,1743 2922,1701 3152,1729 3152,1761 2974,1787 2528,1763 2452,1798 2308,1765 2141,1805 2140,1797"/>
                <Baseline points="2147,1766 2199,1766 2252,1764 2304,1764 2357,1764 2409,1763 2462,1763 2515,1761 2567,1761 2620,1761 2672,1760 2725,1759 2777,1758 2830,1757 2883,1757 2935,1755 2988,1755 3040,1754 3093,1754 3146,1752"/>
                <TextEquiv>
                    <Unicode>und Anwendung der Marter zu Examinieren</Unicode>
                </TextEquiv>
            </TextLine>
            <TextLine id="line_1687010688965_338" custom="readingOrder {index:13;}">
                <Coords points="2141,1803 2315,1806 2409,1765 2452,1798 2650,1767 3147,1778 3147,1813 2903,1846 2847,1816 2506,1856 2392,1823 2145,1835"/>
                <Baseline points="2143,1823 2185,1823 2235,1823 2285,1821 2336,1821 2386,1821 2436,1820 2486,1820 2537,1820 2587,1818 2637,1818 2687,1817 2738,1817 2788,1815 2838,1814 2888,1812 2939,1811 2989,1809 3039,1806 3089,1804 3140,1802"/>
                <TextEquiv>
                    <Unicode>und ward demnach zu Erst hervorgelaßen</Unicode>
                </TextEquiv>
            </TextLine>
            <TextEquiv>
                <Unicode>en gen Januarij 1713. habens zufolg.
Überkeitlichen befelchs Mehhen. H. Heimlicher
Roht und H. keimlicher Sinner mit zuzeuchung
Ihr Sndl. dieners Modhl Großreibel¬
Vurstembergers sich in die gefangenschafft
mmt
begeben, daselbsten die von denen Herren
Landvögten zu Trachselwald und Signann
zu oberkeitlichen banden allher gesandte falsche
Munzer über dero bereits gethane bekant¬
nußen in mehrerem Ernst wortiglichen
auch den Eint und anderen mit bedramwung
und Anwendung der Marter zu Examinieren
und ward demnach zu Erst hervorgelaßen</Unicode>
            </TextEquiv>
        </TextRegion>
        <TextRegion orientation="0.0" type="heading" id="TextRegion_1687010737000_376" custom="readingOrder {index:3;} structure {type:heading;}">
            <Coords points="2144,1828 3170,1817 3170,1891 2517,1898 2152,1895"/>
            <TextLine id="r1l18" custom="readingOrder {index:0;} person {offset:0; length:13;}">
                <Coords points="2327,1925 2486,1895 2542,1921 2566,1902 2666,1922 2747,1891 2823,1918 2851,1893 2941,1913 3000,1894 2999,1850 2922,1830 2891,1859 2789,1824 2727,1853 2588,1860 2562,1842 2465,1870 2404,1833 2326,1827"/>
                <Baseline points="2334,1899 2368,1898 2403,1898 2416,1897"/>
                <TextEquiv>
                    <Unicode>Dacob Inngold der Vatter</Unicode>
                </TextEquiv>
            </TextLine>
            <TextLine id="line_1687010737175_379" custom="readingOrder {index:1;}">
                <Coords points="2276,1868 2283,1866 2287,1868 2289,1864 2291,1865 2295,1861 2303,1859 2313,1896 2284,1896"/>
                <TextEquiv>
                    <Unicode></Unicode>
                </TextEquiv>
            </TextLine>
            <TextEquiv>
                <Unicode>Dacob Inngold der Vatter
</Unicode>
            </TextEquiv>
        </TextRegion>
        <TextRegion orientation="0.0" type="paragraph" id="TextRegion_1687010737000_375" custom="readingOrder {index:4;} structure {type:paragraph;}">
            <Coords points="2152,1895 2517,1898 3170,1891 3170,2470 2123,2470 2135,2090 2170,2035"/>
            <TextLine id="line_1687010688966_340" custom="readingOrder {index:0;}">
                <Coords points="2155,2058 2155,2087 2139,2082"/>
                <TextEquiv>
                    <Unicode>besren</Unicode>
                </TextEquiv>
            </TextLine>
            <TextLine id="line_1687010737175_378" custom="readingOrder {index:1;}">
                <Coords points="2284,1896 2313,1896 2319,1915 2309,1918 2300,1916 2297,1920 2292,1921"/>
                <Baseline points="2295,1908 2309,1904"/>
                <TextEquiv>
                    <Unicode></Unicode>
                </TextEquiv>
            </TextLine>
            <TextLine id="r1l20" custom="readingOrder {index:2;} place {offset:13; length:10;}">
                <Coords points="2165,1975 2247,1946 2705,1969 2830,1941 2917,1977 3127,1946 3126,1905 3041,1884 2924,1915 2746,1891 2640,1927 2490,1896 2164,1919"/>
                <Baseline points="2171,1946 2218,1947 2265,1947 2313,1947 2360,1947 2408,1947 2455,1947 2503,1946 2550,1946 2598,1944 2645,1943 2692,1941 2740,1941 2787,1939 2835,1938 2882,1937 2930,1935 2977,1934 3025,1934 3072,1932 3120,1932"/>
                <TextEquiv>
                    <Unicode>gebürtig von Lauperswyl seines alters</Unicode>
                </TextEquiv>
            </TextLine>
            <TextLine id="r1l21" custom="readingOrder {index:3;}">
                <Coords points="2183,2026 2255,2013 2279,2026 2298,2008 2318,2024 2371,2004 2420,2026 2481,2003 2540,2024 2577,2003 2609,2021 2700,1995 2699,1958 2669,1955 2610,1974 2574,1958 2540,1970 2513,1950 2470,1966 2367,1953 2318,1961 2293,1986 2236,1953 2213,1969 2182,1956"/>
                <Baseline points="2190,2004 2215,2003 2240,2001 2265,2001 2290,2001 2315,2000 2340,2000 2366,2000 2391,2000 2416,2000 2441,1998 2466,1998 2491,1998 2516,1997 2542,1997 2567,1995 2592,1995 2617,1994 2642,1992 2667,1990 2693,1988"/>
                <TextEquiv>
                    <Unicode>ohngefehrd by 55. Jahren</Unicode>
                </TextEquiv>
            </TextLine>
            <TextLine id="r1l22" custom="readingOrder {index:4;}">
                <Coords points="2184,2086 2263,2102 2341,2064 2412,2088 2488,2053 2620,2071 2723,2043 2876,2075 2872,1990 2815,2020 2755,1987 2519,2033 2486,2007 2440,2032 2385,2013 2181,2024"/>
                <Baseline points="2190,2061 2223,2061 2257,2060 2291,2060 2325,2059 2359,2058 2393,2057 2426,2055 2460,2054 2494,2052 2528,2051 2562,2049 2596,2047 2630,2044 2663,2043 2697,2042 2731,2039 2765,2037 2799,2034 2833,2033 2867,2031"/>
                <TextEquiv>
                    <Unicode>ob Er ein handwerk könne?</Unicode>
                </TextEquiv>
            </TextLine>
            <TextLine id="line_1687010688967_342" custom="readingOrder {index:5;} person {offset:41; length:4; continued:true;}">
                <Coords points="2137,2086 2437,2103 2514,2053 2607,2096 2880,2029 3143,2071 3145,2129 3029,2103 2972,2135 2645,2116 2525,2146 2447,2116 2327,2160 2199,2125 2133,2143 2135,2090"/>
                <Baseline points="2133,2126 2189,2126 2245,2126 2300,2124 2356,2123 2412,2120 2468,2117 2523,2115 2579,2112 2635,2110 2691,2107 2746,2105 2802,2103 2858,2102 2914,2100 2969,2100 3025,2100 3081,2102 3137,2103"/>
                <TextEquiv>
                    <Unicode>R. In erseye ein buchsenschmit, und habe das¬</Unicode>
                </TextEquiv>
            </TextLine>
            <TextLine id="r1l25" custom="readingOrder {index:6;} person {offset:0; length:8; continued:true;}">
                <Coords points="2139,2216 2968,2167 2966,2122 2929,2117 2818,2148 2389,2131 2297,2165 2233,2133 2137,2156"/>
                <Baseline points="2145,2189 2185,2189 2226,2187 2267,2186 2308,2186 2349,2184 2389,2182 2430,2181 2471,2180 2512,2178 2553,2177 2593,2175 2634,2174 2675,2172 2716,2170 2757,2168 2797,2166 2838,2165 2879,2163 2920,2162 2961,2160"/>
                <TextEquiv>
                    <Unicode>Landwerk von ihme selber erlehrnt</Unicode>
                </TextEquiv>
            </TextLine>
            <TextLine id="line_1687010688969_344" custom="readingOrder {index:7;}">
                <Coords points="2131,2201 2713,2210 3055,2141 3158,2159 3160,2222 2776,2264 2635,2231 2130,2257"/>
                <Baseline points="2130,2242 2181,2241 2235,2240 2289,2238 2343,2237 2397,2236 2451,2235 2505,2234 2559,2232 2613,2231 2667,2229 2721,2228 2775,2227 2829,2225 2883,2223 2937,2222 2991,2220 3045,2219 3099,2216 3153,2214"/>
                <TextEquiv>
                    <Unicode>2. Ob Er sein handwert alle Zeit getriben, und warfür</Unicode>
                </TextEquiv>
            </TextLine>
            <TextLine id="line_1687010688970_347" custom="readingOrder {index:8;}">
                <Coords points="2129,2262 2955,2247 2956,2294 2862,2277 2745,2302 2688,2279 2612,2317 2129,2302 2128,2297"/>
                <Baseline points="2136,2292 2176,2292 2217,2291 2257,2291 2298,2289 2339,2288 2379,2288 2420,2286 2461,2285 2501,2283 2542,2282 2583,2281 2623,2280 2664,2279 2705,2277 2745,2277 2786,2276 2827,2276 2867,2276 2908,2276 2949,2276"/>
                <TextEquiv>
                    <Unicode>arbeit Er Jederweillen gemacht habe?</Unicode>
                </TextEquiv>
            </TextLine>
            <TextLine id="line_1687010688970_348" custom="readingOrder {index:9;}">
                <Coords points="2128,2302 2197,2326 2387,2298 2570,2328 2682,2280 2842,2324 2966,2295 3078,2325 2812,2379 2509,2343 2156,2390 2126,2382"/>
                <Baseline points="2127,2352 2131,2352 2181,2352 2230,2351 2280,2351 2329,2351 2379,2349 2428,2349 2478,2349 2527,2349 2577,2348 2626,2348 2676,2348 2725,2348 2775,2346 2824,2346 2874,2345 2923,2345 2973,2343 3022,2343 3072,2342"/>
                <TextEquiv>
                    <Unicode>R. Er habe dises handwerk schon lang getriben</Unicode>
                </TextEquiv>
            </TextLine>
            <TextLine id="r1l29" custom="readingOrder {index:10;}">
                <Coords points="2144,2423 2909,2401 3141,2430 3141,2365 2144,2388"/>
                <Baseline points="2151,2406 2200,2406 2249,2406 2298,2406 2347,2406 2396,2406 2445,2406 2495,2406 2544,2405 2593,2405 2642,2405 2691,2405 2740,2403 2789,2403 2839,2402 2888,2402 2937,2400 2986,2398 3035,2397 3084,2394 3134,2391"/>
                <TextEquiv>
                    <Unicode>und anders nichts alß biß willen auch meßer</Unicode>
                </TextEquiv>
            </TextLine>
            <TextLine id="r1l30" custom="readingOrder {index:11;}">
                <Coords points="2134,2493 2155,2494 2190,2471 2252,2482 2276,2479 2317,2455 2332,2459 2332,2421 2286,2430 2261,2422 2236,2442 2211,2438 2195,2425 2186,2430 2155,2421 2134,2432"/>
                <Baseline points="2141,2459 2167,2455 2193,2453 2219,2453 2246,2454 2272,2456 2298,2456 2325,2454"/>
                <TextEquiv>
                    <Unicode>gemacht.</Unicode>
                </TextEquiv>
            </TextLine>
            <TextEquiv>
                <Unicode>besren

gebürtig von Lauperswyl seines alters
ohngefehrd by 55. Jahren
ob Er ein handwerk könne?
R. In erseye ein buchsenschmit, und habe das¬
Landwerk von ihme selber erlehrnt
2. Ob Er sein handwert alle Zeit getriben, und warfür
arbeit Er Jederweillen gemacht habe?
R. Er habe dises handwerk schon lang getriben
und anders nichts alß biß willen auch meßer
gemacht.</Unicode>
            </TextEquiv>
        </TextRegion>
    </Page>
</PcGts>
