4032 3024
868 1189 924 1306 E.
857 1360 928 1481 .
869 1632 913 1746 E.
948 984 1912 1111 Schallenwerck glehrt kennen, habe aber be¬
935 1056 1955 1164 sonderbahr mit mit Ihra geleichet, äußert daß es
931 1116 1764 1233 ein paar mahl mit Ihra über nacht gsin
941 1204 1927 1330 Ob es nit ohnlängsten mit der Tschiffelenen
929 1286 1477 1382 zu Kilchlindach gewesen?
945 1364 1888 1479 Es seye umb verschinne WiehnachtZeit zu
917 1429 1908 1544 Lilchlindach Stesen und daselbsten zweymahl
935 1494 1884 1585 bernacht bliben, seithero aber seye es nicht
925 1559 1341 1658 mehr dorth gewesen
937 1643 1909 1761 Ob es dann niemahl der Tschiffelenen nie¬
928 1720 1899 1824 mahlen hab helffen stählen, oder selbsten allein
926 1781 1276 1881 etwas genommen
926 1863 1914 1968 Mein Es habe sich allwegen Ehrlich und fromb¬
913 1934 1881 2027 gehalten, und werde kein Menschsagen daß es
932 2000 1764 2097 eines Freutzers wehrts entwendt habe.
904 2078 1895 2204 Nachdeme nun diesers Mensch gantz und gar
916 2158 1811 2269 keines diebstahls gestendig seyn wollen ward
911 2231 1665 2331 selbiges wider an sein ohrt geführt.
855 979 907 1080 10
2390 966 2803 1057 Anna Waßer
2023 1001 2113 1072 141
2143 1041 3138 1148 Gleichen Tags ward auch durch Muhhl. Ena¬
2027 1068 2115 1090 141
2148 1096 3135 1190 minatoren vorgemeltes Anni Waßer von
2154 1164 3169 1257 Schonbrunnen der Kilchöri Waldkringen seines
2143 1214 3137 1319 Alters bey 35. Jahren examiniert und dem
2145 1277 2455 1379 nach befragdt
2143 1329 3127 1436 Wie manchmahl es alhier im Schallenwerck
2143 1418 2221 1495 9sin
2188 1475 2406 1587 Viermahl
2839 1559 2953 1640 alhier
2174 1584 3166 1705 Ob es nit vor etwelchen Jahren außgeschmeitze
2145 1660 3111 1771 und von Ihr Gnl. Statt und Landt verwiesen
2143 1735 2293 1810 worden
2158 1775 3171 1903 Ja es seye außgeschmeitzt und verwiesen worden
2143 1919 3149 2041 E. Warumb es dann Widrumb Mr ghl. Landt
2143 2018 2326 2088 betretten
2174 2055 3154 2177 Sein Mann Peter Zougg von Stäffis Burg seye
2154 2132 3162 2238 aran die Ursach, selbiger seye zu Ihm gan basel
2143 2179 3171 2293 komen, und Ihns bewegt, daß es von seinem Meister
2143 2255 3125 2361 demin es dorthen gedienet, hinweg gangen, welcher
2932 2316 3093 2409 Ihub
2140 1075 2143 1149 Gleichen Tags ward auch durch Muhhl. Ena¬
2057 1621 2142 1723 E
2084 1811 2135 1877 A.
2143 1266 2143 1273 Alters bey 35. Jahren examiniert und dem
2093 1866 2131 1921 2
2123 1357 2143 1437 Wie manchmahl es alhier im Schallenwerck
2141 1439 2143 1449 9sin
2075 2064 2137 2191 A
2136 1748 2143 1801 worden
2067 1932 2143 2053 E. Warumb es dann Widrumb Mr ghl. Landt
2137 2030 2143 2083 betretten
2137 2230 2143 2275 komen, und Ihns bewegt, daß es von seinem Meister
2053 2278 2143 2322 demin es dorthen gedienet, hinweg gangen, welcher
