4032 3024
911 1381 972 1476 E
963 1085 974 1166 hernach gezeigt
934 1174 975 1273 E. Wie es mit denen kettenen zugangen
968 1255 975 1298 so mann Unlengsten zu Urtenen hinder Ihme
968 1298 975 1378 gefunden, Ob selbige nit gestohlen seyend
974 1449 976 1502 von seinem Bruder bekommen, so in der Aaren
967 1681 977 1731 Vnd bekennen Wie Er ohnlengsten auß der
967 1730 978 1816 Gefangenschafft kommen, und Wer Ihme herauß
976 1798 978 1854 geholfen.
970 1860 979 1926 Er habe mit Einem Meßer so Er bey Ihme ge¬
967 1921 979 1992 habt durchs Gätter durch den Kalch umb die
975 1980 979 2047 hißen an den Eisenen Klöben Weg gemacht, so daß
977 2044 980 2091 nach langen Grüblen die bißen und Klöben
973 2153 980 2191 wegen einen Kloben ledig machen können; alß
977 2198 980 2238 nun die Klöben auff der Einten seithen ledig ge¬
904 1858 976 1955 d
983 955 1915 1060 Vann Er dieses Gat nächer besichtiget hätte
1008 1032 1996 1145 daß es Villeicht mit das Jenige ghi seyt, so mann
974 1091 1285 1186 hernach gezeigt
974 1174 1931 1277 E. Wie es mit denen kettenen zugangen
975 1237 1959 1331 so mann Unlengsten zu Urtenen hinder Ihme
975 1286 1846 1384 gefunden, Ob selbige nit gestohlen seyend
1006 1368 1971 1473 Nein selbige seyend nit gestohlen, Er habe Sie
976 1438 1930 1527 von seinem Bruder bekommen, so in der Aaren
983 1492 1200 1572 ertruncken
978 1575 1905 1695 Er solle nun auch in treunten anzeigen
977 1657 1917 1752 Vnd bekennen Wie Er ohnlengsten auß der
977 1715 1952 1812 Gefangenschafft kommen, und Wer Ihme herauß
978 1787 1197 1866 geholfen.
978 1830 1944 1949 Er habe mit Einem Meßer so Er bey Ihme ge¬
979 1903 1923 2002 habt durchs Gätter durch den Kalch umb die
979 1959 1948 2050 hißen an den Eisenen Klöben Weg gemacht, so daß
979 2015 1935 2090 nach langen Grüblen die bißen und Klöben
984 2072 1953 2146 00s worden. In zweyen nachten habe Er all¬
980 2130 1915 2206 wegen einen Kloben ledig machen können; alß
980 2198 1898 2276 nun die Klöben auff der Einten seithen ledig ge¬
1720 2257 1860 2346 Wesen
2210 961 3180 1094 Wesen, habe Er mit Wenigen Gewaldt, die
2206 1052 3243 1128 kloben auß der Anderen seithen Außgetruckt
2210 1119 3210 1206 und das Gatter mit seinem halbtuch oben ange¬
2202 1167 3177 1267 Bunden. Volgendt habe Er am Montag Mo¬
2201 1229 3208 1326 gends zwuschen zwey undt drey Vhren sich hin
2214 1284 3198 1374 under gelaßen, und seye die Statt ab, in das
2197 1347 3210 1438 Schützen gäßlin gangen, daselbsten in den
2219 1411 3210 1503 h. h.) ehegraben gestigen und darinn biß frey
2205 1469 2769 1566 tag morgends Verbliben
2202 1503 3175 1629 Auf Gefragen Wormit Er sich in zwuschen
2210 1600 3127 1701 erhalten, und waß Er zu Eßen gehabt habe.
2197 1656 3176 1780 Sagdte Er, daß Er zween bitzen brodt so Er
2206 1724 3172 1836 in der Refi express darzu auf gespahrt, ge¬
2200 1795 3192 1899 habt, welche Er geßen und darmit sich erhalten
2140 1872 3051 1989 E. Wo Er hernach Weiters hinkomen
2186 1949 3198 2082 E. Am Freytag morgends fruhe, seye Er zum
2197 2045 3192 2137 Anderen Thor auß auf Münsigen gegen Chum
2195 2108 3143 2200 zu gangen, Vnderwegs zu Rubigen habe Er¬
2188 2163 3184 2272 Einen schwartzen Rittel den Er gehabt, einem
2182 2229 3167 2342 Kerl umb 9. b. verkaufft, und von diesem
2974 2296 3104 2374 Geldt
2098 976 2179 1061 57
