4032 3024
1026 151 1655 334 Vff mit wuchenn Vltr
1034 250 1654 404 Octobris iß 1676t Ja
1053 322 1663 500 presentibus herrn grosse
1009 403 1677 577 els Joder Bitzurs, vnd
1089 489 1643 627 miner 8 hr Weybel
1079 546 1196 677 Ist
1077 664 1668 815 sbith Schnyder von
1087 779 1667 906 Hertzogenbuchs purtig
941 911 1682 1063 Inn der frouwen fhrfie
941 1007 1688 1124 ursachen diser ir gefangen.
997 1078 1665 1198 schafft ✳ unnd was sy miß
995 1149 1674 1265 handlet, das sy zu sonen
989 1222 1665 1335 vencklich inzogen wordenn
987 1295 1685 1405 befragt unnd drepammert
1008 1355 1694 1457 deß Ernstlichen Vermanens,
1008 1425 1656 1524 grund der warzeit zube
1428 1480 1704 1590 daruff sy
1009 1506 1212 1592 kennen,
1016 1523 1704 1666 anzeigt unnd bekent, noch
1014 1634 1697 1738 dem sy unguarlich vor ein
1019 1692 1703 1821 liff Jaren von irem beman
1031 1758 1694 1882 den sy gnommen ✳ alls sy dru
1018 1827 1682 1949 jar lang by Feyrn Peter
1043 1867 1724 2011 von Werd gedienet) vonn väle
1019 1941 1722 2059 wären, so sie begangen, der
1032 2018 1715 2130 halb rechtlich gescheiden wor¬
1034 2068 1708 2207 denn sye sy sider jar ✳ beyder
1025 2160 1691 2275 im ellend liederlichenn
1024 2197 1720 2334 vnnd sundtlichen läben umb
1019 2249 1728 2403 her zogen sich mertheil zyb
1042 2342 1682 2456 mit spinnen ✳ unnd kunft de
1026 2402 1718 2526 sunsuns beholffenn unnd
1045 2469 1705 2575 erihert ouch hiezwüstgenn
1018 2538 1688 2670 zu Faßle inn Wyßlannd
2407 165 2489 242 49
1727 169 2464 314 by Easpar an der Egck, noch ein
1746 269 2477 379 uneeelich khins uberkhomen unnd
1745 334 2495 444 ietz letstlichen inn delbodenn ✳ da
1765 401 2495 524 sy gspunnen, vonn einem wolhabt
1764 468 2484 568 enden Landman, so ein witt¬
1785 532 2481 660 ling ✳ des khinds ✳ so sy unnder
1783 605 2503 710 dem hertzen trag geschwängert
1787 681 2502 804 des wagen sy verschinnen men¬
1769 757 2517 855 tags vier wuchen gsiin, da dannen
1799 816 2542 939 gan sanen zogen willens da¬
1811 887 2520 996 selbst etwan biderben luthen, wo
1808 963 2526 1077 sy es funde ze spinnen unnd als
1807 1040 2498 1144 sy zu sanen nützit erfragen
1781 1104 2507 1224 kkönnen sye sy inn willen kom
1812 1178 2503 1279 men hininn die an die lon¬
1807 1237 2464 1338 wenen zegand, underwäsen
1801 1302 2512 1421 habe sy daselbst ein viertele
1820 1365 2495 1498 wyns unnd ein brot khoufft
1822 1434 2532 1547 vnd grnossen, demnach fürzog
1819 1515 2519 1620 en unnd volgendts zu eines
1799 1562 2529 1671 Landmans huß kkommen, dar
1799 1634 2535 1766 inn etwas gastumg oder alls
1829 1704 2479 1818 sy es nemmen) ein kind beth
1837 1760 2535 1883 gewäßen, da die luth versungen
1822 1829 2559 1928 vnnd guter dingen gsyn, in
1832 1881 2545 2003 dem sey ouch inn allem guten
1823 1968 2548 2085 in das selbig husz gangen inn
1845 2030 2555 2134 meynung daselbst ubernacht
1838 2091 2564 2210 zu blyben, doch sich besutt ✳ und
1858 2155 2588 2273 sich wyther uff die straß görben
1863 2228 2580 2345 wellen unnd alls sy für das
1858 2293 2576 2392 huß gmuß khommen, syyent jra
1862 2347 2529 2466 etlich noch guolget und sy
1861 2414 2589 2530 befragt, wo sy ir man habe,
1854 2485 2602 2603 zu denen sy schiupfflicher ✳ und
1841 2551 2580 2674 unbesinter wysz sy prochenn
