4032 3024
998 103 1738 235 doch der sy schwanng
1079 157 1744 308 gsynn ger ent dem bi
1076 230 1724 338 ganne sye  Bittet
1016 277 1706 399 umb gtadist ge¬
1076 347 1542 435 thünbtt wordenn
1058 395 1740 528 Ist ußgelaßen, unnd mit den
1040 463 1748 587 fnys us miner gy fr. statt
1037 547 1738 659 faund unnd gepigt verwisen
1112 607 1733 738 worden, actum 1i9 februari
1019 673 1373 770 Anno 1577
1129 953 1508 1094 Odm
984 1095 1750 1221 Trasentibus Herrn Wolff
1046 1173 1760 1274 Meyen deß Rhats, Hanns Gfellers
1038 1237 1746 1341 der Burgern Joder Bitziles groß
1077 1287 1758 1395 weybels unnd der Weybler anner
1065 1357 1320 1448 ge herren
1019 1451 1763 1578 Ist Elsbeth buttschman von S
1067 1532 1742 1618 lothurn wurtig, Peter zenders den
1023 1584 1741 1670 Sattlers zu Buiren erfrouw
1074 1653 1752 1728 Inn Bittlingers thurn, nach so
1036 1702 1757 1777 fender sachen befragt und ira t
1043 1741 1758 1816 ghalten, alls dann sey von mengshi
1052 1795 1767 1872 dem zu Buren der fäpery verschren
1059 1839 1759 1928 vnd verlumbdet, vnd sonderlich de
1052 1892 1742 1967 alls er jeman etwan und zwey
1051 1946 1758 2035 malnt nachts spat heimkommen,
1054 1992 1758 2082 zu fra au een ruw leggen wöllen
1069 2041 1767 2130 und inne bedunckt, das etwas
1041 2092 1748 2181 by fra ligge sy deßhalben wärb
1028 2149 1746 2232 fra sye befragt, das sy ime
1037 2192 1764 2282 zu antwürt gäben habe, der schi
1037 2248 1769 2327 ouch darüber ab dem beth ges
1046 2278 1764 2379 gen zu der thuren hinuff glüchen
1037 2339 1765 2443 unnd gsprochen, sye wölte lih
1037 2379 1754 2498 mit dem bösten geist zeschaffen
1033 2459 1662 2567 haben, dann nit inn
2396 98 2465 170 15
1804 102 2513 228 Auch dem bösten geist daruff
1841 176 2478 271 gerufft taben das er
1815 240 2512 323 btekommen und sy nämmen, dann
1821 292 2526 388 sy wüße wol, das sy syn syen
1815 332 2525 459 Deswägen sy ernstlich vermant
1811 399 2472 506 vor aller marther gpund der
1826 466 2507 568 warheit darüber zubethennen
1806 514 2525 619 daruff sy Ir Verantwurttung
1793 594 2526 704 Also dargethan, wie jetz verschin¬
1821 649 2517 737 uns herrsts vi jar geyn das
1824 692 2529 799 edacht er er Remalt zu schnott
1814 749 2548 853 wil an der kilchwych zwen gantz
1818 811 2523 918 tag namlich den sontag und mon
1826 872 2477 979 ah hinwäg gwäsen unnd erst
1815 929 2482 1028 am montag znacht spat sein
1794 986 2528 1089 kommen, sy gfragt wär by fro
1825 1056 2542 1159 ligge, ouch mit dem gwer vnder
1806 1106 2460 1203 das fußi gestochen, vnnd
1837 1157 2485 1254 unst wüst mit fragmacht
1812 1212 2529 1338 doch letstlich sich zu Ira nider glegen
1823 1282 2469 1397 Morndis alle er aber hinwäg
1834 1324 2535 1464 gangen unnd spat sein kommen,
1826 1402 2505 1502 sy befragt, ob er by fra liggen
1836 1466 2535 1546 sölte, hab sy ime geantwurt
1819 1511 2510 1612 ja, so er aber so foldsäbig syn
1840 1564 2501 1653 wölte, alls er die vorgende
1845 1613 2502 1725 nacht gsyn sye,. daruff er
1828 1670 2507 1784 nider gangen sya geschlachen ge¬
1814 1726 2544 1834 kleint, gebissen, vnd vnder an
1830 1778 2520 1876 dern dermassen synen willen
1848 1830 2535 1916 mit fra volbracht das sya
1837 1882 2496 1991 letstlich zu imegesprochen,
1810 1925 2515 2045 vnnd Ira Vssher entwuttscht
1846 2001 2514 2100 Was zum tuffel er fur ein
1845 2034 2563 2147 man siye, das er also grob mit im
1842 2103 2560 2214 handlette, Vff welches er sy ge¬
1849 2149 2566 2269 fragt, dcsyspräche, das sy lie
1843 2200 2571 2323 ber by dem bösten geist, dann by iur
1830 2262 2543 2381 liggen wölte, daruff syime ge¬
1841 2308 2570 2412 antwurttet, es wäre schier dhem
1842 2370 2583 2477 wunder, das sy es sagte fnan
1852 2415 2575 2554 ächen, das er also mit ira vber
2523 1854 2559 1935 8
2517 927 2566 1040 19
